2007.08.01 19:00:00.295,1.1193,1.1196,1.60,13.60
2007.08.01 19:00:01.353,1.1193,1.1196,1.60,5.60
2007.08.01 19:00:01.653,1.1193,1.11965,1.60,13.60
2007.08.01 19:00:02.139,1.1192,1.11965,7.20,21.50
2007.08.01 19:00:02.887,1.1192,1.1196,5.60,13.50
2007.08.01 19:00:03.318,1.11915,1.1196,5.60,21.50
2007.08.01 19:00:05.054,1.1191,1.1195,8.80,0.70
2007.08.01 19:00:05.757,1.1191,1.11955,8.80,21.50
2007.08.01 19:00:05.978,1.1191,1.1195,8.80,0.60
2007.08.01 19:00:06.737,1.1191,1.1196,3.20,25.50
2007.08.01 19:00:07.043,1.1191,1.1196,3.20,17.50
2007.08.01 19:00:07.217,1.119,1.1195,15.10,0.90
2007.08.01 19:00:07.334,1.119,1.1195,15.10,0.80
2007.08.01 19:00:07.422,1.119,1.1196,11.10,21.50
2007.08.01 19:00:07.745,1.1191,1.1195,1.60,0.90
2007.08.01 19:00:07.852,1.1191,1.1196,9.50,21.50
2007.08.01 19:00:07.952,1.1191,1.1196,9.50,21.50
2007.08.01 19:00:08.181,1.1191,1.1195,9.50,13.60
2007.08.01 19:00:08.411,1.1191,1.1194,9.50,0.80
2007.08.01 19:00:08.491,1.1191,1.1195,1.60,29.50
2007.08.01 19:00:08.948,1.11915,1.1194,5.60,0.70
2007.08.01 19:00:09.067,1.1191,1.1194,1.60,0.70
2007.08.01 19:00:09.447,1.1191,1.11935,1.60,0.80
2007.08.01 19:00:09.775,1.119,1.11935,11.10,0.60
2007.08.01 19:00:10.034,1.119,1.1194,11.10,0.90
2007.08.01 19:00:10.059,1.119,1.1194,3.20,0.50
2007.08.01 19:00:10.683,1.119,1.1195,3.20,25.50
2007.08.01 19:00:10.901,1.119,1.1193,3.20,0.70
2007.08.01 19:00:12.825,1.119,1.1194,1.60,21.50
2007.08.01 19:00:12.928,1.11895,1.1194,5.60,21.50
2007.08.01 19:00:13.592,1.1189,1.11965,3.20,5.00
2007.08.01 19:00:14.780,1.1189,1.1193,1.60,0.50
2007.08.01 19:00:14.839,1.1189,1.11925,1.60,0.90
2007.08.01 19:00:14.895,1.1189,1.11925,1.60,12.00
2007.08.01 19:00:15.063,1.1189,1.11925,1.60,19.90
2007.08.01 19:00:15.394,1.1189,1.1193,1.60,21.50
2007.08.01 19:00:15.760,1.1188,1.1194,1.60,0.50
2007.08.01 19:00:15.998,1.1188,1.1192,1.60,25.50
2007.08.01 19:00:17.746,1.1188,1.1194,1.60,0.90
2007.08.01 19:00:17.830,1.1188,1.1192,1.60,0.70
2007.08.01 19:00:18.233,1.1188,1.1193,7.20,25.40
2007.08.01 19:00:18.255,1.1189,1.1193,1.60,25.50
2007.08.01 19:00:18.509,1.1189,1.11925,1.60,13.60
2007.08.01 19:00:21.741,1.1189,1.11925,3.20,12.00
2007.08.01 19:00:22.360,1.1189,1.11925,3.20,0.90
2007.08.01 19:00:23.212,1.1189,1.1194,3.20,25.50
2007.08.01 19:00:23.309,1.1189,1.1194,9.50,29.50
2007.08.01 19:00:23.541,1.1189,1.1193,15.10,0.90
2007.08.01 19:00:23.727,1.1189,1.11935,7.20,25.50
2007.08.01 19:00:24.630,1.1189,1.11925,1.60,0.70
2007.08.01 19:00:24.770,1.119,1.1193,1.60,13.60
2007.08.01 19:00:24.949,1.119,1.1193,1.60,0.90
2007.08.01 19:00:25.078,1.119,1.1194,1.60,21.50
2007.08.01 19:00:27.768,1.119,1.1194,1.60,25.40
2007.08.01 19:00:28.026,1.11885,1.1193,5.60,0.90
2007.08.01 19:00:28.271,1.119,1.11935,1.60,17.50
2007.08.01 19:00:28.287,1.119,1.11935,1.60,9.60
2007.08.01 19:00:28.820,1.1189,1.11935,15.10,9.60
2007.08.01 19:00:29.336,1.119,1.1193,1.60,0.50
2007.08.01 19:00:30.814,1.1189,1.1193,7.20,13.50
2007.08.01 19:00:31.017,1.1189,1.1193,7.20,9.50
2007.08.01 19:00:31.071,1.1189,1.1193,1.60,17.50
2007.08.01 19:00:31.699,1.1189,1.1192,1.60,1.60
2007.08.01 19:00:31.896,1.1189,1.1192,1.60,5.60
2007.08.01 19:00:32.229,1.1189,1.1192,1.60,1.60
2007.08.01 19:00:32.845,1.1188,1.1192,16.70,1.60
2007.08.01 19:00:33.263,1.1189,1.11925,7.90,8.00
2007.08.01 19:00:33.550,1.1189,1.1193,13.50,5.60
2007.08.01 19:00:33.802,1.1189,1.1192,5.60,9.50
2007.08.01 19:00:33.962,1.1188,1.1192,8.80,9.50
2007.08.01 19:00:34.227,1.1188,1.1192,3.20,17.50
2007.08.01 19:00:34.314,1.1189,1.1192,1.60,9.60
2007.08.01 19:00:34.391,1.1189,1.1192,1.60,1.60
2007.08.01 19:00:34.733,1.1188,1.1192,8.80,9.50
2007.08.01 19:00:35.016,1.1188,1.1192,3.20,17.50
2007.08.01 19:00:35.265,1.1188,1.1191,1.60,1.60
2007.08.01 19:00:38.247,1.1188,1.1193,9.50,21.50
2007.08.01 19:00:38.444,1.1188,1.1193,9.50,17.50
2007.08.01 19:00:38.722,1.1188,1.11925,15.10,8.00
2007.08.01 19:00:38.806,1.11885,1.1193,5.60,21.50
2007.08.01 19:00:39.689,1.1189,1.1193,1.60,17.50
2007.08.01 19:00:40.224,1.1189,1.1192,1.60,1.60
2007.08.01 19:00:41.259,1.119,1.11925,1.60,8.00
2007.08.01 19:00:41.609,1.119,1.1193,1.60,9.50
2007.08.01 19:00:41.686,1.119,1.1192,1.60,7.90
2007.08.01 19:00:41.780,1.1188,1.1192,7.20,7.90
2007.08.01 19:00:41.928,1.1189,1.1192,5.60,7.90
2007.08.01 19:00:42.198,1.1188,1.1192,8.80,7.90
2007.08.01 19:00:43.729,1.1189,1.11925,1.60,8.00
2007.08.01 19:00:43.810,1.1189,1.1193,1.60,17.50
2007.08.01 19:00:45.123,1.1189,1.1193,7.20,9.50
2007.08.01 19:00:45.297,1.1191,1.1193,1.60,7.90
2007.08.01 19:00:45.743,1.1191,1.11935,1.60,8.00
2007.08.01 19:00:45.777,1.1191,1.1194,1.60,4.00
2007.08.01 19:00:45.806,1.1191,1.1195,1.60,21.50
2007.08.01 19:00:46.334,1.1191,1.1195,5.60,21.50
2007.08.01 19:00:46.850,1.1191,1.1195,5.60,17.50
2007.08.01 19:00:49.258,1.1191,1.1195,5.60,15.90
2007.08.01 19:00:49.528,1.1191,1.1195,11.20,7.90
2007.08.01 19:00:49.989,1.119,1.1195,24.70,7.90
2007.08.01 19:00:50.187,1.11905,1.1195,11.20,15.90
2007.08.01 19:00:50.258,1.1192,1.1195,2.40,17.50
2007.08.01 19:00:50.682,1.1192,1.1194,1.30,1.60
2007.08.01 19:00:51.306,1.11905,1.1194,11.20,1.60
2007.08.01 19:00:51.419,1.1191,1.1195,1.00,17.50
2007.08.01 19:00:51.705,1.1191,1.11945,1.30,8.00
2007.08.01 19:00:51.720,1.1191,1.11945,13.50,8.00
2007.08.01 19:00:51.885,1.1192,1.1196,9.50,5.60
2007.08.01 19:00:52.034,1.1191,1.1196,15.10,5.60
2007.08.01 19:00:52.241,1.1191,1.1196,15.10,4.00
2007.08.01 19:00:52.348,1.1192,1.1196,17.50,4.00
2007.08.01 19:00:52.566,1.1192,1.1196,23.10,12.00
2007.08.01 19:00:52.753,1.1192,1.1196,23.10,8.00
2007.08.01 19:00:52.769,1.11925,1.11965,9.60,8.00
2007.08.01 19:00:54.340,1.11925,1.11965,11.20,8.00
2007.08.01 19:00:54.748,1.1193,1.11965,4.40,8.00
2007.08.01 19:00:54.959,1.1193,1.11965,13.50,8.00
2007.08.01 19:00:55.161,1.1194,1.1197,1.40,9.60
2007.08.01 19:00:55.269,1.11895,1.1197,2.00,9.60
2007.08.01 19:00:55.434,1.11895,1.1197,2.00,1.60
2007.08.01 19:00:55.758,1.1192,1.1196,19.10,1.60
2007.08.01 19:00:56.002,1.1192,1.1196,19.10,1.60
2007.08.01 19:00:56.295,1.1192,1.1196,11.20,9.50
2007.08.01 19:00:56.385,1.1192,1.1196,4.80,13.50
2007.08.01 19:00:56.970,1.11915,1.1196,11.20,21.50
2007.08.01 19:00:57.336,1.1192,1.1196,5.60,15.90
2007.08.01 19:00:57.739,1.1192,1.1196,17.50,9.60
2007.08.01 19:00:57.836,1.11915,1.1196,17.50,8.00
2007.08.01 19:00:58.353,1.1194,1.1197,3.00,9.50
2007.08.01 19:00:59.718,1.1193,1.1197,23.10,1.60
2007.08.01 19:00:59.826,1.1194,1.11975,0.60,8.00
2007.08.01 19:01:00.157,1.11935,1.1198,11.20,21.50
2007.08.01 19:01:00.327,1.11935,1.1198,11.20,17.50
2007.08.01 19:01:01.891,1.1195,1.1198,0.80,9.60
2007.08.01 19:01:02.966,1.1194,1.1197,4.40,1.60
2007.08.01 19:01:03.871,1.1194,1.1197,4.20,1.60
2007.08.01 19:01:04.130,1.1194,1.1197,4.00,1.60
2007.08.01 19:01:05.863,1.11935,1.1196,9.60,3.20
2007.08.01 19:01:05.937,1.1193,1.1196,11.20,3.20
2007.08.01 19:01:06.585,1.11925,1.1196,11.20,3.20
2007.08.01 19:01:06.770,1.11925,1.1196,11.20,1.60
2007.08.01 19:01:10.803,1.1192,1.1196,12.80,9.50
2007.08.01 19:01:10.893,1.1192,1.1196,7.20,17.50
2007.08.01 19:01:10.915,1.1192,1.1196,3.20,17.50
2007.08.01 19:01:12.267,1.1192,1.1193,1.80,1.60
2007.08.01 19:01:12.361,1.11915,1.1193,3.20,1.60
2007.08.01 19:01:12.461,1.119,1.1193,7.20,1.60
2007.08.01 19:01:12.881,1.11895,1.1193,12.80,1.60
2007.08.01 19:01:14.228,1.119,1.1193,5.90,1.60
2007.08.01 19:01:14.325,1.1191,1.1194,1.10,8.00
2007.08.01 19:01:14.442,1.119,1.1194,19.10,8.00
2007.08.01 19:01:14.535,1.11905,1.1195,11.20,19.10
2007.08.01 19:01:14.762,1.1191,1.1195,2.20,19.10
2007.08.01 19:01:14.857,1.11905,1.1195,17.50,9.60
2007.08.01 19:01:14.944,1.11905,1.1195,13.50,9.60
2007.08.01 19:01:15.062,1.1191,1.1195,6.80,1.60
2007.08.01 19:01:15.273,1.119,1.1195,24.70,9.50
2007.08.01 19:01:15.377,1.119,1.1195,24.70,17.50
2007.08.01 19:01:18.679,1.11905,1.1195,3.20,19.10
2007.08.01 19:01:18.799,1.11905,1.1197,2.30,4.00
2007.08.01 19:01:19.502,1.119,1.11945,20.70,8.00
2007.08.01 19:01:22.712,1.119,1.1194,12.80,7.90
2007.08.01 19:01:22.829,1.119,1.1194,12.80,9.50
2007.08.01 19:01:22.882,1.119,1.1194,7.20,17.50
2007.08.01 19:01:23.760,1.119,1.1194,15.10,8.00
2007.08.01 19:01:23.917,1.119,1.11945,20.70,8.00
2007.08.01 19:01:27.300,1.1191,1.11945,1.60,8.00
2007.08.01 19:01:27.529,1.1191,1.1195,1.60,19.10
2007.08.01 19:01:28.228,1.11905,1.1195,5.60,19.10
2007.08.01 19:01:28.744,1.11905,1.1197,5.60,4.00
2007.08.01 19:01:29.070,1.119,1.11945,20.70,8.00
2007.08.01 19:01:29.260,1.119,1.11945,16.70,8.00
2007.08.01 19:01:30.310,1.119,1.11945,24.70,8.00
2007.08.01 19:01:31.274,1.1191,1.1196,11.10,15.10
2007.08.01 19:01:31.412,1.1191,1.1196,5.80,15.10
2007.08.01 19:01:32.182,1.1191,1.1195,4.00,8.00
2007.08.01 19:01:33.188,1.1191,1.11955,2.10,8.00
2007.08.01 19:01:33.927,1.11895,1.11955,25.80,8.00
2007.08.01 19:01:35.801,1.1191,1.1195,4.70,13.50
2007.08.01 19:01:35.903,1.1191,1.11945,1.60,8.00
2007.08.01 19:01:36.005,1.119,1.11945,20.70,8.00
2007.08.01 19:01:45.732,1.119,1.1194,2.20,9.50
2007.08.01 19:01:45.943,1.1189,1.1194,24.70,9.50
2007.08.01 19:01:46.282,1.1189,1.1194,20.70,13.50
2007.08.01 19:01:46.642,1.11875,1.11935,25.80,8.00
2007.08.01 19:01:46.783,1.11875,1.11935,30.80,8.00
2007.08.01 19:01:47.049,1.1189,1.1194,24.70,19.10
2007.08.01 19:01:47.316,1.1189,1.1194,24.70,17.50
2007.08.01 19:01:47.422,1.119,1.1194,2.20,17.50
2007.08.01 19:01:48.423,1.119,1.1194,5.10,9.50
2007.08.01 19:01:49.290,1.119,1.11945,24.70,8.00
2007.08.01 19:01:49.464,1.1191,1.1195,1.10,19.10
2007.08.01 19:01:49.497,1.1191,1.1195,2.60,19.10
2007.08.01 19:01:51.800,1.11905,1.1194,9.60,7.90
2007.08.01 19:01:51.989,1.119,1.1194,12.80,7.90
2007.08.01 19:01:52.124,1.1189,1.1194,24.70,7.90
2007.08.01 19:01:53.763,1.119,1.11945,24.70,8.00
2007.08.01 19:01:54.037,1.1191,1.1195,0.90,19.10
2007.08.01 19:01:54.787,1.11905,1.1194,2.40,9.50
2007.08.01 19:01:55.112,1.11895,1.1194,12.80,17.50
2007.08.01 19:01:56.280,1.11895,1.1193,9.60,7.90
2007.08.01 19:01:56.365,1.1189,1.1193,12.80,7.90
2007.08.01 19:01:57.025,1.1188,1.1193,24.70,7.90
2007.08.01 19:01:58.842,1.1189,1.1193,12.80,7.90
2007.08.01 19:01:59.331,1.1189,1.1193,4.90,7.90
2007.08.01 19:02:01.335,1.1191,1.1195,1.60,15.10
2007.08.01 19:02:01.380,1.1191,1.1195,1.60,23.10
2007.08.01 19:02:01.856,1.1191,1.1195,1.60,19.10
2007.08.01 19:02:02.796,1.11905,1.1194,5.60,7.90
2007.08.01 19:02:03.104,1.119,1.1194,7.20,7.90
2007.08.01 19:02:03.911,1.119,1.1194,5.60,15.10
2007.08.01 19:02:03.988,1.11895,1.1194,5.60,23.10
2007.08.01 19:02:04.032,1.119,1.1194,4.00,23.10
2007.08.01 19:02:04.237,1.119,1.1194,5.60,23.10
2007.08.01 19:02:04.749,1.119,1.1194,5.60,19.10
2007.08.01 19:02:06.722,1.1191,1.1194,1.60,11.20
2007.08.01 19:02:06.843,1.1191,1.1194,1.60,3.20
2007.08.01 19:02:06.928,1.1191,1.1194,5.60,3.20
2007.08.01 19:02:10.488,1.1191,1.11945,5.60,11.20
2007.08.01 19:02:15.270,1.1191,1.1195,5.60,27.10
2007.08.01 19:02:15.300,1.1191,1.1194,4.00,0.50
2007.08.01 19:02:16.238,1.119,1.1195,5.60,23.00
2007.08.01 19:02:21.308,1.119,1.1196,4.00,0.50
2007.08.01 19:02:23.698,1.119,1.1194,4.00,23.10
2007.08.01 19:02:23.836,1.119,1.11935,4.00,17.50
2007.08.01 19:02:23.908,1.1189,1.11935,12.80,17.50
2007.08.01 19:02:24.001,1.1189,1.1194,7.20,23.00
2007.08.01 19:02:27.256,1.1189,1.1194,7.20,23.10
2007.08.01 19:02:27.464,1.1189,1.1193,7.20,21.50
2007.08.01 19:02:27.571,1.1189,1.1192,5.60,0.90
2007.08.01 19:02:28.278,1.119,1.11925,4.00,9.60
2007.08.01 19:02:28.691,1.119,1.1193,4.00,19.10
2007.08.01 19:02:28.886,1.1189,1.1193,5.60,19.10
2007.08.01 19:02:29.087,1.1189,1.1193,5.60,0.80
2007.08.01 19:02:29.199,1.119,1.1194,1.60,23.00
2007.08.01 19:02:29.726,1.119,1.1193,1.60,0.90
2007.08.01 19:02:29.973,1.119,1.1194,5.60,23.10
2007.08.01 19:02:30.029,1.119,1.1193,5.60,0.70
2007.08.01 19:02:32.241,1.119,1.1193,7.20,0.50
2007.08.01 19:02:32.736,1.119,1.1193,4.00,0.50
2007.08.01 19:02:32.949,1.1189,1.1193,12.80,0.60
2007.08.01 19:02:33.037,1.1189,1.1194,7.20,23.00
2007.08.01 19:02:33.274,1.1189,1.1192,5.60,0.90
2007.08.01 19:02:33.356,1.119,1.1193,4.00,23.10
2007.08.01 19:02:33.877,1.119,1.1193,4.00,0.80
2007.08.01 19:02:33.909,1.119,1.11935,4.00,19.10
2007.08.01 19:02:33.969,1.1189,1.1193,11.20,0.70
2007.08.01 19:02:34.274,1.119,1.1193,4.00,0.70
2007.08.01 19:02:35.149,1.119,1.1194,4.00,23.00
2007.08.01 19:02:37.295,1.119,1.1193,5.60,0.60
2007.08.01 19:02:37.471,1.119,1.11935,5.60,11.20
2007.08.01 19:02:38.760,1.119,1.1193,4.00,1.60
2007.08.01 19:02:39.759,1.119,1.11935,5.60,8.00
2007.08.01 19:02:40.004,1.119,1.1196,5.60,4.00
2007.08.01 19:02:40.711,1.119,1.1193,5.60,1.60
2007.08.01 19:02:49.015,1.119,1.1194,5.60,19.10
2007.08.01 19:02:53.257,1.119,1.1193,4.00,1.60
2007.08.01 19:02:53.774,1.119,1.1193,4.00,9.50
2007.08.01 19:02:53.806,1.119,1.1193,4.00,17.50
2007.08.01 19:02:53.980,1.1189,1.1193,7.20,17.50
2007.08.01 19:02:56.660,1.11885,1.1193,12.80,17.50
2007.08.01 19:02:58.346,1.11885,1.1193,12.80,15.90
2007.08.01 19:02:59.455,1.1188,1.1193,24.70,7.90
2007.08.01 19:02:59.489,1.119,1.1193,0.80,7.90
2007.08.01 19:03:01.764,1.1189,1.1193,12.80,9.50
2007.08.01 19:03:01.879,1.1189,1.1193,7.20,17.50
2007.08.01 19:03:01.981,1.11885,1.1193,12.80,17.50
2007.08.01 19:03:07.269,1.1189,1.1193,3.90,15.90
2007.08.01 19:03:07.442,1.1188,1.1193,24.70,7.90
2007.08.01 19:03:08.423,1.119,1.1193,1.70,7.90
2007.08.01 19:03:09.634,1.1189,1.1193,12.80,7.90
2007.08.01 19:03:09.752,1.1189,1.11935,24.70,8.00
2007.08.01 19:03:09.902,1.11895,1.1194,11.20,19.10
2007.08.01 19:03:11.312,1.119,1.1193,2.40,9.50
2007.08.01 19:03:11.514,1.1189,1.1193,12.80,9.50
2007.08.01 19:03:12.133,1.1189,1.1193,2.20,17.50
2007.08.01 19:03:12.194,1.1188,1.1193,24.70,9.50
2007.08.01 19:03:12.228,1.1189,1.11935,24.70,8.00
2007.08.01 19:03:12.346,1.119,1.11935,2.10,8.00
2007.08.01 19:03:12.717,1.119,1.1194,2.20,19.10
2007.08.01 19:03:13.286,1.11895,1.1193,9.60,7.90
2007.08.01 19:03:13.682,1.1189,1.1193,12.80,7.90
2007.08.01 19:03:13.799,1.1189,1.11935,24.70,8.00
2007.08.01 19:03:13.952,1.11895,1.1194,11.20,19.10
2007.08.01 19:03:14.430,1.11895,1.1194,7.20,19.10
2007.08.01 19:03:15.250,1.119,1.1194,1.60,19.10
2007.08.01 19:03:17.197,1.1189,1.1194,24.70,19.10
2007.08.01 19:03:17.691,1.11895,1.1194,11.20,19.10
2007.08.01 19:03:18.250,1.11895,1.1193,9.60,7.90
2007.08.01 19:03:18.692,1.1189,1.1193,12.80,7.90
2007.08.01 19:03:18.791,1.1189,1.11935,24.70,8.00
2007.08.01 19:03:18.868,1.119,1.1194,1.10,19.10
2007.08.01 19:03:19.294,1.119,1.1193,1.30,9.50
2007.08.01 19:03:19.525,1.1189,1.1193,12.80,9.50
2007.08.01 19:03:19.762,1.11885,1.1193,12.80,17.50
2007.08.01 19:03:21.798,1.11885,1.1193,12.80,15.90
2007.08.01 19:03:21.901,1.1189,1.1193,7.20,15.90
2007.08.01 19:03:22.339,1.1189,1.1193,12.80,7.90
2007.08.01 19:03:25.422,1.1189,1.1193,8.80,7.90
2007.08.01 19:03:26.706,1.1189,1.1193,3.20,15.90
2007.08.01 19:03:26.761,1.1189,1.1193,3.20,17.50
2007.08.01 19:03:26.968,1.1189,1.1193,7.20,17.50
2007.08.01 19:03:27.395,1.1189,1.1193,3.20,17.50
2007.08.01 19:03:29.137,1.1189,1.1193,7.20,17.50
2007.08.01 19:03:35.239,1.1189,1.1193,7.20,15.90
2007.08.01 19:03:35.488,1.1189,1.1193,12.80,7.90
2007.08.01 19:03:36.280,1.1189,1.1193,8.80,7.90
2007.08.01 19:03:37.228,1.119,1.11935,1.60,8.00
2007.08.01 19:03:37.417,1.119,1.1194,1.60,19.10
2007.08.01 19:03:43.224,1.11895,1.1194,5.60,19.10
2007.08.01 19:03:43.530,1.1189,1.11935,20.70,8.00
2007.08.01 19:03:44.677,1.119,1.11935,1.60,8.00
2007.08.01 19:03:45.001,1.119,1.1194,1.60,19.10
2007.08.01 19:03:47.071,1.119,1.1194,2.40,19.10
2007.08.01 19:03:49.182,1.119,1.1194,0.50,19.10
2007.08.01 19:04:14.772,1.1189,1.1194,21.50,11.10
2007.08.01 19:04:15.272,1.119,1.1194,1.30,19.10
2007.08.01 19:04:16.288,1.119,1.1194,8.00,11.10
2007.08.01 19:04:19.444,1.119,1.1194,2.40,19.10
2007.08.01 19:04:20.463,1.119,1.1194,8.00,19.10
2007.08.01 19:04:20.723,1.119,1.1194,2.40,19.10
2007.08.01 19:04:21.710,1.119,1.1194,14.30,11.20
2007.08.01 19:04:21.801,1.119,1.1194,14.30,9.60
2007.08.01 19:04:22.573,1.119,1.1194,19.90,1.60
2007.08.01 19:04:23.764,1.119,1.1194,19.90,3.20
2007.08.01 19:04:24.281,1.119,1.1194,8.00,11.10
2007.08.01 19:04:24.461,1.119,1.1194,2.40,19.10
2007.08.01 19:04:26.557,1.119,1.1194,8.00,11.10
2007.08.01 19:04:26.776,1.119,1.1193,6.40,9.50
2007.08.01 19:04:27.236,1.119,1.1193,0.80,9.50
2007.08.01 19:04:27.426,1.119,1.1193,0.80,17.50
2007.08.01 19:04:28.744,1.119,1.1192,0.80,7.90
2007.08.01 19:04:29.288,1.119,1.1194,0.80,15.10
2007.08.01 19:04:29.414,1.119,1.11935,0.80,8.00
2007.08.01 19:04:30.205,1.119,1.11935,1.60,8.00
2007.08.01 19:04:30.424,1.119,1.1194,1.60,19.10
2007.08.01 19:04:32.287,1.119,1.1194,2.40,19.10
2007.08.01 19:04:33.334,1.119,1.1193,0.80,9.50
2007.08.01 19:04:34.054,1.119,1.1193,0.80,17.50
2007.08.01 19:04:38.807,1.1189,1.1192,0.80,9.50
2007.08.01 19:04:39.862,1.1189,1.1192,0.80,17.50
2007.08.01 19:04:41.312,1.1189,1.1192,3.20,15.90
2007.08.01 19:04:41.714,1.1188,1.1191,6.40,7.90
2007.08.01 19:04:41.810,1.1188,1.1191,0.80,15.90
2007.08.01 19:04:42.129,1.1187,1.1191,9.60,15.90
2007.08.01 19:04:42.230,1.1185,1.1191,4.00,8.00
2007.08.01 19:04:42.362,1.11875,1.1192,5.60,17.50
2007.08.01 19:04:43.271,1.1188,1.1192,2.40,17.50
2007.08.01 19:04:43.390,1.1188,1.1192,8.00,9.50
2007.08.01 19:04:43.777,1.1188,1.1192,19.90,1.60
2007.08.01 19:04:43.923,1.11885,1.1192,5.60,1.60
2007.08.01 19:04:44.848,1.1189,1.1192,0.80,1.60
2007.08.01 19:04:45.081,1.1189,1.1192,0.80,9.60
2007.08.01 19:04:45.339,1.1189,1.1192,0.80,1.60
2007.08.01 19:04:46.481,1.1189,1.1192,0.80,0.60
2007.08.01 19:04:47.733,1.1189,1.1192,0.80,0.80
2007.08.01 19:04:47.928,1.1188,1.1192,6.40,0.60
2007.08.01 19:04:50.336,1.1188,1.1192,6.40,15.00
2007.08.01 19:04:50.472,1.1188,1.1191,0.80,0.80
2007.08.01 19:04:56.238,1.1188,1.1192,0.80,19.10
2007.08.01 19:04:56.337,1.1188,1.1191,2.40,0.50
2007.08.01 19:04:57.103,1.1188,1.1193,8.00,23.00
2007.08.01 19:04:57.263,1.1188,1.1193,8.00,23.00
2007.08.01 19:04:57.681,1.1188,1.1193,19.90,19.10
2007.08.01 19:04:57.836,1.1188,1.11925,19.90,9.60
2007.08.01 19:04:58.710,1.1188,1.11925,8.00,19.10
2007.08.01 19:04:58.847,1.1188,1.1193,8.00,23.00
2007.08.01 19:05:10.236,1.1188,1.1192,17.50,0.70
2007.08.01 19:05:10.282,1.11885,1.1192,5.60,0.50
2007.08.01 19:05:10.334,1.11885,1.1191,5.60,0.60
2007.08.01 19:05:10.616,1.1188,1.1191,4.00,0.90
2007.08.01 19:05:13.139,1.1188,1.1191,9.60,0.50
2007.08.01 19:05:13.225,1.1188,1.11925,9.60,19.90
2007.08.01 19:05:13.674,1.1188,1.1191,4.00,0.50
2007.08.01 19:05:13.744,1.1188,1.1191,2.40,0.60
2007.08.01 19:05:13.856,1.1188,1.1191,2.40,0.70
2007.08.01 19:05:13.951,1.1188,1.1191,2.40,0.60
2007.08.01 19:05:16.769,1.1188,1.1191,2.40,5.60
2007.08.01 19:05:17.173,1.1188,1.1191,2.40,17.50
2007.08.01 19:05:17.269,1.1188,1.119,0.80,5.60
2007.08.01 19:05:17.301,1.1186,1.119,16.70,13.60
2007.08.01 19:05:17.388,1.1187,1.119,0.80,13.60
2007.08.01 19:05:18.818,1.1187,1.1189,0.80,11.90
2007.08.01 19:05:19.221,1.1186,1.1189,8.00,11.90
2007.08.01 19:05:19.757,1.1186,1.119,15.90,13.60
2007.08.01 19:05:22.257,1.1186,1.1189,6.40,11.90
2007.08.01 19:05:23.181,1.11865,1.119,5.60,13.50
2007.08.01 19:05:23.288,1.11865,1.119,5.60,7.90
2007.08.01 19:05:27.220,1.11865,1.11905,5.60,8.00
2007.08.01 19:05:27.328,1.1187,1.11905,0.80,8.00
2007.08.01 19:05:27.427,1.1187,1.119,0.80,4.00
2007.08.01 19:05:29.809,1.1187,1.119,0.80,13.50
2007.08.01 19:05:30.231,1.1187,1.119,2.40,5.60
2007.08.01 19:05:36.243,1.1187,1.119,2.40,4.00
2007.08.01 19:05:36.441,1.1187,1.1193,2.40,4.00
2007.08.01 19:05:36.491,1.1187,1.1193,8.00,4.00
2007.08.01 19:05:38.788,1.1187,1.1191,8.00,17.50
2007.08.01 19:05:38.826,1.1188,1.1191,1.60,15.90
2007.08.01 19:05:39.343,1.1188,1.1191,2.40,15.90
2007.08.01 19:05:39.996,1.1187,1.1191,9.60,15.90
2007.08.01 19:05:41.735,1.1187,1.1191,21.40,4.00
2007.08.01 19:05:42.027,1.11875,1.1192,15.90,13.60
2007.08.01 19:05:44.225,1.1188,1.1192,10.30,13.60
2007.08.01 19:05:44.565,1.1188,1.1192,15.90,5.60
2007.08.01 19:05:46.315,1.1188,1.1192,3.60,5.60
2007.08.01 19:05:46.370,1.11875,1.1192,15.90,13.60
2007.08.01 19:05:46.520,1.1188,1.1192,10.30,13.60
2007.08.01 19:05:48.801,1.1188,1.1191,1.50,1.60
2007.08.01 19:05:49.276,1.1188,1.1191,3.60,5.60
2007.08.01 19:05:49.385,1.11875,1.1191,8.00,17.50
2007.08.01 19:05:50.751,1.1188,1.1191,0.80,17.50
2007.08.01 19:05:50.957,1.1187,1.1191,1.40,17.50
2007.08.01 19:05:51.494,1.1187,1.1193,1.50,4.00
2007.08.01 19:05:53.850,1.11875,1.1191,1.50,17.50
2007.08.01 19:05:54.371,1.1187,1.1193,4.10,4.00
2007.08.01 19:05:57.293,1.1186,1.1191,17.50,21.50
2007.08.01 19:05:57.453,1.1186,1.1191,17.50,13.50
2007.08.01 19:05:57.911,1.1186,1.1191,17.50,17.50
2007.08.01 19:05:57.933,1.1187,1.1191,3.20,25.50
2007.08.01 19:05:58.382,1.1187,1.1191,2.60,23.90
2007.08.01 19:05:58.709,1.1187,1.1189,0.80,1.60
2007.08.01 19:05:59.682,1.11855,1.1189,7.20,1.60
2007.08.01 19:05:59.788,1.1186,1.1189,0.80,9.50
2007.08.01 19:06:00.301,1.1186,1.11895,0.80,8.00
2007.08.01 19:06:00.539,1.1186,1.119,0.80,19.90
2007.08.01 19:06:00.705,1.11855,1.119,8.00,19.90
2007.08.01 19:06:00.795,1.1186,1.119,3.20,11.90
2007.08.01 19:06:00.916,1.1186,1.119,2.00,7.90
2007.08.01 19:06:02.242,1.1185,1.119,21.50,9.50
2007.08.01 19:06:02.354,1.1186,1.119,3.20,17.50
2007.08.01 19:06:04.327,1.1185,1.1189,9.60,9.50
2007.08.01 19:06:04.515,1.1186,1.1189,0.80,17.50
2007.08.01 19:06:04.743,1.1185,1.1189,9.60,9.50
2007.08.01 19:06:05.300,1.1186,1.1189,0.80,17.50
2007.08.01 19:06:05.365,1.1184,1.1189,21.50,17.50
2007.08.01 19:06:06.365,1.1184,1.1188,9.60,7.90
2007.08.01 19:06:06.405,1.1184,1.1188,9.60,9.50
2007.08.01 19:06:08.279,1.1184,1.1188,9.60,9.50
2007.08.01 19:06:08.782,1.1184,1.1188,17.50,1.60
2007.08.01 19:06:08.901,1.1185,1.1188,1.60,1.60
2007.08.01 19:06:09.812,1.1185,1.1188,2.40,1.60
2007.08.01 19:06:10.763,1.1185,1.1187,0.80,1.60
2007.08.01 19:06:11.822,1.1185,1.1186,0.80,1.60
2007.08.01 19:06:12.015,1.1184,1.1186,0.80,1.60
2007.08.01 19:06:12.335,1.1184,1.1187,2.40,21.50
2007.08.01 19:06:12.734,1.1184,1.1187,4.00,8.00
2007.08.01 19:06:13.144,1.1184,1.1188,4.00,23.90
2007.08.01 19:06:13.264,1.1184,1.1188,4.00,19.90
2007.08.01 19:06:13.736,1.1184,1.1188,4.00,15.90
2007.08.01 19:06:13.815,1.1184,1.1188,9.60,7.90
2007.08.01 19:06:15.745,1.1184,1.1188,8.00,11.90
2007.08.01 19:06:15.789,1.1184,1.1188,8.00,19.90
2007.08.01 19:06:16.779,1.1184,1.1188,9.60,15.90
2007.08.01 19:06:17.123,1.1184,1.1188,9.60,7.90
2007.08.01 19:06:17.802,1.1184,1.1188,8.00,11.90
2007.08.01 19:06:18.048,1.1184,1.11875,2.40,8.00
2007.08.01 19:06:18.190,1.1184,1.1188,2.40,19.90
2007.08.01 19:06:19.791,1.1184,1.1189,2.40,29.50
2007.08.01 19:06:19.858,1.1186,1.1189,2.40,17.60
2007.08.01 19:06:20.099,1.1186,1.1189,2.40,9.60
2007.08.01 19:06:20.321,1.1186,1.11895,2.40,12.00
2007.08.01 19:06:21.233,1.1186,1.1189,0.80,0.50
2007.08.01 19:06:21.749,1.1186,1.1188,0.80,0.60
2007.08.01 19:06:22.372,1.1186,1.1188,0.80,0.70
2007.08.01 19:06:22.601,1.1185,1.1189,4.00,25.50
2007.08.01 19:06:24.757,1.1185,1.1187,0.80,0.60
2007.08.01 19:06:25.292,1.1185,1.1188,0.80,17.50
2007.08.01 19:06:28.294,1.1185,1.1188,0.80,25.50
2007.08.01 19:06:28.811,1.1184,1.1187,0.80,13.50
2007.08.01 19:06:29.329,1.1184,1.11905,0.80,5.00
2007.08.01 19:06:29.535,1.1184,1.11875,0.80,21.50
2007.08.01 19:06:33.794,1.1183,1.1187,9.60,17.50
2007.08.01 19:06:34.201,1.1183,1.11875,9.60,25.50
2007.08.01 19:06:34.608,1.1184,1.1188,5.60,21.50
2007.08.01 19:06:34.719,1.1183,1.1187,9.60,0.50
2007.08.01 19:06:36.300,1.1183,1.1186,9.60,0.60
2007.08.01 19:06:36.394,1.1183,1.1186,9.60,0.70
2007.08.01 19:06:36.715,1.1183,1.1187,9.60,17.50
2007.08.01 19:06:37.006,1.1183,1.11875,9.60,21.50
2007.08.01 19:06:37.747,1.1183,1.1187,15.90,0.80
2007.08.01 19:06:38.334,1.1183,1.1187,6.40,17.50
2007.08.01 19:06:38.433,1.1183,1.1186,0.80,0.60
2007.08.01 19:06:38.754,1.1183,1.1186,0.80,0.50
2007.08.01 19:06:38.960,1.1183,1.1187,0.80,25.50
2007.08.01 19:06:39.132,1.1183,1.11905,6.40,5.00
2007.08.01 19:06:39.784,1.1183,1.1188,6.40,25.50
2007.08.01 19:06:42.083,1.1183,1.1187,6.40,0.90
2007.08.01 19:06:42.283,1.1183,1.1187,9.60,0.90
2007.08.01 19:06:45.281,1.1184,1.1187,1.60,0.80
2007.08.01 19:06:46.326,1.1184,1.1187,2.40,1.60
2007.08.01 19:06:46.459,1.1184,1.1187,8.00,1.60
2007.08.01 19:06:48.280,1.1184,1.1187,2.40,1.60
2007.08.01 19:06:48.361,1.1184,1.1187,8.00,1.60
2007.08.01 19:06:48.726,1.1184,1.1188,8.00,9.50
2007.08.01 19:06:49.235,1.1184,1.1188,6.40,7.90
2007.08.01 19:06:49.839,1.1184,1.1186,0.80,1.60
2007.08.01 19:06:49.985,1.1184,1.1186,0.80,5.60
2007.08.01 19:06:50.273,1.1183,1.1186,4.00,5.60
2007.08.01 19:06:51.309,1.1184,1.1187,1.60,13.60
2007.08.01 19:06:51.612,1.1184,1.1187,2.40,13.60
2007.08.01 19:06:51.644,1.1184,1.1187,2.40,5.60
2007.08.01 19:06:51.821,1.1184,1.1187,2.40,4.00
2007.08.01 19:06:51.929,1.1184,1.1188,4.00,19.90
2007.08.01 19:06:51.941,1.11845,1.1188,5.60,11.90
2007.08.01 19:06:52.753,1.1185,1.1188,0.80,11.90
2007.08.01 19:06:53.785,1.11845,1.1188,5.60,11.90
2007.08.01 19:06:54.303,1.1186,1.1189,4.00,12.00
2007.08.01 19:06:55.012,1.1186,1.1189,9.60,4.00
2007.08.01 19:06:55.758,1.1186,1.1189,8.00,11.90
2007.08.01 19:06:55.811,1.1186,1.1189,2.40,11.90
2007.08.01 19:06:56.296,1.1186,1.1188,0.80,7.90
2007.08.01 19:06:56.351,1.1184,1.1188,8.80,7.90
2007.08.01 19:06:56.379,1.1184,1.1188,16.70,4.00
2007.08.01 19:06:56.581,1.1184,1.11885,16.70,8.00
2007.08.01 19:06:56.619,1.11845,1.1191,5.60,4.00
2007.08.01 19:06:56.878,1.11845,1.1189,5.60,21.50
2007.08.01 19:06:57.287,1.1185,1.1189,0.80,21.50
2007.08.01 19:06:57.396,1.1185,1.1189,0.80,13.50
2007.08.01 19:06:57.415,1.1183,1.11875,16.70,8.00
2007.08.01 19:06:58.255,1.1183,1.1187,16.70,4.00
2007.08.01 19:06:59.457,1.11835,1.1187,5.60,4.00
2007.08.01 19:06:59.504,1.11835,1.1188,5.60,21.50
2007.08.01 19:06:59.911,1.1185,1.1188,0.80,12.00
2007.08.01 19:07:00.011,1.1185,1.1188,0.80,8.00
2007.08.01 19:07:00.211,1.1185,1.1188,0.80,12.00
2007.08.01 19:07:00.334,1.1185,1.1188,0.80,4.00
2007.08.01 19:07:00.965,1.1185,1.1188,0.80,12.00
2007.08.01 19:07:01.049,1.11835,1.1188,5.60,8.00
2007.08.01 19:07:01.251,1.11835,1.1188,5.60,12.00
2007.08.01 19:07:01.373,1.11835,1.1191,5.60,4.00
2007.08.01 19:07:01.489,1.1183,1.11875,15.10,8.00
2007.08.01 19:07:02.905,1.1184,1.1186,0.80,7.90
2007.08.01 19:07:03.011,1.1184,1.1186,0.80,11.90
2007.08.01 19:07:03.417,1.1184,1.1186,0.80,4.00
2007.08.01 19:07:03.471,1.1182,1.1186,15.10,12.00
2007.08.01 19:07:03.532,1.1182,1.1186,15.10,8.00
2007.08.01 19:07:03.566,1.1184,1.1187,0.80,25.50
2007.08.01 19:07:03.629,1.11825,1.1187,5.60,21.50
2007.08.01 19:07:03.844,1.1184,1.1187,0.80,13.60
2007.08.01 19:07:03.954,1.1183,1.1187,10.30,8.00
2007.08.01 19:07:04.037,1.1183,1.11875,15.90,8.00
2007.08.01 19:07:04.265,1.1183,1.11875,17.50,8.00
2007.08.01 19:07:04.299,1.11835,1.119,5.60,4.00
2007.08.01 19:07:04.778,1.11835,1.1188,5.60,21.50
2007.08.01 19:07:05.324,1.1184,1.1188,0.80,8.00
2007.08.01 19:07:05.362,1.11815,1.1189,5.60,4.00
2007.08.01 19:07:06.332,1.11845,1.1189,5.60,12.00
2007.08.01 19:07:06.345,1.11845,1.1187,5.60,8.00
2007.08.01 19:07:06.445,1.11845,1.1187,5.60,4.00
2007.08.01 19:07:06.620,1.1184,1.1187,8.80,4.00
2007.08.01 19:07:06.766,1.1184,1.1188,7.20,5.60
2007.08.01 19:07:06.877,1.1184,1.1186,5.60,7.90
2007.08.01 19:07:06.910,1.1183,1.1186,0.80,7.90
2007.08.01 19:07:07.291,1.1183,1.1189,2.40,4.00
2007.08.01 19:07:07.491,1.1183,1.1187,8.00,13.50
2007.08.01 19:07:08.209,1.1183,1.1187,6.40,13.50
2007.08.01 19:07:09.554,1.1183,1.1186,0.80,7.90
2007.08.01 19:07:09.856,1.1183,1.1186,0.80,9.50
2007.08.01 19:07:11.316,1.1183,1.11865,0.80,8.00
2007.08.01 19:07:11.400,1.1183,1.1187,0.80,23.90
2007.08.01 19:07:11.824,1.1183,1.1187,15.90,8.00
2007.08.01 19:07:11.933,1.11835,1.1188,5.60,21.50
2007.08.01 19:07:12.032,1.11835,1.1187,5.60,4.00
2007.08.01 19:07:14.740,1.1184,1.1187,5.60,4.00
2007.08.01 19:07:14.751,1.1184,1.1187,8.00,4.00
2007.08.01 19:07:15.039,1.1184,1.1188,8.00,13.50
2007.08.01 19:07:15.246,1.1184,1.1187,8.00,4.00
2007.08.01 19:07:16.282,1.1184,1.1188,8.00,13.50
2007.08.01 19:07:17.027,1.1184,1.1187,8.00,4.00
2007.08.01 19:07:17.337,1.1184,1.1188,8.00,13.50
2007.08.01 19:07:17.746,1.1184,1.1187,6.40,9.50
2007.08.01 19:07:17.952,1.1184,1.1187,6.40,13.50
2007.08.01 19:07:17.988,1.1184,1.1187,0.80,13.50
2007.08.01 19:07:18.512,1.1184,1.1187,0.80,13.50
2007.08.01 19:07:20.354,1.1182,1.1187,21.50,13.50
2007.08.01 19:07:23.974,1.11835,1.1187,1.90,13.50
2007.08.01 19:07:24.066,1.1183,1.1187,17.50,4.00
2007.08.01 19:07:24.174,1.1183,1.1188,17.50,25.50
2007.08.01 19:07:24.476,1.1183,1.1188,17.50,21.50
2007.08.01 19:07:26.037,1.1184,1.1188,1.10,17.50
2007.08.01 19:07:26.196,1.1184,1.1188,2.10,9.50
2007.08.01 19:07:26.393,1.11845,1.1188,2.70,9.50
2007.08.01 19:07:26.463,1.1184,1.1189,15.90,25.50
2007.08.01 19:07:26.777,1.1184,1.1188,6.40,13.50
2007.08.01 19:07:26.932,1.11835,1.1188,6.40,21.50
2007.08.01 19:07:27.673,1.1183,1.119,8.00,8.00
2007.08.01 19:07:27.709,1.1182,1.11875,21.50,8.00
2007.08.01 19:07:27.790,1.1182,1.1187,9.60,11.90
2007.08.01 19:07:28.001,1.11825,1.1187,8.00,19.90
2007.08.01 19:07:28.249,1.1183,1.1187,1.80,11.90
2007.08.01 19:07:28.315,1.1182,1.11875,19.90,8.00
2007.08.01 19:07:28.723,1.1183,1.1187,3.00,11.90
2007.08.01 19:07:29.095,1.1183,1.1189,0.80,4.00
2007.08.01 19:07:29.960,1.11825,1.1185,6.40,7.90
2007.08.01 19:07:32.045,1.1182,1.1185,0.80,7.90
2007.08.01 19:07:32.793,1.11815,1.1185,6.40,9.50
2007.08.01 19:07:34.972,1.1182,1.1185,0.80,13.50
2007.08.01 19:07:35.044,1.1181,1.1184,9.60,1.60
2007.08.01 19:07:37.136,1.1181,1.1184,4.00,5.60
2007.08.01 19:07:41.903,1.1181,1.1184,4.00,13.60
2007.08.01 19:07:44.386,1.11805,1.1184,6.40,9.50
2007.08.01 19:07:45.227,1.1181,1.1184,0.80,1.60
2007.08.01 19:07:45.833,1.11805,1.1184,6.40,9.50
2007.08.01 19:07:46.341,1.11805,1.1184,6.40,1.60
2007.08.01 19:07:46.656,1.11805,1.1184,6.40,7.20
2007.08.01 19:07:48.222,1.11795,1.1183,15.90,1.60
2007.08.01 19:07:48.322,1.118,1.1183,0.60,1.60
2007.08.01 19:07:52.255,1.118,1.1183,1.30,1.60
2007.08.01 19:07:52.771,1.11795,1.1184,19.90,15.20
2007.08.01 19:07:52.850,1.11805,1.1184,0.70,7.20
2007.08.01 19:07:52.977,1.11805,1.1184,0.90,3.20
2007.08.01 19:07:53.356,1.1179,1.1184,21.50,3.20
2007.08.01 19:07:54.752,1.118,1.1184,19.90,3.20
2007.08.01 19:07:54.959,1.11805,1.1184,11.20,3.20
2007.08.01 19:07:56.210,1.11805,1.1184,12.00,3.20
2007.08.01 19:08:00.133,1.118,1.1184,13.60,11.10
2007.08.01 19:08:01.696,1.1181,1.1183,0.80,1.60
2007.08.01 19:08:05.736,1.1181,1.1183,0.80,9.50
2007.08.01 19:08:06.244,1.118,1.1183,7.20,9.50
2007.08.01 19:08:06.350,1.118,1.1183,8.00,9.50
2007.08.01 19:08:06.656,1.1179,1.1183,13.60,9.50
2007.08.01 19:08:07.284,1.118,1.1183,1.70,9.50
2007.08.01 19:08:08.749,1.1179,1.1182,13.60,9.50
2007.08.01 19:08:09.304,1.118,1.1182,0.80,1.60
2007.08.01 19:08:10.053,1.11785,1.1182,13.60,1.60
2007.08.01 19:08:10.142,1.1178,1.1182,25.50,1.60
2007.08.01 19:08:10.193,1.1179,1.1182,13.60,1.60
2007.08.01 19:08:10.281,1.1179,1.1183,13.60,9.50
2007.08.01 19:08:10.707,1.1181,1.1183,1.00,7.90
2007.08.01 19:08:11.228,1.118,1.1183,6.40,1.60
2007.08.01 19:08:11.320,1.118,1.1183,6.40,1.60
2007.08.01 19:08:12.207,1.1179,1.1184,19.10,19.10
2007.08.01 19:08:12.265,1.1181,1.1184,2.60,11.10
2007.08.01 19:08:13.141,1.118,1.1184,13.60,11.10
2007.08.01 19:08:16.545,1.1181,1.1184,0.60,3.20
2007.08.01 19:08:16.767,1.1181,1.1184,0.80,3.20
2007.08.01 19:08:18.573,1.118,1.1184,10.40,11.10
2007.08.01 19:08:18.763,1.118,1.1184,4.80,19.10
2007.08.01 19:08:19.317,1.118,1.1184,0.80,19.10
2007.08.01 19:08:20.037,1.11795,1.1184,14.30,9.60
2007.08.01 19:08:20.200,1.118,1.1184,1.00,1.60
2007.08.01 19:08:21.723,1.118,1.1184,2.40,15.10
2007.08.01 19:08:22.265,1.118,1.1184,6.40,15.10
2007.08.01 19:08:23.735,1.118,1.1184,10.30,9.60
2007.08.01 19:08:23.820,1.1181,1.1184,0.80,1.60
2007.08.01 19:08:24.271,1.118,1.1184,15.90,5.60
2007.08.01 19:08:24.486,1.11805,1.1184,2.40,13.50
2007.08.01 19:08:24.607,1.11805,1.1184,2.00,15.10
2007.08.01 19:08:24.931,1.1179,1.1184,25.50,15.10
2007.08.01 19:08:25.176,1.1179,1.1184,21.50,19.10
2007.08.01 19:08:25.226,1.1179,1.1184,21.50,27.10
2007.08.01 19:08:25.246,1.1179,1.1184,17.50,27.10
2007.08.01 19:08:26.846,1.118,1.1181,2.50,1.60
2007.08.01 19:08:27.284,1.1177,1.1183,17.50,15.10
2007.08.01 19:08:27.385,1.1177,1.1183,17.50,19.10
2007.08.01 19:08:27.847,1.1179,1.1183,15.90,4.00
2007.08.01 19:08:27.928,1.1179,1.1184,15.90,27.10
2007.08.01 19:08:28.678,1.1177,1.1183,15.90,11.90
2007.08.01 19:08:29.385,1.1179,1.1183,6.40,11.90
2007.08.01 19:08:29.688,1.1178,1.1183,3.50,11.90
2007.08.01 19:08:29.708,1.11795,1.1183,6.40,11.90
2007.08.01 19:08:29.755,1.1179,1.11835,14.30,8.00
2007.08.01 19:08:29.771,1.11795,1.1184,6.40,27.10
2007.08.01 19:08:30.403,1.11795,1.1184,6.40,23.10
2007.08.01 19:08:30.714,1.11795,1.1184,6.40,21.50
2007.08.01 19:08:34.732,1.118,1.1184,1.40,13.50
2007.08.01 19:08:34.796,1.1179,1.1184,19.90,9.50
2007.08.01 19:08:34.918,1.118,1.1184,6.40,13.50
2007.08.01 19:08:36.192,1.118,1.1184,6.40,15.10
2007.08.01 19:08:36.303,1.118,1.1184,6.40,19.10
2007.08.01 19:08:36.370,1.118,1.1184,6.40,27.10
2007.08.01 19:08:37.565,1.118,1.1184,6.40,23.10
2007.08.01 19:08:37.698,1.118,1.1184,8.00,23.10
2007.08.01 19:08:37.785,1.118,1.1184,8.00,15.10
2007.08.01 19:08:39.712,1.118,1.1184,6.40,15.10
2007.08.01 19:08:39.850,1.118,1.1184,0.80,23.10
2007.08.01 19:08:40.245,1.118,1.1184,2.40,23.10
2007.08.01 19:08:40.855,1.118,1.1184,8.00,15.10
2007.08.01 19:08:42.333,1.118,1.1183,6.40,9.50
2007.08.01 19:08:42.559,1.118,1.1183,0.80,9.50
2007.08.01 19:08:43.406,1.1179,1.1183,6.40,9.50
2007.08.01 19:08:43.437,1.1179,1.1183,0.80,17.50
2007.08.01 19:08:43.701,1.1179,1.1183,6.40,9.50
2007.08.01 19:08:43.714,1.1179,1.1183,8.00,9.50
2007.08.01 19:08:43.924,1.1179,1.1183,12.00,13.50
2007.08.01 19:08:44.258,1.1179,1.1183,6.40,11.10
2007.08.01 19:08:44.810,1.1179,1.11825,0.80,8.00
2007.08.01 19:08:45.231,1.1179,1.1182,0.80,1.60
2007.08.01 19:08:45.328,1.1179,1.1182,0.80,9.60
2007.08.01 19:08:45.748,1.1178,1.1182,12.70,9.60
2007.08.01 19:08:46.052,1.1178,1.1181,0.80,7.90
2007.08.01 19:08:47.041,1.1178,1.1182,0.80,17.50
2007.08.01 19:08:47.150,1.1178,1.1182,2.40,17.50
2007.08.01 19:08:47.665,1.1178,1.1182,8.00,17.50
2007.08.01 19:08:47.717,1.11785,1.1182,5.60,9.50
2007.08.01 19:08:47.802,1.1179,1.1182,5.60,9.50
2007.08.01 19:08:51.282,1.1179,1.1182,8.00,1.60
2007.08.01 19:08:52.266,1.1179,1.1182,6.40,13.50
2007.08.01 19:08:52.474,1.1179,1.1182,0.80,13.50
2007.08.01 19:08:53.295,1.1179,1.1182,0.80,1.60
2007.08.01 19:08:53.407,1.1179,1.1182,2.40,1.60
2007.08.01 19:08:53.568,1.1179,1.1182,8.00,1.60
2007.08.01 19:08:54.669,1.1179,1.1183,8.00,17.50
2007.08.01 19:08:54.781,1.1179,1.1182,6.40,7.90
2007.08.01 19:08:54.919,1.1179,1.1182,0.80,7.90
2007.08.01 19:08:55.466,1.1179,1.1182,6.40,7.90
2007.08.01 19:08:55.730,1.11795,1.1182,5.60,7.90
2007.08.01 19:08:55.768,1.11795,1.1183,5.60,9.50
2007.08.01 19:08:57.788,1.118,1.1183,0.80,9.50
2007.08.01 19:08:58.334,1.118,1.1182,0.80,7.90
2007.08.01 19:08:58.353,1.11785,1.1182,5.60,7.90
2007.08.01 19:08:58.609,1.118,1.1182,0.80,7.90
2007.08.01 19:08:58.658,1.118,1.1183,0.80,13.50
2007.08.01 19:08:58.763,1.118,1.1183,0.80,11.90
2007.08.01 19:08:58.855,1.1179,1.1183,6.40,11.90
2007.08.01 19:09:00.778,1.1179,1.1183,6.40,15.10
2007.08.01 19:09:00.934,1.1179,1.11825,0.80,8.00
2007.08.01 19:09:01.799,1.1179,1.1183,6.40,17.50
2007.08.01 19:09:02.283,1.1177,1.1182,13.50,11.90
2007.08.01 19:09:02.385,1.1177,1.1182,9.50,13.50
2007.08.01 19:09:02.412,1.11775,1.11815,5.60,8.00
2007.08.01 19:09:03.233,1.1179,1.1183,0.80,19.10
2007.08.01 19:09:03.441,1.1179,1.11815,0.80,8.00
2007.08.01 19:09:03.912,1.11775,1.1181,5.60,1.60
2007.08.01 19:09:04.106,1.1176,1.1181,13.50,9.50
2007.08.01 19:09:04.227,1.1176,1.1181,17.50,11.10
2007.08.01 19:09:04.459,1.1178,1.1181,5.60,11.10
2007.08.01 19:09:04.648,1.1177,1.118,1.60,8.00
2007.08.01 19:09:05.011,1.1177,1.11805,1.60,8.00
2007.08.01 19:09:05.205,1.1177,1.11805,5.60,8.00
2007.08.01 19:09:05.306,1.1177,1.11805,1.60,8.00
2007.08.01 19:09:05.878,1.11775,1.1181,5.60,9.50
2007.08.01 19:09:07.331,1.1177,1.1181,7.20,17.50
2007.08.01 19:09:07.818,1.1177,1.1181,1.60,9.50
2007.08.01 19:09:08.326,1.11785,1.1182,5.60,7.90
2007.08.01 19:09:08.390,1.1178,1.1182,7.20,7.90
2007.08.01 19:09:09.080,1.1178,1.11825,7.20,15.90
2007.08.01 19:09:09.699,1.1178,1.11825,5.60,17.50
2007.08.01 19:09:09.816,1.1178,1.1182,5.60,13.40
2007.08.01 19:09:10.122,1.11775,1.1181,5.60,7.90
2007.08.01 19:09:10.344,1.11775,1.1181,5.60,11.10
2007.08.01 19:09:10.684,1.11775,1.118,5.60,1.60
2007.08.01 19:09:10.839,1.1177,1.118,7.20,1.60
2007.08.01 19:09:11.095,1.1177,1.118,1.60,9.60
2007.08.01 19:09:11.308,1.1177,1.118,1.60,8.00
2007.08.01 19:09:11.680,1.1177,1.11805,1.60,8.00
2007.08.01 19:09:11.984,1.1177,1.1181,1.60,23.10
2007.08.01 19:09:13.652,1.1177,1.11805,1.60,8.00
2007.08.01 19:09:14.014,1.1177,1.1181,1.60,23.10
2007.08.01 19:09:14.647,1.1177,1.11805,1.60,8.00
2007.08.01 19:09:16.261,1.1177,1.118,1.60,1.60
2007.08.01 19:09:16.293,1.1177,1.118,1.60,9.60
2007.08.01 19:09:17.651,1.1177,1.1178,1.60,7.90
2007.08.01 19:09:17.742,1.1176,1.1178,5.60,9.50
2007.08.01 19:09:17.985,1.1175,1.1178,1.60,9.50
2007.08.01 19:09:19.260,1.11745,1.1179,5.60,19.10
2007.08.01 19:09:20.578,1.1176,1.1179,1.60,11.10
2007.08.01 19:09:20.775,1.1176,1.1179,1.60,1.60
2007.08.01 19:09:21.369,1.1176,1.1179,1.60,9.50
2007.08.01 19:09:23.756,1.1176,1.1179,1.60,1.60
2007.08.01 19:09:24.819,1.11755,1.118,5.60,19.10
2007.08.01 19:09:25.397,1.1177,1.118,1.60,11.10
2007.08.01 19:09:26.777,1.1177,1.1179,1.60,7.90
2007.08.01 19:09:26.871,1.1174,1.1179,19.90,9.50
2007.08.01 19:09:27.236,1.1176,1.1179,1.60,9.50
2007.08.01 19:09:28.699,1.1175,1.1178,7.20,1.60
2007.08.01 19:09:28.813,1.1175,1.1178,7.20,9.50
2007.08.01 19:09:29.251,1.1175,1.1178,5.60,9.50
2007.08.01 19:09:29.348,1.1174,1.1178,7.20,9.50
2007.08.01 19:09:29.656,1.1174,1.1178,7.20,7.90
2007.08.01 19:09:29.792,1.1174,1.11785,19.10,8.00
2007.08.01 19:09:29.836,1.1175,1.1179,5.60,11.10
2007.08.01 19:09:31.722,1.1175,1.1178,5.60,7.90
2007.08.01 19:09:31.826,1.1175,1.1178,7.20,9.50
2007.08.01 19:09:33.639,1.1175,1.1178,1.60,9.50
2007.08.01 19:09:33.730,1.1174,1.1178,7.20,9.50
2007.08.01 19:09:34.275,1.1174,1.1178,19.10,1.60
2007.08.01 19:09:34.607,1.11745,1.1178,5.60,1.60
2007.08.01 19:09:34.819,1.1175,1.1178,1.60,1.60
2007.08.01 19:09:35.252,1.1175,1.1178,1.60,9.50
2007.08.01 19:09:36.736,1.11745,1.1177,5.60,9.50
2007.08.01 19:09:36.798,1.1174,1.1177,1.60,9.50
2007.08.01 19:09:37.276,1.1174,1.1176,1.60,7.90
2007.08.01 19:09:37.363,1.1173,1.1176,7.20,9.50
2007.08.01 19:09:38.683,1.1173,1.1176,1.60,9.50
2007.08.01 19:09:42.214,1.1173,1.1177,1.60,17.50
2007.08.01 19:09:42.331,1.11725,1.1177,5.60,17.50
2007.08.01 19:09:42.432,1.1172,1.1177,17.50,9.50
2007.08.01 19:09:42.638,1.1174,1.1178,11.90,8.00
2007.08.01 19:09:42.771,1.1174,1.1178,13.50,8.00
2007.08.01 19:09:42.820,1.1175,1.1179,5.60,25.50
2007.08.01 19:09:42.878,1.1175,1.1179,5.60,21.50
2007.08.01 19:09:43.192,1.1175,1.1179,5.60,17.50
2007.08.01 19:09:45.765,1.1175,1.1179,7.20,15.90
2007.08.01 19:09:45.932,1.11755,1.1179,5.60,7.90
2007.08.01 19:09:46.714,1.1176,1.118,9.50,13.60
2007.08.01 19:09:46.783,1.1176,1.118,15.10,5.60
2007.08.01 19:09:46.798,1.1176,1.118,15.10,1.60
2007.08.01 19:09:47.223,1.1176,1.118,19.10,1.60
2007.08.01 19:09:49.301,1.1176,1.118,19.10,1.60
2007.08.01 19:09:52.139,1.1174,1.1179,11.90,7.90
2007.08.01 19:09:52.177,1.1176,1.1179,5.60,7.90
2007.08.01 19:09:52.270,1.1176,1.118,4.00,17.50
2007.08.01 19:09:52.362,1.11755,1.118,5.60,17.50
2007.08.01 19:09:52.678,1.11755,1.1179,5.60,7.90
2007.08.01 19:09:55.309,1.11755,1.118,5.60,17.50
2007.08.01 19:09:55.426,1.1176,1.118,1.60,15.90
2007.08.01 19:09:55.702,1.1176,1.118,7.20,7.90
2007.08.01 19:09:55.745,1.1176,1.1179,5.60,7.90
2007.08.01 19:09:56.541,1.11755,1.1179,5.60,7.90
2007.08.01 19:09:58.716,1.1175,1.1179,5.60,15.90
2007.08.01 19:09:58.733,1.1176,1.1179,1.60,8.00
2007.08.01 19:09:59.042,1.1176,1.118,1.60,21.50
2007.08.01 19:09:59.156,1.1176,1.118,1.60,25.50
2007.08.01 19:09:59.283,1.1176,1.1179,1.60,5.60
2007.08.01 19:10:02.572,1.1176,1.1179,0.80,5.60
2007.08.01 19:10:02.712,1.11755,1.1179,2.10,17.50
2007.08.01 19:10:02.828,1.1174,1.1179,5.40,17.50
2007.08.01 19:10:02.939,1.1174,1.1181,19.10,4.00
2007.08.01 19:10:03.049,1.1174,1.1179,15.10,25.50
2007.08.01 19:10:04.370,1.1175,1.1179,1.60,17.50
2007.08.01 19:10:05.386,1.1174,1.1179,15.10,25.50
2007.08.01 19:10:08.776,1.1175,1.1179,2.50,13.60
2007.08.01 19:10:08.847,1.1175,1.1179,13.50,5.60
2007.08.01 19:10:08.996,1.1175,1.1179,13.50,1.60
2007.08.01 19:10:09.205,1.11755,1.118,2.50,23.90
2007.08.01 19:10:09.728,1.1175,1.118,13.50,19.90
2007.08.01 19:10:10.288,1.1176,1.118,1.10,15.90
2007.08.01 19:10:10.439,1.1176,1.118,2.40,7.90
2007.08.01 19:10:10.817,1.11725,1.11805,5.00,8.00
2007.08.01 19:10:10.923,1.1176,1.1181,23.10,7.90
2007.08.01 19:10:11.232,1.1178,1.1181,1.70,7.90
2007.08.01 19:10:12.294,1.1177,1.118,9.60,7.90
2007.08.01 19:10:12.416,1.1177,1.118,1.70,7.90
2007.08.01 19:10:12.486,1.1176,1.118,11.20,7.90
2007.08.01 19:10:13.368,1.1176,1.118,3.10,7.90
2007.08.01 19:10:15.256,1.1176,1.118,11.20,7.90
2007.08.01 19:10:17.791,1.1177,1.1179,0.80,7.90
2007.08.01 19:10:17.907,1.11755,1.1179,11.20,7.90
2007.08.01 19:10:19.370,1.1176,1.1179,0.80,7.90
2007.08.01 19:10:19.658,1.1175,1.1179,9.60,15.90
2007.08.01 19:10:19.911,1.1175,1.1179,1.20,15.90
2007.08.01 19:10:19.978,1.11745,1.11785,11.20,8.00
2007.08.01 19:10:20.759,1.1176,1.11785,1.10,8.00
2007.08.01 19:10:21.001,1.11745,1.11785,2.70,8.00
2007.08.01 19:10:21.019,1.1175,1.1179,11.20,15.90
2007.08.01 19:10:25.937,1.1176,1.1179,2.40,7.90
2007.08.01 19:10:26.741,1.1176,1.1179,2.20,7.90
2007.08.01 19:10:27.048,1.1176,1.1179,1.20,15.90
2007.08.01 19:10:32.935,1.1176,1.1179,4.00,7.90
2007.08.01 19:10:35.000,1.1176,1.1179,4.00,11.90
2007.08.01 19:10:35.010,1.1176,1.1179,4.00,19.90
2007.08.01 19:10:37.511,1.1176,1.1179,4.00,15.90
2007.08.01 19:10:37.680,1.1176,1.1179,4.00,7.90
2007.08.01 19:10:39.902,1.1176,1.11785,4.00,8.00
2007.08.01 19:10:41.945,1.1175,1.1178,4.00,8.00
2007.08.01 19:10:43.109,1.1174,1.1178,19.10,8.00
2007.08.01 19:10:43.214,1.1175,1.1178,4.00,8.00
2007.08.01 19:10:43.426,1.1175,1.1178,4.00,12.00
2007.08.01 19:10:43.813,1.1175,1.1178,4.00,4.00
2007.08.01 19:10:43.985,1.1175,1.11785,4.00,8.00
2007.08.01 19:10:44.351,1.1175,1.1179,4.00,23.90
2007.08.01 19:10:44.816,1.1175,1.1179,4.00,19.90
2007.08.01 19:10:45.738,1.1175,1.118,4.00,27.90
2007.08.01 19:10:47.792,1.1175,1.118,5.60,27.90
2007.08.01 19:10:47.899,1.1175,1.1179,5.60,19.80
2007.08.01 19:10:48.335,1.1175,1.1178,4.00,0.70
2007.08.01 19:10:48.632,1.1175,1.1179,4.00,23.80
2007.08.01 19:10:49.778,1.1175,1.1178,4.00,23.80
2007.08.01 19:10:49.966,1.1174,1.1179,13.50,0.80
2007.08.01 19:10:50.114,1.1174,1.1179,19.10,27.90
2007.08.01 19:10:50.190,1.1175,1.1179,1.60,27.90
2007.08.01 19:10:51.239,1.1175,1.11785,5.60,0.80
2007.08.01 19:10:53.786,1.1175,1.1179,4.00,19.90
2007.08.01 19:10:54.234,1.1175,1.118,4.00,21.50
2007.08.01 19:10:54.318,1.1174,1.1178,5.60,19.90
2007.08.01 19:10:54.935,1.1174,1.1178,1.60,25.50
2007.08.01 19:10:55.354,1.1174,1.1178,13.50,13.60
2007.08.01 19:10:55.843,1.1172,1.1178,4.00,0.80
2007.08.01 19:10:55.873,1.1172,1.1179,4.00,25.50
2007.08.01 19:10:56.291,1.1172,1.1178,15.90,11.80
2007.08.01 19:10:56.363,1.1174,1.1177,5.60,0.50
2007.08.01 19:10:56.413,1.1175,1.1177,4.00,0.50
2007.08.01 19:10:56.951,1.1174,1.1178,5.60,25.40
2007.08.01 19:10:58.201,1.1174,1.1177,5.60,0.70
2007.08.01 19:10:58.420,1.1175,1.1177,4.00,0.60
2007.08.01 19:11:02.295,1.1174,1.1177,5.60,0.70
2007.08.01 19:11:02.363,1.1175,1.1179,5.60,0.90
2007.08.01 19:11:02.856,1.1175,1.1178,7.20,13.50
2007.08.01 19:11:02.976,1.1175,1.1179,7.20,17.40
2007.08.01 19:11:03.289,1.1175,1.1179,7.20,17.40
2007.08.01 19:11:03.387,1.1173,1.1179,15.90,17.40
2007.08.01 19:11:03.499,1.1175,1.11785,5.60,19.90
2007.08.01 19:11:04.244,1.1175,1.11785,5.60,15.90
2007.08.01 19:11:04.455,1.1175,1.1178,5.60,0.80
2007.08.01 19:11:04.740,1.11735,1.1179,5.60,25.40
2007.08.01 19:11:04.770,1.1175,1.1178,4.00,25.40
2007.08.01 19:11:04.994,1.1174,1.11775,5.60,15.90
2007.08.01 19:11:05.209,1.1174,1.1178,5.60,21.50
2007.08.01 19:11:05.860,1.1175,1.11775,4.00,0.70
2007.08.01 19:11:06.102,1.1175,1.1178,4.00,0.60
2007.08.01 19:11:06.805,1.1175,1.1179,4.00,29.50
2007.08.01 19:11:06.914,1.1175,1.1178,5.60,0.90
2007.08.01 19:11:07.001,1.1175,1.1179,5.60,0.90
2007.08.01 19:11:07.040,1.1175,1.1179,5.60,0.50
2007.08.01 19:11:07.163,1.1175,1.1179,11.20,0.70
2007.08.01 19:11:07.218,1.1175,1.118,11.20,29.50
2007.08.01 19:11:08.348,1.1175,1.118,7.20,29.50
2007.08.01 19:11:08.863,1.1175,1.118,1.60,21.50
2007.08.01 19:11:08.965,1.1175,1.1181,5.60,21.50
2007.08.01 19:11:09.454,1.1175,1.11825,5.60,5.00
2007.08.01 19:11:09.830,1.1176,1.1179,1.60,0.60
2007.08.01 19:11:09.948,1.1176,1.118,5.60,25.50
2007.08.01 19:11:10.200,1.1176,1.1181,5.60,29.50
2007.08.01 19:11:10.243,1.1176,1.1181,4.00,29.50
2007.08.01 19:11:10.670,1.1176,1.118,4.00,0.70
2007.08.01 19:11:10.787,1.1176,1.118,4.00,21.50
2007.08.01 19:11:10.987,1.1175,1.11795,11.20,19.90
2007.08.01 19:11:11.309,1.1175,1.1179,9.60,0.50
2007.08.01 19:11:11.451,1.11745,1.1179,5.60,17.50
2007.08.01 19:11:11.456,1.1176,1.11795,4.00,17.50
2007.08.01 19:11:11.781,1.1176,1.118,4.00,25.40
2007.08.01 19:11:11.933,1.1176,1.118,4.00,25.40
2007.08.01 19:11:14.761,1.1176,1.1179,4.00,21.50
2007.08.01 19:11:14.968,1.1175,1.1178,5.60,1.60
2007.08.01 19:11:15.392,1.1176,1.1178,4.00,5.60
2007.08.01 19:11:16.235,1.1175,1.1178,5.60,1.60
2007.08.01 19:11:17.268,1.1175,1.1178,4.00,1.60
2007.08.01 19:11:18.217,1.1175,1.11785,4.00,8.00
2007.08.01 19:11:18.331,1.1175,1.1179,4.00,25.50
2007.08.01 19:11:18.945,1.1175,1.1179,4.00,21.50
2007.08.01 19:11:19.583,1.1175,1.1179,4.00,23.10
2007.08.01 19:11:19.825,1.1175,1.1178,4.00,1.60
2007.08.01 19:11:23.791,1.1175,1.1178,5.60,1.60
2007.08.01 19:11:24.229,1.1175,1.1178,4.00,1.60
2007.08.01 19:11:24.326,1.1175,1.1178,4.00,5.60
2007.08.01 19:11:25.300,1.1175,1.1177,4.00,1.60
2007.08.01 19:11:27.939,1.1174,1.1177,4.00,1.60
2007.08.01 19:11:28.156,1.11735,1.1177,5.60,5.60
2007.08.01 19:11:29.198,1.11735,1.1177,5.60,1.60
2007.08.01 19:11:30.242,1.11735,1.1177,5.60,5.60
2007.08.01 19:11:31.309,1.1174,1.1176,4.00,1.60
2007.08.01 19:11:31.408,1.11735,1.1176,5.60,1.60
2007.08.01 19:11:31.508,1.1173,1.1176,5.60,1.60
2007.08.01 19:11:31.727,1.1174,1.1177,1.60,21.50
2007.08.01 19:11:31.882,1.1174,1.1177,1.60,13.50
2007.08.01 19:11:32.056,1.1175,1.1177,4.00,5.60
2007.08.01 19:11:32.267,1.1174,1.1176,4.00,1.60
2007.08.01 19:11:32.409,1.1173,1.1176,5.60,1.60
2007.08.01 19:11:32.916,1.1174,1.1176,4.00,1.60
2007.08.01 19:11:33.341,1.1173,1.1176,5.60,1.60
2007.08.01 19:11:34.702,1.1173,1.1177,4.00,19.90
2007.08.01 19:11:34.745,1.1173,1.1175,4.00,1.60
2007.08.01 19:11:34.924,1.1173,1.1176,5.60,11.20
2007.08.01 19:11:35.433,1.1173,1.1176,5.60,3.20
2007.08.01 19:11:35.440,1.1173,1.11765,5.60,8.00
2007.08.01 19:11:35.559,1.1173,1.1177,5.60,19.10
2007.08.01 19:11:35.854,1.1173,1.1177,5.60,23.10
2007.08.01 19:11:36.059,1.1173,1.1177,5.60,19.10
2007.08.01 19:11:36.277,1.1173,1.1177,1.60,19.10
2007.08.01 19:11:36.681,1.11725,1.1177,5.60,19.10
2007.08.01 19:11:37.242,1.11725,1.1176,5.60,7.90
2007.08.01 19:11:37.322,1.11725,1.1176,5.60,9.50
2007.08.01 19:11:37.445,1.11725,1.1176,5.60,13.50
2007.08.01 19:11:37.501,1.1173,1.1176,5.60,13.50
2007.08.01 19:11:37.544,1.1171,1.1176,9.50,13.50
2007.08.01 19:11:37.619,1.11715,1.1176,5.60,21.50
2007.08.01 19:11:37.861,1.11715,1.1176,5.60,9.60
2007.08.01 19:11:38.033,1.1171,1.1176,13.50,1.60
2007.08.01 19:11:38.195,1.1171,1.1177,11.90,9.60
2007.08.01 19:11:40.689,1.11725,1.1177,5.60,9.60
2007.08.01 19:11:40.803,1.11725,1.1177,5.60,8.00
2007.08.01 19:11:40.949,1.1173,1.11775,5.60,8.00
2007.08.01 19:11:41.851,1.1172,1.1178,13.50,11.20
2007.08.01 19:11:41.980,1.1171,1.1174,17.50,1.60
2007.08.01 19:11:42.100,1.1172,1.1174,4.00,1.60
2007.08.01 19:11:42.215,1.1171,1.1174,21.50,1.60
2007.08.01 19:11:42.390,1.1172,1.1174,5.60,1.60
2007.08.01 19:11:42.527,1.1171,1.1174,8.00,1.60
2007.08.01 19:11:42.539,1.1171,1.1174,4.00,1.60
2007.08.01 19:11:42.738,1.1171,1.1175,11.90,13.60
2007.08.01 19:11:42.982,1.1172,1.1175,4.00,9.60
2007.08.01 19:11:43.189,1.1172,1.1175,9.60,1.60
2007.08.01 19:11:43.264,1.1169,1.1176,4.00,13.60
2007.08.01 19:11:43.366,1.1169,1.1176,4.00,5.60
2007.08.01 19:11:43.985,1.117,1.1176,4.00,1.60
2007.08.01 19:11:44.380,1.117,1.1176,4.00,0.90
2007.08.01 19:11:44.411,1.1172,1.1175,17.50,0.80
2007.08.01 19:11:44.737,1.117,1.1176,4.00,9.60
2007.08.01 19:11:44.971,1.117,1.11765,4.00,0.50
2007.08.01 19:11:45.265,1.1173,1.11765,4.00,0.50
2007.08.01 19:11:46.089,1.117,1.11765,4.00,0.80
2007.08.01 19:11:47.239,1.117,1.11765,4.00,9.60
2007.08.01 19:11:47.314,1.11725,1.11765,5.60,9.60
2007.08.01 19:11:47.799,1.1173,1.1178,7.90,23.10
2007.08.01 19:11:48.333,1.1173,1.1178,17.50,19.10
2007.08.01 19:11:48.660,1.1173,1.1177,17.50,9.60
2007.08.01 19:11:48.775,1.1173,1.1177,13.50,9.60
2007.08.01 19:11:49.026,1.11735,1.1178,5.60,21.50
2007.08.01 19:11:49.039,1.1173,1.1177,19.10,9.60
2007.08.01 19:11:51.259,1.1173,1.1178,17.50,25.50
2007.08.01 19:11:51.688,1.1173,1.1178,9.60,25.50
2007.08.01 19:11:52.017,1.1173,1.1178,5.60,25.50
2007.08.01 19:11:52.024,1.11725,1.1177,5.60,0.80
2007.08.01 19:11:52.232,1.11725,1.1178,5.60,27.10
2007.08.01 19:11:52.356,1.1173,1.1177,11.90,0.80
2007.08.01 19:11:52.753,1.1173,1.1178,17.50,19.10
2007.08.01 19:11:52.894,1.11735,1.11775,5.60,9.60
2007.08.01 19:11:53.198,1.11735,1.1178,5.60,19.10
2007.08.01 19:11:53.731,1.1174,1.11775,7.90,0.60
2007.08.01 19:11:53.944,1.1174,1.1179,7.90,27.10
2007.08.01 19:11:54.806,1.1174,1.1178,7.90,11.20
2007.08.01 19:11:55.198,1.1174,1.11775,7.90,9.60
2007.08.01 19:11:55.826,1.1174,1.1178,7.90,9.60
2007.08.01 19:11:56.289,1.11735,1.1178,5.60,21.50
2007.08.01 19:11:58.348,1.1173,1.11775,19.10,0.50
2007.08.01 19:11:58.606,1.1173,1.1176,19.10,0.50
2007.08.01 19:11:59.269,1.1174,1.1177,1.60,0.90
2007.08.01 19:11:59.408,1.1174,1.1177,1.60,0.80
2007.08.01 19:11:59.698,1.1174,1.11775,9.50,13.60
2007.08.01 19:11:59.910,1.1174,1.1177,13.50,0.90
2007.08.01 19:11:59.947,1.1172,1.1177,4.00,0.80
2007.08.01 19:12:00.234,1.1172,1.1177,4.00,0.70
2007.08.01 19:12:00.774,1.1174,1.1178,17.50,15.20
2007.08.01 19:12:00.970,1.1174,1.1177,7.90,0.60
2007.08.01 19:12:02.999,1.1174,1.11775,11.90,9.60
2007.08.01 19:12:03.197,1.1174,1.11775,13.50,9.60
2007.08.01 19:12:03.305,1.1174,1.11775,9.50,9.60
2007.08.01 19:12:03.798,1.1174,1.1178,15.10,11.20
2007.08.01 19:12:03.936,1.1172,1.1178,4.00,11.20
2007.08.01 19:12:04.139,1.1174,1.1178,17.50,11.20
2007.08.01 19:12:04.251,1.1174,1.1178,13.50,11.20
2007.08.01 19:12:04.311,1.1174,1.1177,7.90,0.80
2007.08.01 19:12:04.676,1.1174,1.11775,9.50,0.50
2007.08.01 19:12:04.823,1.1174,1.1178,15.10,0.90
2007.08.01 19:12:04.891,1.1174,1.11785,19.10,11.20
2007.08.01 19:12:05.082,1.11745,1.11785,5.60,11.20
2007.08.01 19:12:07.929,1.1174,1.1178,13.50,0.90
2007.08.01 19:12:10.751,1.1174,1.1178,7.90,0.90
2007.08.01 19:12:10.794,1.1174,1.1178,7.90,11.20
2007.08.01 19:12:15.019,1.11735,1.1177,5.60,9.50
2007.08.01 19:12:15.167,1.1173,1.1177,9.60,17.50
2007.08.01 19:12:17.921,1.1174,1.1177,7.90,9.60
2007.08.01 19:12:17.971,1.1174,1.1177,7.90,1.60
2007.08.01 19:12:18.236,1.1174,1.1177,7.90,9.60
2007.08.01 19:12:18.250,1.1174,1.1176,4.00,1.60
2007.08.01 19:12:18.490,1.1174,1.11775,4.00,8.00
2007.08.01 19:12:19.272,1.1174,1.1177,7.90,1.60
2007.08.01 19:12:19.330,1.1174,1.1177,7.90,9.60
2007.08.01 19:12:19.419,1.1174,1.1177,7.90,1.60
2007.08.01 19:12:22.678,1.1174,1.1177,11.90,1.60
2007.08.01 19:12:23.213,1.1174,1.11775,11.90,8.00
2007.08.01 19:12:23.304,1.1174,1.11775,4.00,8.00
2007.08.01 19:12:23.418,1.1174,1.1176,4.00,1.60
2007.08.01 19:12:23.459,1.1174,1.1176,2.40,1.60
2007.08.01 19:12:24.263,1.1174,1.1176,4.40,1.60
2007.08.01 19:12:24.397,1.1174,1.1177,13.50,8.00
2007.08.01 19:12:24.996,1.11745,1.1178,9.60,1.60
2007.08.01 19:12:25.468,1.1173,1.1178,23.00,1.60
2007.08.01 19:12:25.766,1.1173,1.1177,23.00,1.60
2007.08.01 19:12:25.964,1.1174,1.1177,4.10,1.60
2007.08.01 19:12:26.304,1.1173,1.1177,17.50,1.60
2007.08.01 19:12:26.486,1.1172,1.1177,23.00,1.60
2007.08.01 19:12:27.655,1.1173,1.11775,5.40,8.00
2007.08.01 19:12:27.860,1.1173,1.1176,5.40,1.60
2007.08.01 19:12:29.709,1.1173,1.1176,3.60,1.60
2007.08.01 19:12:29.759,1.1173,1.1176,1.20,1.60
2007.08.01 19:12:29.861,1.1174,1.1176,2.20,1.60
2007.08.01 19:12:30.176,1.1173,1.1177,19.10,13.60
2007.08.01 19:12:30.259,1.1173,1.1177,19.10,5.60
2007.08.01 19:12:30.305,1.1174,1.1177,2.90,5.60
2007.08.01 19:12:30.402,1.1173,1.1177,23.00,1.60
2007.08.01 19:12:30.707,1.11735,1.11775,2.80,8.00
2007.08.01 19:12:30.785,1.1173,1.1176,2.40,1.60
2007.08.01 19:12:30.940,1.1173,1.1176,19.10,1.60
2007.08.01 19:12:31.753,1.1174,1.1177,6.40,8.00
2007.08.01 19:12:31.795,1.1174,1.1178,3.90,11.20
2007.08.01 19:12:31.854,1.11735,1.1178,19.10,15.20
2007.08.01 19:12:32.318,1.11745,1.1178,1.20,7.20
2007.08.01 19:12:32.717,1.1174,1.1178,9.60,17.50
2007.08.01 19:12:32.903,1.1174,1.1176,0.80,1.60
2007.08.01 19:12:35.256,1.1173,1.1177,23.00,9.60
2007.08.01 19:12:35.273,1.1173,1.1177,23.00,1.60
2007.08.01 19:12:35.791,1.11735,1.11775,17.50,8.00
2007.08.01 19:12:36.342,1.11735,1.1178,17.50,11.20
2007.08.01 19:12:37.280,1.11735,1.1178,9.60,21.50
2007.08.01 19:12:37.332,1.1173,1.1176,19.10,1.60
2007.08.01 19:12:37.388,1.1173,1.1176,1.90,1.60
2007.08.01 19:12:39.927,1.1173,1.1176,19.10,1.60
2007.08.01 19:12:42.009,1.11725,1.1176,17.50,1.60
2007.08.01 19:12:44.837,1.1172,1.11765,19.10,8.00
2007.08.01 19:12:46.258,1.1173,1.1175,2.10,3.20
2007.08.01 19:12:46.352,1.1172,1.1175,2.70,3.20
2007.08.01 19:12:46.489,1.1171,1.1175,11.90,11.20
2007.08.01 19:12:46.785,1.11705,1.1175,2.50,23.10
2007.08.01 19:12:46.983,1.11705,1.1177,9.60,4.00
2007.08.01 19:12:47.326,1.1171,1.1175,6.10,11.20
2007.08.01 19:12:47.419,1.1172,1.1175,1.70,11.20
2007.08.01 19:12:47.758,1.1171,1.1174,11.90,1.60
2007.08.01 19:12:48.297,1.11705,1.1174,9.60,1.60
2007.08.01 19:12:50.264,1.117,1.1174,20.70,1.60
2007.08.01 19:12:50.447,1.1171,1.1174,8.90,1.60
2007.08.01 19:12:50.487,1.1171,1.1174,19.10,1.60
2007.08.01 19:12:54.244,1.1172,1.1175,15.10,1.60
2007.08.01 19:12:54.891,1.1173,1.1175,4.00,1.60
2007.08.01 19:12:55.307,1.1172,1.1175,5.60,1.60
2007.08.01 19:12:55.416,1.1172,1.1175,1.60,1.60
2007.08.01 19:12:55.735,1.1172,1.1175,7.20,1.60
2007.08.01 19:12:55.943,1.1172,1.1175,11.20,5.60
2007.08.01 19:12:56.215,1.1172,1.1175,5.60,5.60
2007.08.01 19:12:57.779,1.1172,1.1175,15.10,5.60
2007.08.01 19:12:57.811,1.1172,1.1175,20.70,5.60
2007.08.01 19:12:57.963,1.1172,1.1175,20.70,1.60
2007.08.01 19:12:58.816,1.117,1.1174,3.20,1.60
2007.08.01 19:12:59.363,1.1172,1.1174,5.60,1.60
2007.08.01 19:12:59.712,1.1171,1.1174,4.00,1.60
2007.08.01 19:13:00.308,1.1171,1.1174,11.90,1.60
2007.08.01 19:13:00.634,1.1171,1.1174,17.50,1.60
2007.08.01 19:13:00.748,1.1171,1.1174,19.10,1.60
2007.08.01 19:13:01.264,1.1172,1.11755,4.00,8.00
2007.08.01 19:13:01.322,1.1172,1.1174,4.00,3.20
2007.08.01 19:13:01.563,1.1172,1.11755,4.00,8.00
2007.08.01 19:13:01.805,1.1172,1.1174,4.00,1.60
2007.08.01 19:13:02.300,1.1172,1.1175,15.10,1.60
2007.08.01 19:13:02.733,1.1172,1.1175,13.50,1.60
2007.08.01 19:13:02.908,1.1172,1.1175,19.10,1.60
2007.08.01 19:13:03.411,1.1172,1.1175,13.50,1.60
2007.08.01 19:13:04.714,1.1172,1.1175,15.10,1.60
2007.08.01 19:13:04.972,1.1172,1.1175,20.70,1.60
2007.08.01 19:13:06.269,1.1173,1.1176,1.60,3.20
2007.08.01 19:13:06.696,1.1173,1.1176,9.50,3.20
2007.08.01 19:13:06.802,1.1173,1.1176,9.50,1.60
2007.08.01 19:13:06.807,1.1173,1.1176,15.10,1.60
2007.08.01 19:13:06.898,1.1173,1.1176,19.10,1.60
2007.08.01 19:13:10.722,1.1174,1.1177,7.90,9.60
2007.08.01 19:13:10.914,1.1174,1.1177,7.90,1.60
2007.08.01 19:13:11.769,1.1174,1.1177,9.50,1.60
2007.08.01 19:13:11.971,1.1174,1.1177,13.50,1.60
2007.08.01 19:13:12.055,1.1174,1.1177,19.10,1.60
2007.08.01 19:13:16.738,1.1174,1.1178,19.10,11.20
2007.08.01 19:13:17.053,1.11745,1.1178,5.60,3.20
2007.08.01 19:13:17.272,1.1175,1.1178,4.00,3.20
2007.08.01 19:13:17.794,1.1175,1.1178,4.00,13.50
2007.08.01 19:13:17.892,1.11745,1.1178,5.60,13.50
2007.08.01 19:13:18.046,1.1174,1.1176,4.00,1.60
2007.08.01 19:13:18.317,1.1175,1.1177,1.60,8.00
2007.08.01 19:13:18.411,1.1175,1.1178,1.60,1.60
2007.08.01 19:13:19.378,1.1175,1.1178,5.60,1.60
2007.08.01 19:13:19.444,1.1175,1.1178,11.20,1.60
2007.08.01 19:13:20.501,1.1175,1.1178,5.60,1.60
2007.08.01 19:13:22.099,1.11745,1.1178,11.20,1.60
2007.08.01 19:13:22.390,1.1175,1.11785,2.80,8.00
2007.08.01 19:13:22.789,1.11745,1.1178,11.20,1.60
2007.08.01 19:13:25.435,1.11745,1.1178,7.20,1.60
2007.08.01 19:13:25.736,1.1175,1.11785,0.80,8.00
2007.08.01 19:13:25.948,1.11745,1.11785,11.20,8.00
2007.08.01 19:13:26.619,1.1175,1.1179,0.80,21.50
2007.08.01 19:13:26.771,1.11745,1.1179,20.70,9.60
2007.08.01 19:13:26.925,1.1175,1.1179,5.70,1.60
2007.08.01 19:13:27.745,1.1176,1.1179,0.50,1.60
2007.08.01 19:13:27.939,1.1176,1.1179,2.00,1.60
2007.08.01 19:13:30.989,1.1176,1.1179,7.20,1.60
2007.08.01 19:13:31.709,1.1178,1.118,0.70,8.00
2007.08.01 19:13:31.825,1.1177,1.118,7.20,8.00
2007.08.01 19:13:31.870,1.1178,1.1181,0.90,11.10
2007.08.01 19:13:35.243,1.1178,1.1181,5.60,9.50
2007.08.01 19:13:35.365,1.1178,1.1181,11.20,1.60
2007.08.01 19:13:35.769,1.1179,1.1181,1.00,3.20
2007.08.01 19:13:35.879,1.1178,1.1181,1.80,3.20
2007.08.01 19:13:36.063,1.1178,1.1181,2.10,3.20
2007.08.01 19:13:37.754,1.1178,1.1181,5.60,1.60
2007.08.01 19:13:37.962,1.1179,1.1181,2.30,1.60
2007.08.01 19:13:42.305,1.1178,1.1181,11.20,3.20
2007.08.01 19:13:44.801,1.1179,1.1181,2.00,11.10
2007.08.01 19:13:44.975,1.1178,1.1181,0.60,11.10
2007.08.01 19:13:46.763,1.1177,1.1181,23.10,3.20
2007.08.01 19:13:47.377,1.1178,1.1181,5.60,3.20
2007.08.01 19:13:48.312,1.11775,1.1181,11.20,3.20
2007.08.01 19:13:50.820,1.1178,1.1181,5.60,3.20
2007.08.01 19:13:56.806,1.1178,1.1181,5.60,3.20
2007.08.01 19:14:00.354,1.1178,1.118,4.00,1.60
2007.08.01 19:14:00.418,1.11775,1.118,5.60,1.60
2007.08.01 19:14:00.493,1.1177,1.118,7.20,1.60
2007.08.01 19:14:05.218,1.1177,1.11805,5.60,8.00
2007.08.01 19:14:05.317,1.1176,1.1179,9.60,1.60
2007.08.01 19:14:05.603,1.1176,1.1179,4.00,1.60
2007.08.01 19:14:05.746,1.1176,1.118,4.00,17.50
2007.08.01 19:14:05.889,1.1176,1.1178,4.00,1.60
2007.08.01 19:14:06.785,1.1176,1.1179,5.60,11.20
2007.08.01 19:14:06.964,1.1176,1.1179,5.60,3.20
2007.08.01 19:14:10.758,1.1176,1.11795,4.00,8.00
2007.08.01 19:14:11.341,1.1176,1.1179,5.60,3.20
2007.08.01 19:14:16.233,1.1176,1.1179,13.50,1.60
2007.08.01 19:14:16.745,1.1176,1.118,19.10,9.60
2007.08.01 19:14:16.913,1.1176,1.118,24.70,1.60
2007.08.01 19:14:18.693,1.1177,1.118,7.90,1.60
2007.08.01 19:14:18.722,1.1177,1.118,13.50,1.60
2007.08.01 19:14:18.784,1.1177,1.1181,13.50,11.20
2007.08.01 19:14:19.400,1.1177,1.1182,13.50,19.20
2007.08.01 19:14:23.371,1.1178,1.1181,7.90,0.80
2007.08.01 19:14:23.497,1.1178,1.1181,7.90,0.70
2007.08.01 19:14:24.281,1.1178,1.1182,9.50,9.60
2007.08.01 19:14:24.357,1.1178,1.1182,9.50,0.90
2007.08.01 19:14:24.639,1.1178,1.1182,9.50,0.70
2007.08.01 19:14:24.695,1.1178,1.1182,9.50,0.80
2007.08.01 19:14:24.823,1.1179,1.1182,7.90,0.60
2007.08.01 19:14:25.457,1.1179,1.11825,7.90,0.80
2007.08.01 19:14:28.258,1.118,1.11825,7.90,0.70
2007.08.01 19:14:28.363,1.118,1.1184,7.90,0.50
2007.08.01 19:14:28.457,1.118,1.1184,7.90,11.20
2007.08.01 19:14:28.570,1.118,1.1185,7.90,19.20
2007.08.01 19:14:30.729,1.11795,1.1185,5.60,15.20
2007.08.01 19:14:30.850,1.11795,1.1185,5.60,13.60
2007.08.01 19:14:31.273,1.118,1.1186,7.90,0.90
2007.08.01 19:14:31.362,1.118,1.1184,7.90,15.20
2007.08.01 19:14:31.796,1.1179,1.1184,19.10,11.20
2007.08.01 19:14:32.307,1.1179,1.11835,12.80,17.50
2007.08.01 19:14:32.737,1.1179,1.11835,11.20,17.50
2007.08.01 19:14:32.945,1.1179,1.1183,7.20,0.70
2007.08.01 19:14:33.043,1.1179,1.1184,1.60,23.10
2007.08.01 19:14:33.244,1.1179,1.1183,7.20,0.60
2007.08.01 19:14:34.090,1.1179,1.11835,7.20,15.90
2007.08.01 19:14:34.300,1.118,1.11835,3.20,15.90
2007.08.01 19:14:34.700,1.118,1.1184,3.20,21.50
2007.08.01 19:14:34.801,1.118,1.11845,8.80,21.50
2007.08.01 19:14:34.907,1.118,1.11845,12.80,21.50
2007.08.01 19:14:35.333,1.118,1.1184,12.80,0.70
2007.08.01 19:14:36.332,1.118,1.11845,11.20,17.50
2007.08.01 19:14:36.366,1.118,1.1185,5.60,19.10
2007.08.01 19:14:36.733,1.118,1.1184,7.20,0.50
2007.08.01 19:14:37.410,1.118,1.11845,12.80,17.50
2007.08.01 19:14:37.679,1.118,1.1184,11.20,0.50
2007.08.01 19:14:39.231,1.118,1.11845,12.80,17.50
2007.08.01 19:14:40.818,1.118,1.1185,11.20,9.60
2007.08.01 19:14:41.023,1.118,1.1183,5.60,0.60
2007.08.01 19:14:41.340,1.118,1.1185,1.60,19.10
2007.08.01 19:14:41.897,1.1181,1.1184,1.60,0.70
2007.08.01 19:14:41.921,1.1181,1.1185,7.20,0.70
2007.08.01 19:14:41.947,1.1181,1.1185,11.20,0.80
2007.08.01 19:14:42.799,1.1181,1.11855,9.60,23.10
2007.08.01 19:14:42.818,1.1181,1.11865,4.00,28.88
2007.08.01 19:14:42.882,1.1181,1.1187,4.00,0.60
2007.08.01 19:14:43.385,1.11805,1.11885,5.60,5.00
2007.08.01 19:14:43.817,1.1182,1.1186,3.20,17.50
2007.08.01 19:14:44.017,1.1182,1.1185,7.20,0.90
2007.08.01 19:14:44.159,1.1182,1.1186,12.80,0.80
2007.08.01 19:14:46.200,1.1182,1.11865,24.70,0.50
2007.08.01 19:14:46.495,1.11825,1.1187,5.60,0.60
2007.08.01 19:14:47.268,1.1182,1.11865,12.80,15.90
2007.08.01 19:14:47.366,1.1182,1.1186,12.80,0.90
2007.08.01 19:14:48.774,1.1183,1.11865,1.60,0.80
2007.08.01 19:14:48.811,1.1183,1.1188,7.20,23.10
2007.08.01 19:14:50.227,1.1183,1.1187,11.20,19.10
2007.08.01 19:14:50.347,1.1183,1.1187,7.20,19.10
2007.08.01 19:14:50.864,1.1184,1.1187,3.20,15.90
2007.08.01 19:14:50.905,1.11825,1.1187,5.60,15.90
2007.08.01 19:14:51.276,1.1184,1.1187,3.20,8.00
2007.08.01 19:14:51.480,1.1184,1.1188,8.80,17.50
2007.08.01 19:14:51.811,1.1184,1.1188,3.20,17.50
2007.08.01 19:14:51.834,1.1184,1.1188,1.60,17.50
2007.08.01 19:14:52.320,1.11835,1.1186,5.60,9.50
2007.08.01 19:14:52.497,1.1183,1.1186,4.00,9.50
2007.08.01 19:14:53.263,1.1182,1.1186,12.80,9.50
2007.08.01 19:14:56.766,1.1183,1.1188,13.50,15.10
2007.08.01 19:14:56.877,1.1183,1.1188,15.10,11.10
2007.08.01 19:14:56.981,1.11835,1.11875,5.60,8.00
2007.08.01 19:14:57.302,1.11835,1.1186,5.60,1.60
2007.08.01 19:14:57.767,1.1183,1.1186,17.50,1.60
2007.08.01 19:14:57.839,1.1183,1.1186,5.60,9.50
2007.08.01 19:14:58.049,1.1182,1.1186,12.80,9.50
2007.08.01 19:15:00.305,1.1183,1.11865,1.60,8.00
2007.08.01 19:15:00.391,1.1183,1.11865,5.60,8.00
2007.08.01 19:15:00.446,1.1183,1.1187,11.20,19.10
2007.08.01 19:15:02.269,1.1183,1.1187,20.70,8.00
2007.08.01 19:15:02.311,1.11835,1.11875,5.60,8.00
2007.08.01 19:15:05.875,1.1183,1.11875,20.70,8.00
2007.08.01 19:15:06.017,1.1183,1.1188,20.70,19.10
2007.08.01 19:15:06.279,1.1183,1.1188,24.70,19.10
2007.08.01 19:15:06.408,1.11835,1.1188,5.60,19.10
2007.08.01 19:15:09.228,1.11835,1.11875,5.60,17.50
2007.08.01 19:15:09.470,1.1183,1.1187,12.80,0.60
2007.08.01 19:15:10.891,1.1183,1.1187,24.70,0.50
2007.08.01 19:15:11.048,1.11835,1.11875,5.60,0.60
2007.08.01 19:15:11.804,1.1183,1.11875,23.10,0.70
2007.08.01 19:15:11.919,1.1183,1.11875,7.20,15.90
2007.08.01 19:15:13.773,1.1183,1.11875,7.20,19.90
2007.08.01 19:15:13.863,1.1183,1.1187,1.60,0.70
2007.08.01 19:15:13.874,1.11825,1.119,5.60,0.70
2007.08.01 19:15:23.362,1.11825,1.1186,5.60,13.50
2007.08.01 19:15:23.986,1.1182,1.1186,7.20,21.50
2007.08.01 19:15:24.832,1.1183,1.1187,1.60,27.10
2007.08.01 19:15:25.001,1.1183,1.1187,5.60,23.10
2007.08.01 19:15:25.028,1.1183,1.1186,5.60,0.80
2007.08.01 19:15:25.297,1.11825,1.1187,5.60,23.10
2007.08.01 19:15:25.697,1.1182,1.1189,11.10,19.10
2007.08.01 19:15:25.815,1.1182,1.1186,11.10,9.60
2007.08.01 19:15:25.876,1.1182,1.1186,16.70,0.80
2007.08.01 19:15:26.150,1.1182,1.1186,16.70,0.60
2007.08.01 19:15:27.263,1.1182,1.1186,12.80,21.50
2007.08.01 19:15:27.607,1.1182,1.1185,7.20,0.80
2007.08.01 19:15:28.414,1.11815,1.1185,5.60,0.50
2007.08.01 19:15:28.507,1.1181,1.1186,20.70,23.10
2007.08.01 19:15:29.268,1.1182,1.1185,7.90,0.60
2007.08.01 19:15:29.315,1.1182,1.11855,7.90,0.50
2007.08.01 19:15:32.258,1.1182,1.1187,7.90,15.20
2007.08.01 19:15:32.358,1.1182,1.1186,9.50,0.80
2007.08.01 19:15:34.232,1.1182,1.1189,9.50,0.90
2007.08.01 19:15:34.650,1.1182,1.11855,9.50,8.00
2007.08.01 19:15:34.948,1.1182,1.1185,1.60,4.00
2007.08.01 19:15:37.836,1.1182,1.1185,1.60,12.00
2007.08.01 19:15:38.377,1.1182,1.1186,1.60,1.60
2007.08.01 19:15:38.778,1.1182,1.1184,1.60,23.10
2007.08.01 19:15:38.978,1.1181,1.1184,1.60,23.10
2007.08.01 19:15:39.715,1.11795,1.1183,5.60,7.90
2007.08.01 19:15:40.966,1.118,1.1183,1.60,7.90
2007.08.01 19:15:41.247,1.118,1.1183,1.60,15.90
2007.08.01 19:15:41.807,1.11785,1.1182,5.60,11.10
2007.08.01 19:15:42.031,1.1179,1.1182,1.60,11.10
2007.08.01 19:15:42.520,1.11775,1.1182,5.60,19.10
2007.08.01 19:15:43.770,1.11775,1.1182,5.60,17.50
2007.08.01 19:15:44.196,1.1178,1.1182,1.60,17.50
2007.08.01 19:15:44.252,1.1178,1.1182,7.20,17.50
2007.08.01 19:15:48.766,1.1178,1.1182,20.70,9.60
2007.08.01 19:15:48.894,1.11785,1.1182,5.60,1.60
2007.08.01 19:15:51.767,1.1179,1.1181,1.60,1.60
2007.08.01 19:15:52.813,1.1176,1.118,19.10,1.60
2007.08.01 19:15:52.831,1.1176,1.118,24.70,1.60
2007.08.01 19:15:52.912,1.1176,1.118,20.70,1.60
2007.08.01 19:15:54.361,1.1176,1.118,20.70,5.60
2007.08.01 19:15:56.211,1.1176,1.118,20.70,4.00
2007.08.01 19:15:56.419,1.1176,1.11805,20.70,8.00
2007.08.01 19:15:56.455,1.1178,1.1181,1.60,23.10
2007.08.01 19:15:56.513,1.11765,1.1181,5.60,23.10
2007.08.01 19:15:57.557,1.1176,1.1181,20.70,23.10
2007.08.01 19:16:00.269,1.11765,1.118,5.60,1.60
2007.08.01 19:16:00.337,1.1174,1.118,4.00,1.60
2007.08.01 19:16:03.260,1.1174,1.11805,4.00,8.00
2007.08.01 19:16:03.292,1.1177,1.11805,11.90,8.00
2007.08.01 19:16:03.406,1.1177,1.11805,13.50,8.00
2007.08.01 19:16:03.514,1.1177,1.1182,15.10,15.10
2007.08.01 19:16:03.524,1.1177,1.1181,15.10,8.00
2007.08.01 19:16:03.781,1.11775,1.1182,5.60,23.10
2007.08.01 19:16:03.805,1.11775,1.1182,5.60,19.10
2007.08.01 19:16:04.039,1.11775,1.11815,5.60,8.00
2007.08.01 19:16:04.723,1.11775,1.1182,5.60,19.10
2007.08.01 19:16:06.318,1.11775,1.1181,5.60,9.50
2007.08.01 19:16:06.493,1.1177,1.1181,8.80,9.50
2007.08.01 19:16:14.245,1.1177,1.118,8.80,1.60
2007.08.01 19:16:14.464,1.1177,1.118,3.20,1.60
2007.08.01 19:16:14.780,1.1174,1.118,4.00,1.60
2007.08.01 19:16:15.256,1.1174,1.118,4.00,9.60
2007.08.01 19:16:15.286,1.1177,1.118,1.60,9.60
2007.08.01 19:16:16.324,1.1176,1.118,3.20,17.50
2007.08.01 19:16:18.319,1.1176,1.118,15.10,9.60
2007.08.01 19:16:18.825,1.1176,1.118,16.70,8.00
2007.08.01 19:16:19.658,1.11765,1.1181,5.60,19.10
2007.08.01 19:16:19.735,1.11765,1.1181,5.60,17.50
2007.08.01 19:16:20.067,1.1177,1.1181,5.60,9.50
2007.08.01 19:16:25.280,1.1177,1.118,5.60,1.60
2007.08.01 19:16:25.576,1.1177,1.118,7.20,1.60
2007.08.01 19:16:26.232,1.1177,1.118,1.60,1.60
2007.08.01 19:16:27.219,1.1177,1.11805,1.60,8.00
2007.08.01 19:16:28.257,1.1174,1.11805,4.00,8.00
2007.08.01 19:16:28.289,1.11765,1.1181,5.60,17.50
2007.08.01 19:16:29.061,1.1176,1.1181,16.70,9.50
2007.08.01 19:16:29.507,1.1178,1.1181,1.60,9.50
2007.08.01 19:16:30.810,1.1178,1.11815,1.60,8.00
2007.08.01 19:16:31.012,1.1178,1.1182,1.60,19.10
2007.08.01 19:16:35.318,1.1178,1.1181,1.60,7.90
2007.08.01 19:16:37.803,1.1178,1.1182,1.60,19.10
2007.08.01 19:16:38.217,1.1178,1.1181,1.60,1.60
2007.08.01 19:16:38.431,1.1178,1.1181,1.60,9.50
2007.08.01 19:16:40.287,1.1177,1.1181,14.40,9.50
2007.08.01 19:16:41.754,1.11775,1.1182,5.60,19.10
2007.08.01 19:16:43.710,1.1178,1.1182,1.60,19.10
2007.08.01 19:16:45.238,1.11775,1.1182,7.20,19.10
2007.08.01 19:16:47.545,1.1178,1.1182,11.10,11.20
2007.08.01 19:16:47.650,1.1178,1.1182,15.10,11.20
2007.08.01 19:16:47.693,1.1178,1.1182,20.70,3.20
2007.08.01 19:16:49.258,1.11785,1.1182,5.60,3.20
2007.08.01 19:16:49.332,1.11785,1.1182,5.60,1.60
2007.08.01 19:16:50.756,1.1179,1.11825,12.70,8.00
2007.08.01 19:16:50.839,1.1179,1.1183,18.30,1.60
2007.08.01 19:16:51.278,1.1179,1.11835,18.30,8.00
2007.08.01 19:16:51.407,1.11795,1.11835,5.60,8.00
2007.08.01 19:16:52.116,1.118,1.11835,1.60,8.00
2007.08.01 19:16:52.214,1.118,1.11835,9.50,8.00
2007.08.01 19:16:52.635,1.118,1.11835,11.10,8.00
2007.08.01 19:16:53.290,1.1182,1.11835,1.60,8.00
2007.08.01 19:16:53.363,1.1182,1.1185,1.60,5.60
2007.08.01 19:16:53.483,1.1182,1.11835,1.60,8.00
2007.08.01 19:16:53.729,1.1182,1.1183,1.60,8.00
2007.08.01 19:16:53.838,1.1182,1.1184,1.60,12.00
2007.08.01 19:16:53.921,1.1182,1.1184,1.60,4.00
2007.08.01 19:16:53.988,1.1182,1.11845,1.60,8.00
2007.08.01 19:16:54.011,1.1182,1.1185,1.60,4.00
2007.08.01 19:16:54.074,1.1182,1.1185,1.60,12.00
2007.08.01 19:16:54.099,1.1181,1.1185,16.70,12.00
2007.08.01 19:16:54.312,1.1182,1.1185,7.90,8.00
2007.08.01 19:16:54.371,1.1182,1.11855,7.90,8.00
2007.08.01 19:16:54.402,1.1182,1.11855,9.50,8.00
2007.08.01 19:17:00.304,1.1182,1.11855,11.10,8.00
2007.08.01 19:17:00.520,1.1182,1.11855,15.10,8.00
2007.08.01 19:17:00.639,1.1182,1.1186,20.70,9.60
2007.08.01 19:17:01.245,1.1182,1.1186,16.70,9.60
2007.08.01 19:17:02.191,1.1182,1.1186,20.70,9.60
2007.08.01 19:17:07.787,1.1182,1.1186,22.30,8.00
2007.08.01 19:17:08.305,1.1183,1.1186,7.90,8.00
2007.08.01 19:17:08.895,1.1183,1.1186,9.50,8.00
2007.08.01 19:17:08.942,1.1183,1.1187,9.50,9.60
2007.08.01 19:17:10.350,1.1183,1.1187,13.50,9.60
2007.08.01 19:17:10.968,1.1183,1.1187,9.50,9.60
2007.08.01 19:17:11.353,1.11825,1.1187,15.10,9.60
2007.08.01 19:17:13.804,1.1184,1.1187,3.40,8.00
2007.08.01 19:17:13.907,1.1184,1.1188,4.10,13.60
2007.08.01 19:17:14.829,1.1185,1.1188,3.60,12.00
2007.08.01 19:17:14.921,1.1184,1.1188,18.30,4.00
2007.08.01 19:17:14.929,1.1184,1.11885,18.30,8.00
2007.08.01 19:17:15.283,1.1185,1.11885,3.20,8.00
2007.08.01 19:17:15.437,1.1185,1.1189,3.10,13.60
2007.08.01 19:17:15.853,1.1185,1.1189,4.50,9.60
2007.08.01 19:17:15.948,1.1185,1.11885,2.20,8.00
2007.08.01 19:17:15.972,1.1184,1.11885,18.30,8.00
2007.08.01 19:17:16.455,1.11845,1.1189,16.70,9.60
2007.08.01 19:17:18.257,1.11845,1.1189,8.80,21.50
2007.08.01 19:17:18.326,1.1184,1.11885,22.30,8.00
2007.08.01 19:17:18.351,1.1184,1.11885,16.70,8.00
2007.08.01 19:17:19.289,1.1184,1.1188,16.70,4.00
2007.08.01 19:17:19.850,1.1184,1.11875,1.10,8.00
2007.08.01 19:17:20.338,1.1183,1.11875,16.70,8.00
2007.08.01 19:17:22.399,1.1183,1.1187,11.10,8.00
2007.08.01 19:17:22.699,1.1184,1.1187,2.30,8.00
2007.08.01 19:17:22.934,1.1184,1.11875,4.00,8.00
2007.08.01 19:17:25.808,1.1184,1.1187,1.20,1.60
2007.08.01 19:17:25.981,1.1184,1.11865,0.50,8.00
2007.08.01 19:17:26.738,1.11825,1.11865,2.10,8.00
2007.08.01 19:17:26.941,1.11825,1.11865,7.20,8.00
2007.08.01 19:17:28.716,1.1181,1.11865,15.10,8.00
2007.08.01 19:17:28.819,1.1181,1.1186,16.70,13.50
2007.08.01 19:17:29.124,1.1181,1.11855,16.70,8.00
2007.08.01 19:17:29.764,1.1181,1.11855,22.20,8.00
2007.08.01 19:17:31.839,1.11815,1.1186,16.70,12.00
2007.08.01 19:17:31.945,1.11815,1.1186,16.70,8.00
2007.08.01 19:17:34.727,1.11815,1.1185,16.70,1.60
2007.08.01 19:17:34.829,1.11815,1.1185,15.10,1.60
2007.08.01 19:17:35.228,1.1182,1.1187,2.90,15.90
2007.08.01 19:17:35.246,1.1182,1.1185,0.80,9.60
2007.08.01 19:17:36.911,1.1182,1.1185,1.10,13.60
2007.08.01 19:17:37.331,1.118,1.1185,22.20,13.60
2007.08.01 19:17:37.736,1.1181,1.1187,6.30,15.90
2007.08.01 19:17:37.793,1.1181,1.1187,1.90,15.90
2007.08.01 19:17:37.951,1.11805,1.1185,16.70,8.00
2007.08.01 19:17:41.358,1.1181,1.1185,1.80,9.60
2007.08.01 19:17:41.981,1.11805,1.1185,16.70,13.60
2007.08.01 19:17:42.238,1.1181,1.1185,16.70,5.60
2007.08.01 19:17:42.297,1.1182,1.1185,5.80,5.60
2007.08.01 19:17:42.514,1.11815,1.1185,16.70,1.60
2007.08.01 19:17:42.538,1.1181,1.1185,16.60,9.60
2007.08.01 19:17:42.720,1.1183,1.1185,4.30,9.60
2007.08.01 19:17:42.817,1.1182,1.1185,15.00,8.00
2007.08.01 19:17:43.071,1.11825,1.1186,13.50,5.60
2007.08.01 19:17:43.231,1.1182,1.1186,16.70,4.00
2007.08.01 19:17:43.319,1.1181,1.1186,22.20,12.00
2007.08.01 19:17:43.345,1.1181,1.1186,22.20,12.00
2007.08.01 19:17:43.752,1.1182,1.1186,22.20,12.00
2007.08.01 19:17:43.974,1.1182,1.1186,22.20,8.00
2007.08.01 19:17:44.351,1.1183,1.11865,3.70,8.00
2007.08.01 19:17:55.798,1.1183,1.11865,13.40,8.00
2007.08.01 19:17:55.868,1.1183,1.1187,19.00,1.60
2007.08.01 19:17:57.331,1.1183,1.1189,20.60,17.50
2007.08.01 19:17:57.394,1.11835,1.1188,16.70,8.00
2007.08.01 19:17:58.810,1.1185,1.1188,3.90,8.00
2007.08.01 19:17:58.926,1.1184,1.11885,20.60,8.00
2007.08.01 19:18:03.845,1.1185,1.11885,9.50,8.00
2007.08.01 19:18:06.345,1.1185,1.1189,9.50,9.60
2007.08.01 19:18:07.485,1.1185,1.1189,11.10,9.60
2007.08.01 19:18:10.293,1.1186,1.1189,7.90,8.00
2007.08.01 19:18:10.468,1.1186,1.11895,7.90,8.00
2007.08.01 19:18:11.737,1.1186,1.1189,7.90,1.60
2007.08.01 19:18:12.251,1.1185,1.1189,18.30,1.60
2007.08.01 19:18:12.282,1.1185,1.1189,12.70,9.60
2007.08.01 19:18:14.226,1.1186,1.1189,3.20,9.60
2007.08.01 19:18:14.288,1.1186,1.1189,3.20,1.60
2007.08.01 19:18:19.205,1.1186,1.1189,1.60,1.60
2007.08.01 19:18:19.438,1.1186,1.1189,1.60,9.60
2007.08.01 19:18:20.772,1.1186,1.1188,1.60,1.60
2007.08.01 19:18:21.180,1.1184,1.1188,8.80,9.50
2007.08.01 19:18:21.247,1.1184,1.1188,3.20,17.50
2007.08.01 19:18:21.703,1.1186,1.1188,1.60,9.60
2007.08.01 19:18:21.748,1.1186,1.1188,1.60,1.60
2007.08.01 19:18:23.137,1.1186,1.1188,1.60,9.50
2007.08.01 19:18:23.331,1.1186,1.1188,1.60,17.50
2007.08.01 19:18:27.299,1.1185,1.1188,1.60,17.50
2007.08.01 19:18:27.416,1.1185,1.11875,1.60,8.00
2007.08.01 19:18:27.841,1.1185,1.1187,1.60,7.90
2007.08.01 19:18:28.325,1.1184,1.1187,3.20,7.90
2007.08.01 19:18:28.732,1.1182,1.1187,1.60,7.90
2007.08.01 19:18:29.234,1.1184,1.1188,7.20,9.50
2007.08.01 19:18:29.253,1.1184,1.1188,1.60,17.50
2007.08.01 19:18:29.369,1.1184,1.1188,1.60,21.50
2007.08.01 19:18:29.540,1.1184,1.11875,1.60,8.00
2007.08.01 19:18:29.784,1.1184,1.1187,1.60,9.50
2007.08.01 19:18:29.830,1.11825,1.1187,5.60,17.50
2007.08.01 19:18:30.133,1.11825,1.11865,5.60,8.00
2007.08.01 19:18:30.300,1.11825,1.1186,5.60,7.90
2007.08.01 19:18:30.424,1.1183,1.1186,1.60,7.90
2007.08.01 19:18:31.295,1.1183,1.1186,7.20,7.90
2007.08.01 19:18:31.565,1.1183,1.1186,1.60,7.90
2007.08.01 19:18:32.285,1.1183,1.1186,3.20,7.90
2007.08.01 19:18:32.666,1.1183,1.11855,3.20,8.00
2007.08.01 19:18:32.803,1.1183,1.11855,1.60,8.00
2007.08.01 19:18:32.970,1.1183,1.1186,1.60,9.50
2007.08.01 19:18:33.209,1.1183,1.1186,1.60,13.50
2007.08.01 19:18:33.382,1.1183,1.1186,1.60,21.50
2007.08.01 19:18:33.425,1.1183,1.1185,1.60,1.60
2007.08.01 19:18:33.539,1.1183,1.1185,1.60,9.60
2007.08.01 19:18:33.628,1.1182,1.1185,3.20,9.60
2007.08.01 19:18:34.042,1.1182,1.1185,3.20,1.60
2007.08.01 19:18:34.342,1.1182,1.1185,3.20,5.60
2007.08.01 19:18:37.249,1.1182,1.1185,3.20,1.60
2007.08.01 19:18:38.298,1.1182,1.1184,1.60,1.60
2007.08.01 19:18:38.812,1.1182,1.1185,1.60,17.50
2007.08.01 19:18:39.227,1.1182,1.1184,1.60,0.80
2007.08.01 19:18:39.850,1.1182,1.11845,1.60,12.00
2007.08.01 19:18:39.946,1.1182,1.1185,1.60,13.60
2007.08.01 19:18:39.966,1.1182,1.1185,1.60,0.60
2007.08.01 19:18:40.369,1.1182,1.1186,1.60,25.50
2007.08.01 19:18:40.507,1.1182,1.11855,1.60,9.60
2007.08.01 19:18:43.293,1.1182,1.11855,7.90,0.50
2007.08.01 19:18:43.317,1.1182,1.1186,7.90,0.80
2007.08.01 19:18:43.497,1.1182,1.1186,9.50,0.50
2007.08.01 19:18:43.792,1.1182,1.1187,1.60,25.50
2007.08.01 19:18:44.206,1.1183,1.1186,1.60,0.50
2007.08.01 19:18:44.331,1.1183,1.1187,1.60,25.50
2007.08.01 19:18:44.363,1.1183,1.11865,1.60,9.60
2007.08.01 19:18:44.825,1.1183,1.11865,3.20,9.60
2007.08.01 19:18:49.276,1.1183,1.1186,1.60,0.80
2007.08.01 19:18:49.812,1.1183,1.11865,1.60,21.50
2007.08.01 19:18:49.924,1.11815,1.1188,5.60,0.90
2007.08.01 19:18:50.233,1.11815,1.1186,5.60,21.50
2007.08.01 19:18:50.340,1.1182,1.1185,1.60,0.60
2007.08.01 19:18:50.374,1.1182,1.1185,1.60,0.60
2007.08.01 19:18:51.785,1.1182,1.1185,1.60,0.70
2007.08.01 19:18:51.921,1.1182,1.1186,1.60,25.50
2007.08.01 19:18:51.978,1.1181,1.11855,18.30,0.80
2007.08.01 19:18:52.190,1.1182,1.1186,1.60,25.50
2007.08.01 19:18:52.307,1.1182,1.1186,9.50,9.60
2007.08.01 19:18:52.498,1.1182,1.1187,9.50,25.50
2007.08.01 19:18:52.797,1.1183,1.1186,3.20,0.80
2007.08.01 19:18:53.008,1.1183,1.1187,4.80,25.50
2007.08.01 19:18:53.214,1.1183,1.1187,12.70,13.60
2007.08.01 19:18:53.298,1.1183,1.1187,12.70,0.80
2007.08.01 19:18:53.343,1.1184,1.1188,7.90,13.60
2007.08.01 19:18:53.562,1.1184,1.1189,7.90,25.50
2007.08.01 19:18:53.922,1.1184,1.1189,7.90,25.50
2007.08.01 19:18:54.092,1.1184,1.1188,13.50,0.60
2007.08.01 19:18:54.243,1.1184,1.1189,16.70,25.50
2007.08.01 19:18:54.349,1.1184,1.1189,18.30,21.50
2007.08.01 19:18:54.367,1.1184,1.1188,12.70,0.70
2007.08.01 19:18:54.617,1.1184,1.1189,18.30,21.50
2007.08.01 19:18:54.885,1.1185,1.11895,5.60,21.50
2007.08.01 19:18:55.393,1.11845,1.119,5.60,25.50
2007.08.01 19:18:55.488,1.1185,1.119,1.60,25.50
2007.08.01 19:18:55.807,1.1185,1.119,3.20,25.50
2007.08.01 19:18:55.964,1.1186,1.119,5.60,17.50
2007.08.01 19:18:56.490,1.11855,1.119,5.60,25.50
2007.08.01 19:18:56.761,1.1186,1.119,1.60,13.60
2007.08.01 19:18:56.779,1.1186,1.1189,7.20,0.50
2007.08.01 19:18:57.103,1.1186,1.119,1.60,13.60
2007.08.01 19:18:57.785,1.1186,1.11895,12.70,9.60
2007.08.01 19:18:57.997,1.1186,1.11895,11.10,9.60
2007.08.01 19:18:58.338,1.1186,1.1189,9.50,0.80
2007.08.01 19:18:58.816,1.1186,1.119,1.60,21.50
2007.08.01 19:18:59.741,1.1186,1.1189,9.50,0.60
2007.08.01 19:18:59.847,1.1186,1.119,9.50,9.60
2007.08.01 19:18:59.936,1.1186,1.1191,9.50,29.50
2007.08.01 19:19:00.266,1.1186,1.119,1.60,21.50
2007.08.01 19:19:00.383,1.1186,1.1189,3.20,0.90
2007.08.01 19:19:01.832,1.1186,1.119,11.10,13.60
2007.08.01 19:19:02.070,1.1186,1.11905,16.70,9.60
2007.08.01 19:19:04.354,1.1186,1.119,11.10,0.50
2007.08.01 19:19:06.978,1.1186,1.119,16.70,0.60
2007.08.01 19:19:07.752,1.1186,1.1189,8.80,11.90
2007.08.01 19:19:07.847,1.1186,1.11905,8.80,8.00
2007.08.01 19:19:08.323,1.1186,1.1189,3.20,13.50
2007.08.01 19:19:09.715,1.1186,1.1189,11.10,1.60
2007.08.01 19:19:09.824,1.1186,1.1189,12.70,1.60
2007.08.01 19:19:10.753,1.1186,1.119,11.10,9.60
2007.08.01 19:19:11.090,1.1186,1.119,16.70,1.60
2007.08.01 19:19:11.263,1.1187,1.119,7.90,1.60
2007.08.01 19:19:11.369,1.1187,1.11905,11.10,8.00
2007.08.01 19:19:11.665,1.1187,1.1191,16.70,4.00
2007.08.01 19:19:11.920,1.1187,1.11915,16.70,8.00
2007.08.01 19:19:12.806,1.1187,1.11915,18.30,8.00
2007.08.01 19:19:15.212,1.1187,1.11915,16.70,8.00
2007.08.01 19:19:15.372,1.1187,1.1191,11.10,8.00
2007.08.01 19:19:16.762,1.1187,1.1191,3.20,19.90
2007.08.01 19:19:17.267,1.1187,1.1191,1.60,19.90
2007.08.01 19:19:17.788,1.1187,1.11905,1.60,8.00
2007.08.01 19:19:17.881,1.1186,1.1188,5.60,1.60
2007.08.01 19:19:18.033,1.11855,1.1188,5.60,1.60
2007.08.01 19:19:18.299,1.1185,1.1188,8.80,1.60
2007.08.01 19:19:18.316,1.1185,1.1189,8.80,13.50
2007.08.01 19:19:18.811,1.1186,1.119,16.70,5.60
2007.08.01 19:19:19.220,1.1187,1.119,7.90,0.60
2007.08.01 19:19:19.758,1.11865,1.1189,5.60,13.50
2007.08.01 19:19:19.886,1.1186,1.1189,1.60,13.50
2007.08.01 19:19:20.264,1.1185,1.1188,10.40,0.80
2007.08.01 19:19:21.326,1.1185,1.1189,8.80,0.80
2007.08.01 19:19:21.476,1.1185,1.1189,3.20,19.90
2007.08.01 19:19:24.218,1.1185,1.11885,3.20,9.60
2007.08.01 19:19:27.756,1.1185,1.1189,3.20,0.50
2007.08.01 19:19:28.245,1.1185,1.11885,3.20,0.60
2007.08.01 19:19:30.795,1.1185,1.1191,3.20,27.90
2007.08.01 19:19:30.846,1.1185,1.1188,1.60,0.80
2007.08.01 19:19:31.711,1.1185,1.1188,1.60,12.00
2007.08.01 19:19:38.318,1.1184,1.1187,1.60,5.60
2007.08.01 19:19:39.768,1.1183,1.1187,18.30,5.60
2007.08.01 19:19:44.736,1.1183,1.1187,10.40,17.50
2007.08.01 19:19:44.867,1.1183,1.1186,8.80,0.80
2007.08.01 19:19:45.356,1.1184,1.1186,1.60,0.70
2007.08.01 19:19:50.345,1.1184,1.1187,9.50,1.60
2007.08.01 19:19:50.555,1.1184,1.1187,7.90,1.60
2007.08.01 19:19:52.324,1.1184,1.1188,7.90,9.60
2007.08.01 19:19:52.644,1.1184,1.1188,13.50,1.60
2007.08.01 19:19:58.850,1.1184,1.1188,5.60,9.50
2007.08.01 19:19:58.987,1.1184,1.11875,1.60,8.00
2007.08.01 19:19:59.391,1.1184,1.1187,1.60,1.60
2007.08.01 19:20:01.345,1.1184,1.1186,1.60,7.90
2007.08.01 19:20:01.430,1.1184,1.1186,0.80,7.90
2007.08.01 19:20:01.898,1.1181,1.11855,20.70,8.00
2007.08.01 19:20:02.892,1.1183,1.1185,0.80,4.00
2007.08.01 19:20:02.994,1.1183,1.11855,0.80,8.00
2007.08.01 19:20:03.168,1.1183,1.1186,0.80,13.60
2007.08.01 19:20:03.408,1.1183,1.1186,0.80,8.00
2007.08.01 19:20:03.414,1.1182,1.1186,10.30,8.00
2007.08.01 19:20:03.826,1.1184,1.1186,3.60,8.00
2007.08.01 19:20:03.939,1.1184,1.1186,2.20,8.00
2007.08.01 19:20:03.967,1.1184,1.11865,3.10,8.00
2007.08.01 19:20:04.343,1.1183,1.1188,15.80,5.60
2007.08.01 19:20:04.515,1.11835,1.1188,14.30,13.60
2007.08.01 19:20:05.174,1.1184,1.1187,1.80,4.00
2007.08.01 19:20:05.385,1.11835,1.1188,14.30,13.60
2007.08.01 19:20:06.398,1.11835,1.1187,14.30,4.00
2007.08.01 19:20:06.494,1.11835,1.1188,14.30,13.60
2007.08.01 19:20:07.861,1.11835,1.1187,6.40,11.90
2007.08.01 19:20:07.902,1.1183,1.1186,4.00,8.00
2007.08.01 19:20:07.941,1.11815,1.1186,13.50,13.60
2007.08.01 19:20:09.000,1.1183,1.1186,0.80,13.60
2007.08.01 19:20:10.567,1.1182,1.1186,3.90,13.60
2007.08.01 19:20:11.288,1.11815,1.1185,7.20,11.90
2007.08.01 19:20:11.765,1.1182,1.11845,0.70,8.00
2007.08.01 19:20:11.802,1.1181,1.11845,0.60,8.00
2007.08.01 19:20:13.667,1.1179,1.11845,24.60,8.00
2007.08.01 19:20:14.396,1.118,1.1184,3.00,7.90
2007.08.01 19:20:14.493,1.11795,1.1184,7.20,19.90
2007.08.01 19:20:14.908,1.11795,1.1184,16.70,12.00
2007.08.01 19:20:15.029,1.1179,1.1184,20.60,4.00
2007.08.01 19:20:15.957,1.1179,1.11845,24.60,8.00
2007.08.01 19:20:16.363,1.118,1.11845,19.00,8.00
2007.08.01 19:20:16.496,1.1181,1.1186,0.50,17.50
2007.08.01 19:20:16.564,1.118,1.11855,20.60,8.00
2007.08.01 19:20:16.898,1.118,1.11855,20.70,8.00
2007.08.01 19:20:17.072,1.1181,1.1186,17.50,9.60
2007.08.01 19:20:17.318,1.1182,1.1186,0.50,21.50
2007.08.01 19:20:17.339,1.1182,1.11855,0.70,8.00
2007.08.01 19:20:18.863,1.1178,1.1186,21.50,17.50
2007.08.01 19:20:18.961,1.1178,1.1186,1.80,17.50
2007.08.01 19:20:19.048,1.118,1.1186,19.10,17.50
2007.08.01 19:20:19.572,1.118,1.11845,7.20,8.00
2007.08.01 19:20:20.075,1.1178,1.1184,21.50,8.00
2007.08.01 19:20:21.867,1.1181,1.11845,0.60,8.00
2007.08.01 19:20:21.960,1.118,1.11845,2.00,8.00
2007.08.01 19:20:23.310,1.1179,1.11845,23.10,8.00
2007.08.01 19:20:25.282,1.1179,1.11845,24.70,8.00
2007.08.01 19:20:25.571,1.11805,1.1185,2.70,9.60
2007.08.01 19:20:25.786,1.1181,1.1185,13.50,8.00
2007.08.01 19:20:25.850,1.11815,1.1186,7.20,12.00
2007.08.01 19:20:25.998,1.11815,1.1186,7.20,8.00
2007.08.01 19:20:26.387,1.1181,1.11865,19.10,8.00
2007.08.01 19:20:26.506,1.1181,1.11865,20.70,8.00
2007.08.01 19:20:27.449,1.1182,1.1184,3.30,1.60
2007.08.01 19:20:27.505,1.1181,1.1184,5.60,1.60
2007.08.01 19:20:27.545,1.1181,1.1184,1.20,1.60
2007.08.01 19:20:27.961,1.11805,1.1184,7.20,5.60
2007.08.01 19:20:28.082,1.1181,1.1184,0.90,1.60
2007.08.01 19:20:28.286,1.1181,1.1184,1.20,1.60
2007.08.01 19:20:28.611,1.118,1.1184,16.70,1.60
2007.08.01 19:20:30.787,1.1181,1.1184,7.20,1.60
2007.08.01 19:20:31.332,1.1181,1.1184,1.60,1.60
2007.08.01 19:20:33.675,1.1181,1.1184,1.60,0.70
2007.08.01 19:20:41.555,1.1181,1.1184,3.20,1.60
2007.08.01 19:20:41.954,1.1181,1.1184,3.20,5.60
2007.08.01 19:20:42.476,1.1181,1.1184,1.60,5.60
2007.08.01 19:20:42.679,1.1181,1.1184,1.60,1.60
2007.08.01 19:20:42.886,1.1181,1.1184,3.20,1.60
2007.08.01 19:20:43.395,1.1181,1.1184,3.20,5.60
2007.08.01 19:20:43.930,1.1181,1.11855,15.10,8.00
2007.08.01 19:20:44.015,1.1181,1.1184,15.10,4.00
2007.08.01 19:20:44.119,1.1181,1.1185,15.10,1.60
2007.08.01 19:20:44.425,1.1182,1.1187,9.50,17.50
2007.08.01 19:20:44.440,1.1182,1.11865,15.10,8.00
2007.08.01 19:20:44.943,1.1182,1.1186,9.50,8.00
2007.08.01 19:20:44.951,1.1182,1.1186,1.60,12.00
2007.08.01 19:20:45.047,1.1182,1.1186,3.20,12.00
2007.08.01 19:20:46.924,1.1182,1.1185,1.60,7.90
2007.08.01 19:20:46.984,1.1182,1.1185,1.60,15.90
2007.08.01 19:20:47.029,1.1182,1.1185,1.60,19.90
2007.08.01 19:20:47.544,1.1182,1.1185,1.60,15.90
2007.08.01 19:20:47.761,1.1182,1.1184,1.60,7.90
2007.08.01 19:20:47.770,1.1182,1.1184,1.60,15.90
2007.08.01 19:20:47.870,1.1182,1.1184,1.60,8.00
2007.08.01 19:20:48.037,1.1182,1.11845,1.60,8.00
2007.08.01 19:20:48.303,1.1182,1.1184,1.60,4.00
2007.08.01 19:20:50.058,1.1181,1.1184,1.60,4.00
2007.08.01 19:20:50.450,1.1181,1.1184,1.60,11.90
2007.08.01 19:20:50.829,1.11795,1.1184,5.60,19.90
2007.08.01 19:20:54.498,1.118,1.1184,1.60,19.90
2007.08.01 19:20:54.540,1.118,1.11835,1.60,8.00
2007.08.01 19:20:55.624,1.118,1.1183,1.60,4.00
2007.08.01 19:21:01.321,1.1179,1.1183,16.70,4.00
2007.08.01 19:21:07.257,1.1179,1.1183,15.10,4.00
2007.08.01 19:21:08.007,1.1179,1.1183,9.50,12.00
2007.08.01 19:21:08.780,1.1179,1.11825,9.50,8.00
2007.08.01 19:21:08.793,1.1179,1.11825,1.60,8.00
2007.08.01 19:21:08.895,1.1179,1.1182,1.60,4.00
2007.08.01 19:21:09.310,1.1179,1.11825,1.60,8.00
2007.08.01 19:21:12.104,1.1178,1.11825,16.70,8.00
2007.08.01 19:21:14.289,1.1178,1.11825,15.10,8.00
2007.08.01 19:21:14.816,1.1178,1.11825,15.10,0.50
2007.08.01 19:21:14.887,1.1178,1.1183,9.50,23.90
2007.08.01 19:21:15.016,1.1178,1.1182,9.50,0.80
2007.08.01 19:21:18.241,1.1178,1.1183,1.60,27.90
2007.08.01 19:21:18.453,1.1178,1.11815,1.60,0.80
2007.08.01 19:21:19.315,1.1178,1.1183,1.60,27.90
2007.08.01 19:21:19.385,1.1178,1.1183,9.50,31.90
2007.08.01 19:21:19.495,1.1178,1.1183,9.50,27.90
2007.08.01 19:21:19.621,1.1178,1.1183,15.10,27.90
2007.08.01 19:21:19.799,1.1179,1.1183,7.90,16.00
2007.08.01 19:21:19.897,1.1179,1.1184,9.50,0.90
2007.08.01 19:21:19.914,1.1179,1.1184,15.10,27.90
2007.08.01 19:21:20.715,1.1179,1.11835,16.70,0.60
2007.08.01 19:21:20.843,1.118,1.11835,7.90,0.70
2007.08.01 19:21:21.162,1.118,1.1184,13.50,0.80
2007.08.01 19:21:21.339,1.118,1.1185,15.10,27.90
2007.08.01 19:21:21.760,1.118,1.11845,16.70,0.80
2007.08.01 19:21:27.450,1.118,1.11845,20.70,0.50
2007.08.01 19:21:27.562,1.1181,1.1185,1.60,19.90
2007.08.01 19:21:27.669,1.1181,1.1185,3.20,15.90
2007.08.01 19:21:27.860,1.1181,1.1185,3.20,0.90
2007.08.01 19:21:27.981,1.1181,1.1186,1.60,27.90
2007.08.01 19:21:28.078,1.11805,1.1186,5.60,27.90
2007.08.01 19:21:28.085,1.118,1.1185,18.30,19.90
2007.08.01 19:21:28.483,1.1181,1.1184,1.60,0.50
2007.08.01 19:21:28.606,1.1181,1.1184,3.20,0.60
2007.08.01 19:21:28.618,1.1181,1.1185,3.20,23.80
2007.08.01 19:21:30.279,1.1181,1.1184,1.60,0.90
2007.08.01 19:21:30.425,1.1181,1.11845,1.60,19.90
2007.08.01 19:21:30.492,1.1181,1.11845,1.60,15.90
2007.08.01 19:21:33.777,1.1181,1.11845,3.20,15.90
2007.08.01 19:21:34.257,1.1181,1.1185,3.20,23.80
2007.08.01 19:21:34.311,1.1181,1.1185,3.20,23.80
2007.08.01 19:21:34.828,1.1181,1.1184,1.60,0.50
2007.08.01 19:21:35.243,1.1181,1.1184,3.20,0.80
2007.08.01 19:21:35.310,1.1181,1.1185,3.20,23.90
2007.08.01 19:21:35.353,1.1181,1.1184,4.80,0.90
2007.08.01 19:21:39.267,1.1181,1.1185,4.80,0.50
2007.08.01 19:21:40.986,1.11815,1.1186,5.60,27.80
2007.08.01 19:21:41.045,1.1182,1.1186,1.60,23.90
2007.08.01 19:21:41.139,1.1182,1.1187,1.60,27.90
2007.08.01 19:21:41.451,1.1182,1.1187,1.60,27.80
2007.08.01 19:21:43.537,1.1182,1.1185,1.60,11.90
2007.08.01 19:21:44.340,1.1181,1.1185,8.80,11.90
2007.08.01 19:21:45.207,1.1182,1.1185,1.60,11.90
2007.08.01 19:21:45.291,1.1182,1.11855,11.10,8.00
2007.08.01 19:21:45.372,1.1182,1.1186,11.10,12.00
2007.08.01 19:21:45.389,1.1182,1.1186,12.70,12.00
2007.08.01 19:21:45.638,1.1182,1.1186,18.30,4.00
2007.08.01 19:21:46.629,1.1182,1.11865,18.30,8.00
2007.08.01 19:21:48.732,1.1182,1.1186,12.70,8.00
2007.08.01 19:21:48.830,1.1182,1.1186,11.10,8.00
2007.08.01 19:21:49.036,1.1182,1.1186,16.70,8.00
2007.08.01 19:21:49.263,1.118,1.11865,4.00,8.00
2007.08.01 19:21:50.246,1.1182,1.1186,10.40,7.90
2007.08.01 19:21:50.278,1.1182,1.1186,4.80,15.90
2007.08.01 19:21:50.366,1.1182,1.1186,4.80,19.90
2007.08.01 19:21:50.576,1.11815,1.1186,10.40,19.90
2007.08.01 19:21:53.581,1.11815,1.1185,10.40,11.90
2007.08.01 19:21:53.687,1.1181,1.1185,10.40,11.90
2007.08.01 19:21:55.775,1.1181,1.11855,22.30,8.00
2007.08.01 19:21:55.959,1.1182,1.1186,0.50,19.90
2007.08.01 19:21:56.290,1.1182,1.1186,2.80,8.00
2007.08.01 19:21:56.366,1.1182,1.1186,5.20,8.00
2007.08.01 19:21:56.574,1.11785,1.11865,5.00,8.00
2007.08.01 19:21:56.806,1.1181,1.11865,22.30,8.00
2007.08.01 19:21:56.964,1.11825,1.11865,3.10,8.00
2007.08.01 19:21:57.008,1.11825,1.11865,7.20,8.00
2007.08.01 19:21:59.417,1.1181,1.11865,26.30,8.00
2007.08.01 19:21:59.538,1.1182,1.1187,22.30,15.90
2007.08.01 19:22:01.880,1.11825,1.1187,2.40,19.90
2007.08.01 19:22:02.105,1.11825,1.1187,2.40,23.90
2007.08.01 19:22:02.201,1.11825,1.1187,7.20,19.90
2007.08.01 19:22:03.333,1.1183,1.1187,1.40,19.90
2007.08.01 19:22:06.343,1.1183,1.1187,15.10,12.00
2007.08.01 19:22:07.017,1.1184,1.1187,0.90,4.00
2007.08.01 19:22:07.804,1.11835,1.1187,8.80,4.00
2007.08.01 19:22:08.392,1.11835,1.1188,8.80,19.90
2007.08.01 19:22:08.583,1.1183,1.1188,26.30,11.90
2007.08.01 19:22:09.231,1.1183,1.1187,26.30,4.00
2007.08.01 19:22:09.383,1.11835,1.1187,10.40,4.00
2007.08.01 19:22:10.294,1.1184,1.1188,0.50,19.90
2007.08.01 19:22:10.687,1.11835,1.1188,20.70,12.00
2007.08.01 19:22:10.980,1.1183,1.1188,22.30,4.00
2007.08.01 19:22:11.226,1.1183,1.1188,22.30,11.90
2007.08.01 19:22:11.326,1.1183,1.1187,22.30,4.00
2007.08.01 19:22:11.432,1.11835,1.1187,10.40,4.00
2007.08.01 19:22:12.784,1.11835,1.1187,8.80,4.00
2007.08.01 19:22:13.296,1.1184,1.1187,8.60,4.00
2007.08.01 19:22:13.459,1.11795,1.11885,5.00,8.00
2007.08.01 19:22:15.257,1.1183,1.1187,22.30,4.00
2007.08.01 19:22:15.326,1.1184,1.1187,1.20,4.00
2007.08.01 19:22:15.963,1.11835,1.1188,10.40,19.90
2007.08.01 19:22:20.126,1.11835,1.1188,7.20,23.90
2007.08.01 19:22:20.530,1.1184,1.11875,1.00,8.00
2007.08.01 19:22:24.265,1.11835,1.11875,15.10,8.00
2007.08.01 19:22:24.365,1.11835,1.1189,13.50,19.90
2007.08.01 19:22:24.489,1.1184,1.1188,0.60,8.00
2007.08.01 19:22:24.694,1.1184,1.1188,11.80,8.00
2007.08.01 19:22:24.788,1.1184,1.11885,17.40,8.00
2007.08.01 19:22:25.830,1.11845,1.11885,18.30,8.00
2007.08.01 19:22:26.068,1.1184,1.1189,22.20,12.00
2007.08.01 19:22:42.295,1.1185,1.11885,12.70,8.00
2007.08.01 19:22:42.328,1.1185,1.11885,3.20,8.00
2007.08.01 19:22:43.768,1.1185,1.11885,12.70,8.00
2007.08.01 19:22:43.815,1.1185,1.1189,18.30,12.00
2007.08.01 19:22:46.768,1.1185,1.1189,16.70,12.00
2007.08.01 19:22:46.898,1.1185,1.11885,11.10,8.00
2007.08.01 19:22:47.374,1.1185,1.119,11.10,19.90
2007.08.01 19:22:47.395,1.1185,1.1189,11.10,8.00
2007.08.01 19:22:47.696,1.1186,1.1189,7.90,8.00
2007.08.01 19:22:47.920,1.1186,1.11895,7.90,8.00
2007.08.01 19:22:48.225,1.11855,1.1189,5.60,11.90
2007.08.01 19:22:48.415,1.11855,1.1188,5.60,4.00
2007.08.01 19:22:48.434,1.1185,1.1188,3.20,4.00
2007.08.01 19:22:49.253,1.1185,1.11885,3.20,8.00
2007.08.01 19:22:50.301,1.1185,1.11885,11.10,8.00
2007.08.01 19:22:50.712,1.1185,1.1189,11.10,12.00
2007.08.01 19:22:52.266,1.1186,1.1189,11.10,8.00
2007.08.01 19:22:52.271,1.1186,1.119,16.70,16.00
2007.08.01 19:22:52.675,1.1186,1.119,16.70,12.00
2007.08.01 19:22:55.783,1.1186,1.119,7.20,23.90
2007.08.01 19:22:55.831,1.1186,1.11895,1.60,8.00
2007.08.01 19:22:56.321,1.1186,1.1189,1.60,4.00
2007.08.01 19:22:56.631,1.1186,1.11885,1.60,8.00
2007.08.01 19:22:57.509,1.1186,1.1189,1.60,12.00
2007.08.01 19:22:57.544,1.1185,1.1189,18.30,12.00
2007.08.01 19:23:01.701,1.1182,1.1189,4.00,13.60
2007.08.01 19:23:01.806,1.11855,1.1189,5.60,5.60
2007.08.01 19:23:01.815,1.1186,1.1189,1.60,5.60
2007.08.01 19:23:04.150,1.1186,1.1189,0.70,5.60
2007.08.01 19:23:07.708,1.1186,1.1188,0.60,1.60
2007.08.01 19:23:09.296,1.1185,1.1188,4.80,5.60
2007.08.01 19:23:15.408,1.11845,1.1187,7.20,1.60
2007.08.01 19:23:16.907,1.1184,1.1187,4.80,5.60
2007.08.01 19:23:18.805,1.1184,1.11885,0.80,8.00
2007.08.01 19:23:18.900,1.1184,1.1187,1.80,1.60
2007.08.01 19:23:19.729,1.1183,1.1187,22.30,1.60
2007.08.01 19:23:20.665,1.1184,1.1188,0.60,19.90
2007.08.01 19:23:21.378,1.1183,1.11875,22.30,8.00
2007.08.01 19:23:22.310,1.1183,1.1187,22.30,5.60
2007.08.01 19:23:27.890,1.1184,1.1187,0.90,1.60
2007.08.01 19:23:28.330,1.1184,1.1187,1.00,5.60
2007.08.01 19:23:33.823,1.1184,1.1187,16.70,5.60
2007.08.01 19:23:33.919,1.1185,1.1188,1.60,8.00
2007.08.01 19:23:34.216,1.1184,1.1188,12.70,8.00
2007.08.01 19:23:34.455,1.11845,1.1189,5.60,19.90
2007.08.01 19:23:35.253,1.1185,1.1189,1.60,19.90
2007.08.01 19:23:37.065,1.1185,1.1189,7.20,19.90
2007.08.01 19:23:37.762,1.1185,1.1191,7.20,8.00
2007.08.01 19:23:37.851,1.1185,1.11885,1.60,8.00
2007.08.01 19:23:38.297,1.1184,1.11885,18.30,8.00
2007.08.01 19:23:38.719,1.1186,1.11885,7.90,8.00
2007.08.01 19:23:38.805,1.1186,1.119,7.90,9.60
2007.08.01 19:23:38.928,1.1186,1.119,7.90,17.60
2007.08.01 19:23:39.330,1.1186,1.119,9.50,17.60
2007.08.01 19:23:40.049,1.1186,1.119,9.50,13.60
2007.08.01 19:23:40.241,1.1186,1.119,9.50,9.60
2007.08.01 19:23:40.653,1.1186,1.119,15.10,9.60
2007.08.01 19:23:40.925,1.1186,1.119,15.10,1.60
2007.08.01 19:23:40.969,1.1186,1.119,15.10,5.60
2007.08.01 19:23:41.696,1.1186,1.119,9.50,13.60
2007.08.01 19:23:41.798,1.1186,1.1192,1.60,4.00
2007.08.01 19:23:41.904,1.1186,1.1189,1.60,4.00
2007.08.01 19:23:42.318,1.1186,1.11895,1.60,8.00
2007.08.01 19:23:42.740,1.1186,1.119,3.20,21.50
2007.08.01 19:23:43.243,1.1186,1.119,8.80,21.50
2007.08.01 19:23:43.267,1.1184,1.119,4.00,12.00
2007.08.01 19:23:43.495,1.1184,1.119,4.00,4.00
2007.08.01 19:23:44.293,1.11865,1.119,5.60,4.00
2007.08.01 19:23:44.326,1.1187,1.119,1.60,4.00
2007.08.01 19:23:44.417,1.1187,1.1191,1.60,21.50
2007.08.01 19:23:45.348,1.1189,1.1191,1.60,8.00
2007.08.01 19:23:45.785,1.1189,1.1192,1.60,17.60
2007.08.01 19:23:45.865,1.1189,1.1192,1.60,13.60
2007.08.01 19:23:47.315,1.1189,1.1192,1.60,12.00
2007.08.01 19:23:47.456,1.1189,1.1192,1.60,4.00
2007.08.01 19:23:47.881,1.1189,1.1192,13.50,4.00
2007.08.01 19:23:47.916,1.1189,1.1194,13.50,17.50
2007.08.01 19:23:48.080,1.1189,1.11935,19.10,8.00
2007.08.01 19:23:48.340,1.1189,1.1193,23.10,4.00
2007.08.01 19:23:48.545,1.1189,1.1193,24.70,4.00
2007.08.01 19:23:48.766,1.1189,1.1193,23.10,4.00
2007.08.01 19:23:50.339,1.119,1.11935,15.90,8.00
2007.08.01 19:23:50.428,1.119,1.11935,11.90,8.00
2007.08.01 19:23:50.446,1.119,1.1194,11.90,12.00
2007.08.01 19:23:51.245,1.11895,1.1194,5.60,19.90
2007.08.01 19:23:51.473,1.1189,1.1193,23.10,4.00
2007.08.01 19:23:51.868,1.119,1.1193,1.60,4.00
2007.08.01 19:23:51.986,1.119,1.11935,3.20,8.00
2007.08.01 19:23:52.369,1.119,1.1193,3.20,4.00
2007.08.01 19:23:52.996,1.119,1.11935,3.20,8.00
2007.08.01 19:23:53.423,1.119,1.1194,3.20,21.50
2007.08.01 19:23:53.435,1.119,1.11935,3.20,8.00
2007.08.01 19:24:03.274,1.119,1.11935,1.60,8.00
2007.08.01 19:24:03.290,1.119,1.1193,1.60,8.00
2007.08.01 19:24:03.401,1.119,1.1194,1.60,21.50
2007.08.01 19:24:03.809,1.119,1.1194,1.60,21.50
2007.08.01 19:24:03.914,1.119,1.11925,1.60,0.50
2007.08.01 19:24:04.709,1.1189,1.11925,7.20,0.50
2007.08.01 19:24:09.294,1.1189,1.11925,3.20,0.70
2007.08.01 19:24:11.565,1.1189,1.1193,3.20,21.50
2007.08.01 19:24:11.836,1.1189,1.11925,3.20,0.90
2007.08.01 19:24:14.243,1.1189,1.1192,3.20,0.90
2007.08.01 19:24:14.350,1.1189,1.1193,3.20,21.50
2007.08.01 19:24:15.284,1.1189,1.11925,3.20,12.00
2007.08.01 19:24:15.707,1.1189,1.11925,1.60,12.00
2007.08.01 19:24:16.319,1.1189,1.1193,1.60,21.50
2007.08.01 19:24:16.441,1.1189,1.1192,1.60,0.80
2007.08.01 19:24:18.908,1.1189,1.1193,1.60,25.50
2007.08.01 19:24:22.871,1.1185,1.1192,4.00,0.50
2007.08.01 19:24:28.431,1.1188,1.1192,19.10,0.50
2007.08.01 19:24:29.501,1.1185,1.1192,4.00,0.70
2007.08.01 19:24:29.998,1.1185,1.1192,4.00,0.60
2007.08.01 19:24:33.334,1.1188,1.1192,12.80,21.50
2007.08.01 19:24:33.381,1.1188,1.11915,7.20,8.00
2007.08.01 19:24:34.062,1.1188,1.11915,5.60,8.00
2007.08.01 19:24:35.196,1.1188,1.11915,7.20,8.00
2007.08.01 19:24:37.787,1.1188,1.11915,5.60,8.00
2007.08.01 19:24:38.203,1.1188,1.1191,5.60,9.50
2007.08.01 19:24:38.316,1.1188,1.1191,1.60,17.50
2007.08.01 19:24:38.852,1.1187,1.1191,7.20,17.50
2007.08.01 19:24:38.926,1.1187,1.1191,7.20,21.50
2007.08.01 19:24:39.267,1.1187,1.1191,3.20,21.50
2007.08.01 19:24:39.336,1.1187,1.1191,7.20,21.50
2007.08.01 19:24:39.761,1.1187,1.1191,19.10,12.00
2007.08.01 19:24:39.911,1.1184,1.1191,4.00,4.00
2007.08.01 19:24:39.970,1.1184,1.11915,4.00,8.00
2007.08.01 19:24:40.289,1.1184,1.1191,4.00,4.00
2007.08.01 19:24:40.910,1.1187,1.11915,20.70,8.00
2007.08.01 19:24:41.509,1.1185,1.11915,4.00,8.00
2007.08.01 19:24:41.929,1.1187,1.11915,20.70,8.00
2007.08.01 19:24:42.226,1.1185,1.11915,4.00,8.00
2007.08.01 19:24:42.339,1.1187,1.11915,20.70,8.00
2007.08.01 19:24:45.965,1.1185,1.11915,4.00,8.00
2007.08.01 19:24:47.946,1.1187,1.11915,20.70,8.00
2007.08.01 19:24:53.561,1.1187,1.1192,20.70,19.90
2007.08.01 19:24:55.727,1.1187,1.1191,8.80,9.50
2007.08.01 19:24:55.930,1.1187,1.1191,8.80,13.50
2007.08.01 19:24:56.009,1.1187,1.1193,3.20,4.00
2007.08.01 19:24:56.233,1.1187,1.1193,7.20,4.00
2007.08.01 19:24:58.101,1.1187,1.1191,3.20,21.50
2007.08.01 19:24:59.266,1.1187,1.1191,15.10,12.00
2007.08.01 19:24:59.372,1.1187,1.1191,20.70,4.00
2007.08.01 19:24:59.964,1.1187,1.11915,20.70,8.00
2007.08.01 19:25:00.268,1.1185,1.1191,4.00,4.00
2007.08.01 19:25:00.890,1.1187,1.11915,20.70,8.00
2007.08.01 19:25:02.217,1.1187,1.1191,15.10,8.00
2007.08.01 19:25:02.259,1.1187,1.1193,3.20,4.00
2007.08.01 19:25:03.182,1.1187,1.1191,3.20,19.90
2007.08.01 19:25:03.236,1.1187,1.1191,8.80,19.90
2007.08.01 19:25:03.300,1.1184,1.1191,4.00,12.00
2007.08.01 19:25:03.480,1.1184,1.1191,4.00,4.00
2007.08.01 19:25:03.915,1.1187,1.11915,20.70,8.00
2007.08.01 19:25:04.750,1.1187,1.1191,20.70,1.60
2007.08.01 19:25:05.271,1.1187,1.1191,8.80,13.50
2007.08.01 19:25:05.294,1.1187,1.1193,3.20,4.00
2007.08.01 19:25:05.463,1.1187,1.119,3.20,4.00
2007.08.01 19:25:06.301,1.1188,1.119,1.60,4.00
2007.08.01 19:25:06.330,1.1188,1.11915,1.60,8.00
2007.08.01 19:25:06.499,1.1188,1.1191,1.60,4.00
2007.08.01 19:25:07.745,1.11875,1.1191,5.60,4.00
2007.08.01 19:25:11.282,1.1188,1.1191,1.60,4.00
2007.08.01 19:25:13.763,1.1187,1.1191,20.70,4.00
2007.08.01 19:25:13.966,1.1187,1.1191,16.70,5.60
2007.08.01 19:25:14.377,1.1187,1.11905,11.10,8.00
2007.08.01 19:25:15.418,1.1187,1.11905,3.20,8.00
2007.08.01 19:25:15.432,1.1187,1.119,3.20,8.00
2007.08.01 19:25:15.536,1.1187,1.119,3.20,9.60
2007.08.01 19:25:15.631,1.1187,1.119,3.20,13.60
2007.08.01 19:25:17.232,1.1187,1.11895,3.20,8.00
2007.08.01 19:25:17.282,1.1187,1.1189,1.60,1.60
2007.08.01 19:25:17.495,1.1187,1.1189,1.60,5.60
2007.08.01 19:25:18.424,1.11855,1.1189,5.60,5.60
2007.08.01 19:25:18.522,1.1186,1.1189,5.60,5.60
2007.08.01 19:25:18.533,1.1186,1.1189,5.60,13.60
2007.08.01 19:25:18.729,1.1186,1.1189,5.60,12.00
2007.08.01 19:25:18.870,1.1186,1.1189,5.60,4.00
2007.08.01 19:25:18.937,1.1186,1.11895,1.60,8.00
