2014.10.24 15:00:00.116,0.96353,0.96364,1.00,1.01
2014.10.24 15:00:00.635,0.96353,0.96365,1.50,1.09
2014.10.24 15:00:00.945,0.96352,0.96363,1.10,1.00
2014.10.24 15:00:01.248,0.9635,0.96361,1.17,1.25
2014.10.24 15:00:01.551,0.96344,0.96352,3.22,1.00
2014.10.24 15:00:01.652,0.96343,0.96352,1.50,1.25
2014.10.24 15:00:01.725,0.96344,0.96352,2.47,1.25
2014.10.24 15:00:01.877,0.96345,0.96355,1.15,2.44
2014.10.24 15:00:02.081,0.96347,0.96356,2.40,2.44
2014.10.24 15:00:02.450,0.96347,0.96357,2.47,1.00
2014.10.24 15:00:03.585,0.96349,0.96358,1.17,1.69
2014.10.24 15:00:04.648,0.96351,0.96358,1.00,1.25
2014.10.24 15:00:04.750,0.96351,0.9636,1.00,1.25
2014.10.24 15:00:05.297,0.96351,0.9636,1.17,1.25
2014.10.24 15:00:05.852,0.96351,0.9636,1.00,1.25
2014.10.24 15:00:06.167,0.96351,0.96358,1.00,1.00
2014.10.24 15:00:06.370,0.96351,0.9636,1.00,1.25
2014.10.24 15:00:07.279,0.96351,0.96361,1.00,1.10
2014.10.24 15:00:07.538,0.96352,0.96363,1.10,1.00
2014.10.24 15:00:07.589,0.96352,0.96365,1.10,1.76
2014.10.24 15:00:07.639,0.96352,0.96365,1.52,1.25
2014.10.24 15:00:07.961,0.96356,0.96365,1.15,1.10
2014.10.24 15:00:08.213,0.96356,0.96364,1.00,1.25
2014.10.24 15:00:08.314,0.96356,0.96362,1.00,1.25
2014.10.24 15:00:08.517,0.96356,0.96365,1.00,1.25
2014.10.24 15:00:08.820,0.96356,0.96363,1.00,1.25
2014.10.24 15:00:09.325,0.96357,0.96364,1.00,1.25
2014.10.24 15:00:09.834,0.96356,0.96366,1.07,1.19
2014.10.24 15:00:10.198,0.96357,0.96368,1.15,1.25
2014.10.24 15:00:10.299,0.96357,0.9637,1.15,1.76
2014.10.24 15:00:10.451,0.96358,0.9637,1.20,1.10
2014.10.24 15:00:10.754,0.96363,0.96372,1.00,1.25
2014.10.24 15:00:11.008,0.96363,0.96375,1.17,1.25
2014.10.24 15:00:11.060,0.96367,0.96375,1.00,1.25
2014.10.24 15:00:11.363,0.96372,0.96378,1.00,1.19
2014.10.24 15:00:12.331,0.96372,0.9638,1.00,1.32
2014.10.24 15:00:12.846,0.96372,0.9638,1.00,1.09
2014.10.24 15:00:13.249,0.96368,0.96378,1.00,1.69
2014.10.24 15:00:13.616,0.96368,0.96373,1.00,1.00
2014.10.24 15:00:14.559,0.9637,0.96377,1.00,1.25
2014.10.24 15:00:14.610,0.96371,0.96377,1.00,1.25
2014.10.24 15:00:14.661,0.96368,0.96377,1.00,1.25
2014.10.24 15:00:14.862,0.96368,0.96376,1.00,1.19
2014.10.24 15:00:15.166,0.96368,0.96377,1.00,1.25
2014.10.24 15:00:15.645,0.96367,0.9638,1.50,1.19
2014.10.24 15:00:15.746,0.96372,0.9638,1.00,1.19
2014.10.24 15:00:15.847,0.96372,0.96381,1.00,1.25
2014.10.24 15:00:16.251,0.96372,0.9638,1.00,1.19
2014.10.24 15:00:17.042,0.96372,0.96381,1.00,1.19
2014.10.24 15:00:17.810,0.96372,0.96378,1.00,1.00
2014.10.24 15:00:17.861,0.96369,0.96378,1.00,1.10
2014.10.24 15:00:17.962,0.96366,0.96375,1.00,1.10
2014.10.24 15:00:18.325,0.96366,0.96377,1.00,1.00
2014.10.24 15:00:18.477,0.96366,0.96379,1.00,1.25
2014.10.24 15:00:18.528,0.96372,0.96379,1.00,1.25
2014.10.24 15:00:18.832,0.96369,0.96377,1.00,1.69
2014.10.24 15:00:18.983,0.96369,0.96379,1.00,1.01
2014.10.24 15:00:19.084,0.96369,0.96377,1.00,1.25
2014.10.24 15:00:19.589,0.96369,0.96378,1.00,1.25
2014.10.24 15:00:20.122,0.9637,0.96377,1.00,1.25
2014.10.24 15:00:20.677,0.9637,0.9638,1.00,1.69
2014.10.24 15:00:20.930,0.96372,0.96381,1.00,1.25
2014.10.24 15:00:21.283,0.96375,0.96383,1.00,1.32
2014.10.24 15:00:21.702,0.96373,0.9638,1.00,2.47
2014.10.24 15:00:21.825,0.96371,0.9638,1.00,3.30
2014.10.24 15:00:22.128,0.96369,0.96378,1.00,1.09
2014.10.24 15:00:22.635,0.9637,0.96378,1.00,1.16
2014.10.24 15:00:23.493,0.96368,0.96378,1.12,1.17
2014.10.24 15:00:23.544,0.96368,0.96378,1.00,1.20
2014.10.24 15:00:23.595,0.9637,0.96378,1.00,1.00
2014.10.24 15:00:23.647,0.9637,0.9638,1.00,1.20
2014.10.24 15:00:24.000,0.96372,0.96382,1.00,1.84
2014.10.24 15:00:24.254,0.96366,0.96377,1.57,1.10
2014.10.24 15:00:24.755,0.96366,0.96378,1.00,1.09
2014.10.24 15:00:27.065,0.96366,0.96377,1.10,1.25
2014.10.24 15:00:27.457,0.96366,0.96377,1.00,1.34
2014.10.24 15:00:27.863,0.96366,0.96372,1.10,1.00
2014.10.24 15:00:27.964,0.96366,0.96377,1.10,1.29
2014.10.24 15:00:28.066,0.96366,0.96373,1.10,1.00
2014.10.24 15:00:28.586,0.96366,0.96376,1.10,1.25
2014.10.24 15:00:28.689,0.96366,0.96373,1.10,1.00
2014.10.24 15:00:28.841,0.96364,0.96373,1.00,1.69
2014.10.24 15:00:29.409,0.96364,0.9637,1.00,1.10
2014.10.24 15:00:29.611,0.96362,0.96371,1.00,1.07
2014.10.24 15:00:29.762,0.9636,0.96369,1.00,1.01
2014.10.24 15:00:30.269,0.96358,0.96369,1.17,2.59
2014.10.24 15:00:30.421,0.96358,0.96366,1.00,1.10
2014.10.24 15:00:30.927,0.96353,0.96366,1.15,1.19
2014.10.24 15:00:31.230,0.96353,0.96367,2.02,1.84
2014.10.24 15:00:31.381,0.96354,0.96367,2.85,1.25
2014.10.24 15:00:31.886,0.96356,0.96368,1.27,1.25
2014.10.24 15:00:32.214,0.96357,0.96368,2.47,1.25
2014.10.24 15:00:32.643,0.96356,0.96368,1.27,1.25
2014.10.24 15:00:32.848,0.96356,0.96371,2.10,1.29
2014.10.24 15:00:33.416,0.96359,0.96371,1.12,1.29
2014.10.24 15:00:35.451,0.96359,0.9637,1.00,1.40
2014.10.24 15:00:36.958,0.96356,0.96369,1.72,1.01
2014.10.24 15:00:37.009,0.96356,0.96368,1.27,1.19
2014.10.24 15:00:37.272,0.96355,0.96366,1.10,1.32
2014.10.24 15:00:37.373,0.96356,0.96363,1.00,1.19
2014.10.24 15:00:37.525,0.96354,0.96363,1.00,1.19
2014.10.24 15:00:38.231,0.96352,0.96363,1.00,1.29
2014.10.24 15:00:38.383,0.96352,0.96364,3.22,1.01
2014.10.24 15:00:38.484,0.96355,0.96366,1.80,1.10
2014.10.24 15:00:38.535,0.96355,0.96368,4.20,1.07
2014.10.24 15:00:38.585,0.96357,0.96368,1.27,1.00
2014.10.24 15:00:38.637,0.96361,0.9637,1.00,1.19
2014.10.24 15:00:38.688,0.96361,0.96371,1.00,1.57
2014.10.24 15:00:41.288,0.96361,0.96368,1.00,1.25
2014.10.24 15:00:41.389,0.96359,0.96368,1.00,1.69
2014.10.24 15:00:42.436,0.96359,0.96367,1.00,1.25
2014.10.24 15:00:42.487,0.96357,0.96367,1.10,1.25
2014.10.24 15:00:42.992,0.96357,0.96368,1.00,1.69
2014.10.24 15:00:43.497,0.96357,0.96368,1.00,1.09
2014.10.24 15:00:44.206,0.96357,0.96369,1.00,1.84
2014.10.24 15:00:44.257,0.9636,0.96369,1.00,1.32
2014.10.24 15:00:44.796,0.9636,0.96369,1.00,1.01
2014.10.24 15:00:45.300,0.96361,0.96371,1.00,1.09
2014.10.24 15:00:45.452,0.96363,0.96372,1.00,1.25
2014.10.24 15:00:45.705,0.96361,0.96372,1.00,1.36
2014.10.24 15:00:45.857,0.96361,0.96369,1.00,1.10
2014.10.24 15:00:46.168,0.96361,0.96368,1.00,1.84
2014.10.24 15:00:46.218,0.96357,0.96368,1.00,1.84
2014.10.24 15:00:46.580,0.96357,0.96368,1.00,1.01
2014.10.24 15:00:46.990,0.9636,0.96369,1.00,1.84
2014.10.24 15:00:47.749,0.9636,0.96367,1.00,1.69
2014.10.24 15:00:48.011,0.96357,0.96367,1.00,1.25
2014.10.24 15:00:48.162,0.96357,0.96365,1.00,1.25
2014.10.24 15:00:48.314,0.96353,0.96365,1.00,1.46
2014.10.24 15:00:48.617,0.96353,0.96362,1.00,1.46
2014.10.24 15:00:49.231,0.9635,0.96362,1.00,1.84
2014.10.24 15:00:50.568,0.9635,0.96359,1.00,1.00
2014.10.24 15:00:50.673,0.9635,0.96361,1.00,1.01
2014.10.24 15:00:52.717,0.9635,0.9636,1.00,1.56
2014.10.24 15:00:52.818,0.96348,0.96358,1.00,2.06
2014.10.24 15:00:52.869,0.96348,0.96357,1.00,1.07
2014.10.24 15:00:52.970,0.96346,0.96357,1.00,1.15
2014.10.24 15:00:53.719,0.96346,0.96354,1.00,1.25
2014.10.24 15:00:54.894,0.96346,0.96356,1.00,1.25
2014.10.24 15:00:55.507,0.96346,0.96358,1.00,1.69
2014.10.24 15:00:55.609,0.96349,0.96358,1.00,1.25
2014.10.24 15:00:55.760,0.96349,0.96361,1.00,2.44
2014.10.24 15:00:56.286,0.9635,0.96361,1.00,1.25
2014.10.24 15:00:57.706,0.9635,0.96362,1.00,2.51
2014.10.24 15:00:57.908,0.96352,0.96362,1.00,1.57
2014.10.24 15:00:58.467,0.96351,0.96362,1.00,1.57
2014.10.24 15:00:59.278,0.96351,0.96363,1.00,1.00
2014.10.24 15:00:59.809,0.96351,0.96364,1.00,1.76
2014.10.24 15:01:00.324,0.96351,0.96363,1.00,1.25
2014.10.24 15:01:06.574,0.96352,0.96363,1.00,1.00
2014.10.24 15:01:06.874,0.96358,0.96371,1.25,1.17
2014.10.24 15:01:06.975,0.96358,0.96367,1.69,1.00
2014.10.24 15:01:07.406,0.96358,0.96372,1.84,1.09
2014.10.24 15:01:07.870,0.96358,0.96368,1.84,1.00
2014.10.24 15:01:07.971,0.96358,0.9637,1.84,1.10
2014.10.24 15:01:08.332,0.96358,0.96368,1.25,1.00
2014.10.24 15:01:08.483,0.96353,0.96366,2.96,1.10
2014.10.24 15:01:08.988,0.96353,0.96365,1.00,1.16
2014.10.24 15:01:09.304,0.96352,0.96363,1.65,1.00
2014.10.24 15:01:09.456,0.96349,0.96361,1.20,1.00
2014.10.24 15:01:09.558,0.96353,0.96361,1.00,1.00
2014.10.24 15:01:09.860,0.96353,0.96363,1.00,1.00
2014.10.24 15:01:10.389,0.96353,0.96365,1.00,1.15
2014.10.24 15:01:10.439,0.96353,0.96365,1.17,1.00
2014.10.24 15:01:10.967,0.96353,0.96366,1.17,1.15
2014.10.24 15:01:11.375,0.96353,0.96365,1.00,1.39
2014.10.24 15:01:12.081,0.96353,0.96366,1.00,2.44
2014.10.24 15:01:12.824,0.96353,0.96363,1.00,1.00
2014.10.24 15:01:13.076,0.96348,0.96361,1.00,1.72
2014.10.24 15:01:13.581,0.96347,0.9636,1.20,1.25
2014.10.24 15:01:14.404,0.96349,0.96362,1.10,6.49
2014.10.24 15:01:14.455,0.96349,0.96362,1.20,1.36
2014.10.24 15:01:15.265,0.96348,0.96362,1.01,2.47
2014.10.24 15:01:15.669,0.96348,0.9636,1.00,2.47
2014.10.24 15:01:15.770,0.96347,0.96361,3.71,1.17
2014.10.24 15:01:16.300,0.96348,0.96361,1.95,1.17
2014.10.24 15:01:16.451,0.96348,0.96363,2.85,1.84
2014.10.24 15:01:16.654,0.96347,0.96362,2.29,1.84
2014.10.24 15:01:18.110,0.96348,0.96357,1.10,1.00
2014.10.24 15:01:18.413,0.96347,0.96357,4.16,1.00
2014.10.24 15:01:18.765,0.96348,0.96362,1.71,1.01
2014.10.24 15:01:20.511,0.9635,0.96358,1.10,1.00
2014.10.24 15:01:20.662,0.96348,0.96361,1.01,1.27
2014.10.24 15:01:20.713,0.96349,0.96361,1.10,2.47
2014.10.24 15:01:20.864,0.96348,0.96363,1.91,1.20
2014.10.24 15:01:20.966,0.96349,0.96358,1.27,1.00
2014.10.24 15:01:21.067,0.96352,0.96363,1.00,1.95
2014.10.24 15:01:21.897,0.96351,0.96363,1.00,1.20
2014.10.24 15:01:22.422,0.96351,0.96362,1.00,1.00
2014.10.24 15:01:22.998,0.96348,0.96363,2.59,1.72
2014.10.24 15:01:23.150,0.96348,0.96363,1.84,3.82
2014.10.24 15:01:23.201,0.96348,0.9636,1.09,1.00
2014.10.24 15:01:23.302,0.96346,0.96358,2.25,1.20
2014.10.24 15:01:23.606,0.96343,0.96357,1.00,2.21
2014.10.24 15:01:24.111,0.96341,0.96355,1.76,1.84
2014.10.24 15:01:24.437,0.96342,0.96355,1.17,1.25
2014.10.24 15:01:25.606,0.96341,0.96356,1.10,4.54
2014.10.24 15:01:30.106,0.96342,0.96355,1.00,1.84
2014.10.24 15:01:31.394,0.96343,0.96355,1.00,1.01
2014.10.24 15:01:31.511,0.9634,0.96353,3.79,1.00
2014.10.24 15:01:31.953,0.96342,0.96355,1.10,1.01
2014.10.24 15:01:32.056,0.9634,0.96352,3.79,1.00
2014.10.24 15:01:32.496,0.96342,0.96356,1.10,1.84
2014.10.24 15:01:32.715,0.9634,0.96352,4.54,1.00
2014.10.24 15:01:32.934,0.96343,0.96356,1.00,1.84
2014.10.24 15:01:33.457,0.96342,0.96356,1.15,1.09
2014.10.24 15:01:35.329,0.96343,0.96356,1.25,1.84
2014.10.24 15:01:35.842,0.96343,0.96357,1.35,1.84
2014.10.24 15:01:39.017,0.96341,0.96353,6.86,1.00
2014.10.24 15:01:39.119,0.96342,0.96357,1.52,2.96
2014.10.24 15:01:39.745,0.96341,0.96355,6.86,1.00
2014.10.24 15:01:40.258,0.96341,0.96356,7.42,1.09
2014.10.24 15:01:40.309,0.96341,0.96354,5.92,1.70
2014.10.24 15:01:40.460,0.96336,0.9635,1.55,1.07
2014.10.24 15:01:41.314,0.96336,0.9635,1.39,3.22
2014.10.24 15:01:41.617,0.96336,0.96349,1.55,1.01
2014.10.24 15:01:41.970,0.96333,0.96347,1.15,1.25
2014.10.24 15:01:42.122,0.96333,0.96347,1.10,1.84
2014.10.24 15:01:42.274,0.96333,0.96347,1.15,1.29
2014.10.24 15:01:42.815,0.96334,0.96347,2.85,1.19
2014.10.24 15:01:42.966,0.96335,0.96348,3.60,1.00
2014.10.24 15:01:43.495,0.96335,0.96349,3.60,2.29
2014.10.24 15:01:43.652,0.96337,0.96349,2.47,2.29
2014.10.24 15:01:45.957,0.96337,0.96349,1.09,2.17
2014.10.24 15:01:46.462,0.96337,0.96349,3.60,1.00
2014.10.24 15:01:46.969,0.96338,0.9635,2.85,1.00
2014.10.24 15:01:49.535,0.96338,0.96352,4.35,1.35
2014.10.24 15:01:50.279,0.96342,0.96352,1.00,1.35
2014.10.24 15:01:50.330,0.96342,0.96352,1.47,1.50
2014.10.24 15:01:50.482,0.96342,0.96355,4.42,1.00
2014.10.24 15:01:50.533,0.96344,0.96358,1.55,2.51
2014.10.24 15:01:50.634,0.96346,0.96358,1.17,1.50
2014.10.24 15:01:51.139,0.96343,0.96358,1.84,1.76
2014.10.24 15:01:51.357,0.96343,0.96358,1.76,1.84
2014.10.24 15:01:51.658,0.96345,0.96353,1.20,1.00
2014.10.24 15:01:51.759,0.96346,0.96358,1.10,1.84
2014.10.24 15:01:52.314,0.96347,0.96358,1.10,1.00
2014.10.24 15:01:54.749,0.96346,0.96358,1.65,1.00
2014.10.24 15:01:55.253,0.96346,0.96358,1.57,1.17
2014.10.24 15:01:55.607,0.96345,0.96353,1.09,1.00
2014.10.24 15:01:55.657,0.96345,0.96353,1.25,1.00
2014.10.24 15:01:56.789,0.96344,0.96353,1.10,1.00
2014.10.24 15:01:58.463,0.96344,0.96352,1.10,1.00
2014.10.24 15:01:58.726,0.96346,0.96358,1.20,1.76
2014.10.24 15:01:59.243,0.96346,0.96358,2.51,1.10
2014.10.24 15:01:59.344,0.9635,0.96358,1.00,1.10
2014.10.24 15:01:59.394,0.9635,0.96361,1.65,1.00
2014.10.24 15:01:59.596,0.96348,0.96358,1.27,1.00
2014.10.24 15:01:59.698,0.96347,0.96357,2.02,1.00
2014.10.24 15:01:59.850,0.96345,0.96358,1.27,1.25
2014.10.24 15:02:00.444,0.96345,0.96358,1.17,1.76
2014.10.24 15:02:00.596,0.96344,0.96358,1.27,2.59
2014.10.24 15:02:01.155,0.96345,0.96358,1.10,1.65
2014.10.24 15:02:01.667,0.96344,0.96358,1.46,1.65
2014.10.24 15:02:02.022,0.96344,0.96358,1.57,1.40
2014.10.24 15:02:02.337,0.96347,0.96359,3.04,1.00
2014.10.24 15:02:02.845,0.96349,0.96362,1.10,1.10
2014.10.24 15:02:03.273,0.96347,0.96362,1.01,4.42
2014.10.24 15:02:03.577,0.96348,0.9636,1.47,1.25
2014.10.24 15:02:03.880,0.9635,0.96358,1.20,1.00
2014.10.24 15:02:03.981,0.9635,0.96363,1.20,1.65
2014.10.24 15:02:04.845,0.9635,0.96357,1.20,1.00
2014.10.24 15:02:05.353,0.9635,0.96363,1.20,1.65
2014.10.24 15:02:07.288,0.9635,0.96363,1.10,2.02
2014.10.24 15:02:07.591,0.96346,0.96357,1.07,1.00
2014.10.24 15:02:08.101,0.96347,0.9636,1.27,1.84
2014.10.24 15:02:08.414,0.96347,0.9636,1.27,1.10
2014.10.24 15:02:09.599,0.9635,0.9636,1.00,1.00
2014.10.24 15:02:10.425,0.96349,0.9636,1.12,1.00
2014.10.24 15:02:10.543,0.96349,0.96363,1.17,1.84
2014.10.24 15:02:11.396,0.96349,0.96363,1.10,2.59
2014.10.24 15:02:11.554,0.96349,0.96357,1.00,1.00
2014.10.24 15:02:12.128,0.96349,0.96362,1.00,4.16
2014.10.24 15:02:12.436,0.96349,0.96358,1.00,1.07
2014.10.24 15:02:12.740,0.9635,0.96363,2.40,1.57
2014.10.24 15:02:12.892,0.9635,0.96366,1.84,3.22
2014.10.24 15:02:12.943,0.96353,0.96366,1.00,3.22
2014.10.24 15:02:13.513,0.96352,0.96362,1.00,1.00
2014.10.24 15:02:14.195,0.96352,0.96366,1.00,4.16
2014.10.24 15:02:18.208,0.96352,0.96363,1.00,1.65
2014.10.24 15:02:18.635,0.96351,0.96358,1.00,1.00
2014.10.24 15:02:18.838,0.96344,0.96352,1.20,1.00
2014.10.24 15:02:19.396,0.96344,0.96357,1.72,1.76
2014.10.24 15:02:19.901,0.96344,0.96357,1.57,1.15
2014.10.24 15:02:20.032,0.96346,0.96358,1.25,1.15
2014.10.24 15:02:20.537,0.96347,0.96357,1.00,1.15
2014.10.24 15:02:21.060,0.96346,0.96357,1.00,1.84
2014.10.24 15:02:21.418,0.96346,0.96357,1.00,1.01
2014.10.24 15:02:21.771,0.96347,0.96358,2.02,1.00
2014.10.24 15:02:21.923,0.96349,0.96361,1.00,1.09
2014.10.24 15:02:22.024,0.96349,0.96358,1.00,1.00
2014.10.24 15:02:23.576,0.96348,0.96358,1.00,1.10
2014.10.24 15:02:24.866,0.96348,0.96357,1.00,1.00
2014.10.24 15:02:25.396,0.96348,0.96358,1.00,1.10
2014.10.24 15:02:25.944,0.96347,0.96357,1.10,1.00
2014.10.24 15:02:26.466,0.96347,0.96358,1.00,1.84
2014.10.24 15:02:27.024,0.96347,0.96358,1.00,1.00
2014.10.24 15:02:27.570,0.96347,0.96358,1.00,1.17
2014.10.24 15:02:28.071,0.96347,0.96358,1.00,1.40
2014.10.24 15:02:28.822,0.96347,0.96357,1.00,1.00
2014.10.24 15:02:28.873,0.96343,0.96353,1.27,1.00
2014.10.24 15:02:28.974,0.96343,0.96357,1.27,1.09
2014.10.24 15:02:29.484,0.96342,0.96355,1.27,1.50
2014.10.24 15:02:30.225,0.96342,0.96355,4.42,1.50
2014.10.24 15:02:30.727,0.96342,0.96355,1.72,1.65
2014.10.24 15:02:30.929,0.96342,0.96355,1.00,3.97
2014.10.24 15:02:31.030,0.96342,0.96355,1.10,1.65
2014.10.24 15:02:32.316,0.96342,0.96355,1.10,2.02
2014.10.24 15:02:32.539,0.9634,0.96352,1.00,1.52
2014.10.24 15:02:33.053,0.96341,0.96352,1.00,1.10
2014.10.24 15:02:33.642,0.96341,0.96352,1.00,1.17
2014.10.24 15:02:35.127,0.96338,0.96352,3.64,1.84
2014.10.24 15:02:35.674,0.96338,0.96352,3.64,1.84
2014.10.24 15:02:35.876,0.96338,0.96348,2.51,1.00
2014.10.24 15:02:36.555,0.96338,0.96347,1.50,1.00
2014.10.24 15:02:36.858,0.96336,0.96348,1.76,1.00
2014.10.24 15:02:37.450,0.96337,0.96348,1.10,1.00
2014.10.24 15:02:38.011,0.96338,0.96348,1.09,1.00
2014.10.24 15:02:39.174,0.96336,0.96348,2.51,1.07
2014.10.24 15:02:39.667,0.96334,0.96347,1.10,1.09
2014.10.24 15:02:40.344,0.96334,0.96347,2.14,1.17
2014.10.24 15:02:41.240,0.96335,0.96348,1.27,1.09
2014.10.24 15:02:41.542,0.96338,0.96348,1.00,1.17
2014.10.24 15:02:42.179,0.96338,0.96348,1.00,1.10
2014.10.24 15:02:42.330,0.96335,0.96348,1.57,1.40
2014.10.24 15:02:42.868,0.96336,0.96347,1.57,1.20
2014.10.24 15:02:45.682,0.96338,0.96348,1.10,1.15
2014.10.24 15:02:45.885,0.96335,0.96348,3.79,1.00
2014.10.24 15:02:46.447,0.96337,0.96347,1.10,1.00
2014.10.24 15:02:46.991,0.96338,0.96347,1.10,1.00
2014.10.24 15:02:47.569,0.96338,0.96348,1.20,1.00
2014.10.24 15:02:47.883,0.96339,0.96352,1.10,2.02
2014.10.24 15:02:48.280,0.96339,0.96352,3.49,1.10
2014.10.24 15:02:54.992,0.96339,0.96352,1.46,1.17
2014.10.24 15:02:56.025,0.96339,0.96352,2.21,1.17
2014.10.24 15:02:56.543,0.96339,0.96352,1.20,1.27
2014.10.24 15:02:57.213,0.96339,0.96352,1.35,1.50
2014.10.24 15:02:58.665,0.9634,0.96354,1.29,1.27
2014.10.24 15:02:59.173,0.96342,0.96354,1.00,1.65
2014.10.24 15:02:59.709,0.96341,0.96354,1.25,1.17
2014.10.24 15:03:00.052,0.96341,0.96353,3.79,1.00
2014.10.24 15:03:00.103,0.96342,0.96357,1.17,2.21
2014.10.24 15:03:00.305,0.96344,0.96353,1.69,1.00
2014.10.24 15:03:00.407,0.96344,0.96358,1.69,4.35
2014.10.24 15:03:00.674,0.96344,0.96352,1.69,1.00
2014.10.24 15:03:00.956,0.96344,0.96358,1.69,4.35
2014.10.24 15:03:01.472,0.96344,0.96358,2.44,4.54
2014.10.24 15:03:01.624,0.96344,0.96353,2.44,1.00
2014.10.24 15:03:01.826,0.96342,0.96352,2.40,1.10
2014.10.24 15:03:02.444,0.96341,0.96353,1.69,1.17
2014.10.24 15:03:03.745,0.96341,0.96354,1.20,1.10
2014.10.24 15:03:05.355,0.96341,0.96353,1.20,1.00
2014.10.24 15:03:06.255,0.96341,0.96354,1.00,1.15
2014.10.24 15:03:06.875,0.96342,0.96356,1.55,1.09
2014.10.24 15:03:07.128,0.96345,0.96357,1.12,1.10
2014.10.24 15:03:08.046,0.96347,0.96357,1.20,1.57
2014.10.24 15:03:08.551,0.96348,0.9636,1.57,3.22
2014.10.24 15:03:09.257,0.96348,0.9636,1.65,1.10
2014.10.24 15:03:09.670,0.96348,0.96358,1.20,1.00
2014.10.24 15:03:10.103,0.96348,0.9636,1.84,1.10
2014.10.24 15:03:10.759,0.96348,0.96357,2.21,1.00
2014.10.24 15:03:11.272,0.96348,0.96358,1.84,1.00
2014.10.24 15:03:11.323,0.96348,0.9636,2.59,1.10
2014.10.24 15:03:11.643,0.96348,0.96358,1.84,1.00
2014.10.24 15:03:12.403,0.96348,0.9636,1.84,1.10
2014.10.24 15:03:12.603,0.96348,0.96358,1.84,1.00
2014.10.24 15:03:12.963,0.96348,0.9636,1.84,1.10
2014.10.24 15:03:13.165,0.96348,0.96358,1.84,1.00
2014.10.24 15:03:13.684,0.96347,0.96357,1.91,1.00
2014.10.24 15:03:14.100,0.96345,0.96357,1.00,1.10
2014.10.24 15:03:14.150,0.96345,0.96353,1.00,1.00
2014.10.24 15:03:14.201,0.96342,0.96353,1.69,1.10
2014.10.24 15:03:14.353,0.96345,0.96358,1.10,6.04
2014.10.24 15:03:14.872,0.96345,0.96358,1.17,2.40
2014.10.24 15:03:15.865,0.96348,0.96358,1.10,1.65
2014.10.24 15:03:15.916,0.96348,0.96359,1.10,1.10
2014.10.24 15:03:16.168,0.96348,0.96357,1.09,1.00
2014.10.24 15:03:16.471,0.96342,0.96352,1.26,1.00
2014.10.24 15:03:16.573,0.96343,0.96354,1.17,1.00
2014.10.24 15:03:16.826,0.96342,0.96354,1.72,1.00
2014.10.24 15:03:17.330,0.96342,0.96357,1.72,1.84
2014.10.24 15:03:17.855,0.96343,0.96355,1.25,1.20
2014.10.24 15:03:18.826,0.96343,0.96355,1.00,3.22
2014.10.24 15:03:19.129,0.96345,0.96353,1.50,1.00
2014.10.24 15:03:19.482,0.9634,0.96353,3.22,1.00
2014.10.24 15:03:19.533,0.9634,0.96353,1.10,1.17
2014.10.24 15:03:20.042,0.9634,0.96353,1.00,1.40
2014.10.24 15:03:20.093,0.9634,0.96348,1.00,1.00
2014.10.24 15:03:20.207,0.9634,0.96353,1.00,1.40
2014.10.24 15:03:22.003,0.96341,0.96352,1.00,1.10
2014.10.24 15:03:22.104,0.96344,0.96357,1.00,2.47
2014.10.24 15:03:22.205,0.96345,0.96357,1.00,1.17
2014.10.24 15:03:22.307,0.96344,0.96352,1.00,1.00
2014.10.24 15:03:22.822,0.96342,0.96353,1.69,1.17
2014.10.24 15:03:22.923,0.96342,0.96353,1.76,1.00
2014.10.24 15:03:23.408,0.96343,0.96357,1.32,1.84
2014.10.24 15:03:24.133,0.96343,0.96356,1.15,1.19
2014.10.24 15:03:24.234,0.96341,0.96355,1.65,1.09
2014.10.24 15:03:25.733,0.96343,0.96357,1.27,1.15
2014.10.24 15:03:25.835,0.96344,0.96357,1.54,1.00
2014.10.24 15:03:26.342,0.96344,0.96358,4.46,1.00
2014.10.24 15:03:26.660,0.96347,0.9636,1.15,1.25
2014.10.24 15:03:27.215,0.96348,0.96361,1.15,1.25
2014.10.24 15:03:27.636,0.96348,0.96361,3.22,1.25
2014.10.24 15:03:27.944,0.96348,0.96358,3.41,1.00
2014.10.24 15:03:28.451,0.96348,0.96358,1.09,1.00
2014.10.24 15:03:29.343,0.96347,0.96361,1.15,1.25
2014.10.24 15:03:30.450,0.96347,0.96361,1.10,2.66
2014.10.24 15:03:30.551,0.96347,0.96358,1.00,1.20
2014.10.24 15:03:30.652,0.96343,0.96358,1.40,2.70
2014.10.24 15:03:31.187,0.96343,0.96357,1.40,1.50
2014.10.24 15:03:31.713,0.96342,0.96356,1.84,1.20
2014.10.24 15:03:32.218,0.96342,0.96355,1.40,1.00
2014.10.24 15:03:33.139,0.96342,0.96355,1.10,2.85
2014.10.24 15:03:33.290,0.96339,0.96353,1.84,1.20
2014.10.24 15:03:33.799,0.96339,0.96352,1.40,1.00
2014.10.24 15:03:33.850,0.96342,0.96352,1.00,1.00
2014.10.24 15:03:35.032,0.96342,0.96355,1.10,1.76
2014.10.24 15:03:35.286,0.96347,0.96355,1.00,1.10
2014.10.24 15:03:35.438,0.96348,0.96359,1.00,1.65
2014.10.24 15:03:35.589,0.96344,0.96358,1.09,1.95
2014.10.24 15:03:35.690,0.96344,0.96358,1.01,3.79
2014.10.24 15:03:36.196,0.96343,0.96357,1.69,1.54
2014.10.24 15:03:36.708,0.96343,0.96357,1.25,3.04
2014.10.24 15:03:38.008,0.96344,0.96357,1.19,1.25
2014.10.24 15:03:38.059,0.96344,0.96357,1.29,1.65
2014.10.24 15:03:38.263,0.96344,0.96358,1.19,5.92
2014.10.24 15:03:38.314,0.96343,0.96358,1.10,6.86
2014.10.24 15:03:38.466,0.96343,0.96358,1.17,4.54
2014.10.24 15:03:38.577,0.96345,0.96358,1.00,4.16
2014.10.24 15:03:38.678,0.96345,0.96358,1.17,1.10
2014.10.24 15:03:39.467,0.96346,0.96358,1.27,1.00
2014.10.24 15:03:39.975,0.96346,0.96361,2.77,2.74
2014.10.24 15:03:42.085,0.96346,0.9636,1.65,1.95
2014.10.24 15:03:43.204,0.96346,0.96359,1.69,1.45
2014.10.24 15:03:43.694,0.96344,0.96357,1.50,3.60
2014.10.24 15:03:43.795,0.96342,0.96357,1.57,2.85
2014.10.24 15:03:44.335,0.96342,0.96355,1.69,1.15
2014.10.24 15:03:45.374,0.96341,0.96355,1.19,1.15
2014.10.24 15:03:46.200,0.96341,0.96352,1.19,1.00
2014.10.24 15:03:46.907,0.96341,0.96355,1.19,2.32
2014.10.24 15:03:47.333,0.9634,0.96355,1.39,2.32
2014.10.24 15:03:47.383,0.9634,0.96355,1.46,2.32
2014.10.24 15:03:48.216,0.9634,0.96355,1.39,3.07
2014.10.24 15:03:48.743,0.9634,0.96353,1.76,1.10
2014.10.24 15:03:49.340,0.96339,0.96353,2.96,1.10
2014.10.24 15:03:49.962,0.96339,0.96351,1.84,1.00
2014.10.24 15:03:50.064,0.96339,0.96353,1.84,1.57
2014.10.24 15:03:50.953,0.96339,0.96353,1.07,1.65
2014.10.24 15:03:51.054,0.96338,0.96352,1.10,1.27
2014.10.24 15:03:53.474,0.9634,0.96352,1.00,1.17
2014.10.24 15:03:53.632,0.96338,0.96352,1.10,1.65
2014.10.24 15:03:55.413,0.96338,0.96352,1.00,3.60
2014.10.24 15:03:55.928,0.96337,0.9635,1.10,1.17
2014.10.24 15:03:56.635,0.96337,0.9635,1.07,1.10
2014.10.24 15:04:06.567,0.96338,0.96352,3.15,1.57
2014.10.24 15:04:08.683,0.96338,0.96352,1.15,1.57
2014.10.24 15:04:12.597,0.96339,0.96352,1.46,1.10
2014.10.24 15:04:13.922,0.96338,0.96354,5.36,1.70
2014.10.24 15:04:14.433,0.96338,0.96352,5.36,1.00
2014.10.24 15:04:17.649,0.96339,0.96354,1.46,2.17
2014.10.24 15:04:18.000,0.9634,0.96354,3.04,1.60
2014.10.24 15:04:18.254,0.96345,0.96358,2.29,1.35
2014.10.24 15:04:18.410,0.96346,0.96359,4.61,1.00
2014.10.24 15:04:18.461,0.96347,0.96361,1.46,3.00
2014.10.24 15:04:18.512,0.96348,0.96361,2.47,3.00
2014.10.24 15:04:18.815,0.9635,0.96362,2.66,1.00
2014.10.24 15:04:19.320,0.9635,0.96363,4.99,2.10
2014.10.24 15:04:20.912,0.9635,0.96362,4.80,1.00
2014.10.24 15:04:21.460,0.9635,0.96363,4.80,1.35
2014.10.24 15:04:24.375,0.9635,0.9636,4.99,1.00
2014.10.24 15:04:24.476,0.9635,0.96364,4.99,1.85
2014.10.24 15:04:27.638,0.96351,0.96365,2.47,2.17
2014.10.24 15:04:29.236,0.96353,0.96365,2.47,1.60
2014.10.24 15:04:29.287,0.96353,0.96365,2.47,1.00
2014.10.24 15:04:29.338,0.96353,0.96367,2.66,1.50
2014.10.24 15:04:29.867,0.96354,0.96368,1.34,1.42
2014.10.24 15:04:30.018,0.96353,0.96367,3.41,2.06
2014.10.24 15:04:30.522,0.96353,0.96368,6.11,1.42
2014.10.24 15:04:30.573,0.96356,0.96368,2.47,1.35
2014.10.24 15:04:33.033,0.96357,0.96367,1.40,1.00
2014.10.24 15:04:33.552,0.96358,0.96367,1.10,1.00
2014.10.24 15:04:33.653,0.96355,0.96368,1.17,1.99
2014.10.24 15:04:33.960,0.96356,0.96368,5.17,1.35
2014.10.24 15:04:34.497,0.96356,0.96367,6.11,1.00
2014.10.24 15:04:35.500,0.96354,0.96367,3.60,1.00
2014.10.24 15:04:36.041,0.96354,0.96368,1.27,2.81
2014.10.24 15:04:36.142,0.96353,0.96366,5.55,1.10
2014.10.24 15:04:36.460,0.96353,0.96363,4.80,1.00
2014.10.24 15:04:37.076,0.96354,0.96363,3.67,1.00
2014.10.24 15:04:37.127,0.96355,0.96367,1.52,1.00
2014.10.24 15:04:37.178,0.96356,0.96367,2.85,1.00
2014.10.24 15:04:37.480,0.96358,0.96368,3.22,1.00
2014.10.24 15:04:38.319,0.96358,0.96367,2.47,1.00
2014.10.24 15:04:39.197,0.96358,0.96368,2.47,1.00
2014.10.24 15:04:39.452,0.96358,0.9637,2.47,2.17
2014.10.24 15:04:40.118,0.96358,0.96367,2.47,1.00
2014.10.24 15:04:40.169,0.96356,0.96367,2.40,1.00
2014.10.24 15:04:40.271,0.96353,0.96367,3.41,1.10
2014.10.24 15:04:40.873,0.96353,0.96365,1.09,1.00
2014.10.24 15:04:41.534,0.96352,0.96363,3.41,1.00
2014.10.24 15:04:42.317,0.96352,0.96364,2.47,1.10
2014.10.24 15:04:47.282,0.96352,0.96365,2.47,2.17
2014.10.24 15:04:47.692,0.96356,0.96367,1.17,1.00
2014.10.24 15:04:48.220,0.96356,0.9637,1.46,2.17
2014.10.24 15:04:48.574,0.96353,0.96367,1.15,1.20
2014.10.24 15:04:49.103,0.96352,0.96366,2.21,1.00
2014.10.24 15:04:50.615,0.96352,0.96366,1.15,1.60
2014.10.24 15:04:51.176,0.96354,0.96366,1.45,1.00
2014.10.24 15:04:51.493,0.9636,0.96369,2.47,1.42
2014.10.24 15:04:51.997,0.96359,0.96369,2.47,1.42
2014.10.24 15:04:52.654,0.96359,0.96368,2.47,1.10
2014.10.24 15:04:53.221,0.96359,0.96369,2.47,1.42
2014.10.24 15:04:53.680,0.96357,0.96367,3.60,1.10
2014.10.24 15:04:54.209,0.96356,0.96367,4.54,1.10
2014.10.24 15:04:54.720,0.96356,0.9637,4.35,2.36
2014.10.24 15:04:55.247,0.96356,0.96368,3.22,1.00
2014.10.24 15:04:55.400,0.96354,0.96367,4.35,1.10
2014.10.24 15:04:55.501,0.96353,0.96367,1.15,1.61
2014.10.24 15:04:57.072,0.96352,0.96365,3.60,1.10
2014.10.24 15:04:57.806,0.96352,0.96363,2.85,1.00
2014.10.24 15:04:57.907,0.96352,0.96365,2.85,1.10
2014.10.24 15:04:58.439,0.96352,0.96364,2.47,1.57
2014.10.24 15:04:58.540,0.96351,0.96364,1.17,1.10
2014.10.24 15:04:58.592,0.96352,0.96364,2.40,1.57
2014.10.24 15:04:59.585,0.96352,0.96363,2.47,1.00
2014.10.24 15:05:00.107,0.96352,0.96364,2.47,1.10
2014.10.24 15:05:02.800,0.96352,0.96365,2.47,1.10
2014.10.24 15:05:03.314,0.96352,0.96366,4.35,1.35
2014.10.24 15:05:05.247,0.96354,0.96366,2.85,1.35
2014.10.24 15:05:05.451,0.96357,0.96369,1.15,1.10
2014.10.24 15:05:06.187,0.96358,0.9637,1.40,1.42
2014.10.24 15:05:06.237,0.96359,0.9637,2.47,1.42
2014.10.24 15:05:09.271,0.96361,0.96373,2.47,4.42
2014.10.24 15:05:09.524,0.96368,0.96379,1.27,1.50
2014.10.24 15:05:09.625,0.96368,0.96382,1.15,1.00
2014.10.24 15:05:09.742,0.96373,0.96382,1.07,1.00
2014.10.24 15:05:09.846,0.96378,0.96391,3.00,1.57
2014.10.24 15:05:09.947,0.96381,0.96393,2.47,1.00
2014.10.24 15:05:10.149,0.96383,0.96393,2.47,1.00
2014.10.24 15:05:10.453,0.96385,0.96395,2.47,1.00
2014.10.24 15:05:10.504,0.96385,0.96398,2.47,2.32
2014.10.24 15:05:11.012,0.96385,0.96397,2.47,1.00
2014.10.24 15:05:11.513,0.96385,0.96398,2.47,1.76
2014.10.24 15:05:16.601,0.96385,0.96393,2.47,1.00
2014.10.24 15:05:16.652,0.96382,0.96393,1.62,1.00
2014.10.24 15:05:17.195,0.96381,0.96392,3.60,1.00
2014.10.24 15:05:18.707,0.96381,0.96393,3.60,1.00
2014.10.24 15:05:20.360,0.96381,0.96396,3.22,1.01
2014.10.24 15:05:20.461,0.96383,0.96396,2.47,1.10
2014.10.24 15:05:20.663,0.96383,0.96398,2.66,1.57
2014.10.24 15:05:23.062,0.96384,0.96399,3.04,2.14
2014.10.24 15:05:23.690,0.96384,0.96399,3.41,1.10
2014.10.24 15:05:24.199,0.96384,0.96398,3.79,1.00
2014.10.24 15:05:24.351,0.96384,0.964,5.36,1.84
2014.10.24 15:05:25.529,0.96384,0.96398,4.54,1.00
2014.10.24 15:05:28.652,0.96384,0.96398,3.04,1.20
2014.10.24 15:05:28.804,0.96387,0.964,1.01,1.01
2014.10.24 15:05:29.364,0.96387,0.96401,1.25,3.41
2014.10.24 15:05:29.941,0.96385,0.964,3.04,1.40
2014.10.24 15:05:30.376,0.96385,0.964,3.04,1.01
2014.10.24 15:05:32.010,0.96388,0.96402,1.25,1.84
2014.10.24 15:05:32.061,0.96388,0.96402,1.77,1.29
2014.10.24 15:05:32.263,0.96389,0.96405,5.36,1.84
2014.10.24 15:05:32.768,0.96391,0.96403,1.00,1.27
2014.10.24 15:05:33.071,0.96388,0.96401,1.20,1.39
2014.10.24 15:05:34.728,0.96388,0.96401,1.20,1.16
2014.10.24 15:05:36.736,0.96387,0.96401,1.15,1.39
2014.10.24 15:05:37.089,0.96388,0.96401,2.85,1.19
2014.10.24 15:05:37.610,0.96389,0.96401,3.60,1.19
2014.10.24 15:05:38.140,0.9639,0.96401,1.34,1.10
2014.10.24 15:05:38.292,0.96389,0.96399,1.00,1.10
2014.10.24 15:05:38.494,0.96388,0.96397,1.00,1.00
2014.10.24 15:05:38.728,0.96387,0.96399,1.20,1.10
2014.10.24 15:05:38.778,0.96388,0.96401,1.36,1.10
2014.10.24 15:05:39.280,0.96389,0.96403,1.40,2.66
2014.10.24 15:05:39.802,0.96389,0.96403,1.84,1.91
2014.10.24 15:05:40.593,0.96389,0.96402,1.84,1.00
2014.10.24 15:05:42.225,0.9639,0.96402,1.09,1.95
2014.10.24 15:05:42.528,0.96389,0.96398,1.00,1.10
2014.10.24 15:05:43.375,0.96386,0.964,1.25,1.35
2014.10.24 15:05:43.993,0.96386,0.96397,1.69,1.00
2014.10.24 15:05:44.498,0.96386,0.96397,1.84,1.00
2014.10.24 15:05:45.116,0.96386,0.96398,1.84,1.00
2014.10.24 15:05:45.644,0.96386,0.96397,1.84,1.00
2014.10.24 15:05:46.122,0.96386,0.964,2.66,1.36
2014.10.24 15:05:46.637,0.96386,0.96398,1.72,1.00
2014.10.24 15:05:47.280,0.96386,0.96401,1.91,1.46
2014.10.24 15:05:48.591,0.96387,0.96402,1.29,5.29
2014.10.24 15:05:49.893,0.96388,0.96402,1.25,1.84
2014.10.24 15:05:49.944,0.96392,0.96402,1.00,1.09
2014.10.24 15:05:50.259,0.96395,0.96403,1.09,1.00
2014.10.24 15:05:50.361,0.96395,0.96407,1.09,1.25
2014.10.24 15:05:50.411,0.96394,0.96407,1.29,3.41
2014.10.24 15:05:50.563,0.96391,0.96406,1.84,2.21
2014.10.24 15:05:51.027,0.96391,0.96402,1.65,1.25
2014.10.24 15:05:51.559,0.96391,0.96402,1.00,1.32
2014.10.24 15:05:52.077,0.96389,0.96402,1.32,1.32
2014.10.24 15:05:52.483,0.96388,0.96398,1.36,1.00
2014.10.24 15:05:52.584,0.96388,0.964,1.84,1.10
2014.10.24 15:05:52.736,0.9639,0.96402,1.46,1.00
2014.10.24 15:05:53.039,0.96393,0.96403,1.40,1.00
2014.10.24 15:05:53.140,0.96393,0.96407,1.40,1.01
2014.10.24 15:05:53.804,0.96394,0.96408,2.21,1.25
2014.10.24 15:05:54.441,0.96395,0.96408,1.00,1.09
2014.10.24 15:05:54.542,0.96395,0.96403,1.00,1.00
2014.10.24 15:05:54.695,0.96395,0.96408,1.00,1.09
2014.10.24 15:05:55.681,0.96395,0.96403,1.00,1.00
2014.10.24 15:05:56.214,0.96395,0.96407,1.69,1.01
2014.10.24 15:05:56.644,0.96395,0.96402,1.84,1.00
2014.10.24 15:05:57.230,0.96395,0.96408,1.09,1.01
2014.10.24 15:05:57.661,0.96395,0.96402,1.25,1.00
2014.10.24 15:05:58.421,0.96395,0.96403,1.00,1.00
2014.10.24 15:05:58.905,0.96393,0.96403,1.01,1.00
2014.10.24 15:06:01.354,0.96393,0.96406,1.62,3.22
2014.10.24 15:06:01.879,0.96393,0.96406,1.39,1.17
2014.10.24 15:06:03.361,0.96393,0.96403,1.76,1.00
2014.10.24 15:06:03.905,0.96393,0.96407,1.76,3.22
2014.10.24 15:06:04.417,0.96393,0.96403,1.76,1.00
2014.10.24 15:06:04.929,0.96393,0.96407,1.07,2.47
2014.10.24 15:06:06.777,0.96391,0.96403,4.91,1.00
2014.10.24 15:06:06.828,0.96391,0.96403,1.50,1.20
2014.10.24 15:06:06.929,0.96391,0.96403,1.00,3.60
2014.10.24 15:06:07.340,0.96388,0.96398,1.00,3.60
2014.10.24 15:06:07.390,0.96386,0.96398,2.25,3.60
2014.10.24 15:06:07.656,0.96386,0.96396,1.50,2.47
2014.10.24 15:06:07.959,0.96383,0.96396,1.50,2.47
2014.10.24 15:06:08.470,0.96383,0.96397,2.40,3.41
2014.10.24 15:06:08.572,0.96385,0.96398,1.00,1.17
2014.10.24 15:06:08.825,0.96387,0.964,1.00,1.40
2014.10.24 15:06:09.330,0.96386,0.96398,1.00,1.17
2014.10.24 15:06:11.750,0.96386,0.96397,1.00,3.22
2014.10.24 15:06:14.089,0.96383,0.96397,1.50,3.22
2014.10.24 15:06:18.787,0.96383,0.96397,1.57,1.17
2014.10.24 15:06:18.888,0.96387,0.96398,1.00,1.15
2014.10.24 15:06:19.394,0.96387,0.96398,1.00,1.65
2014.10.24 15:06:20.040,0.96384,0.96398,1.00,1.65
2014.10.24 15:06:20.648,0.96385,0.96398,1.00,1.27
2014.10.24 15:06:21.153,0.96384,0.96398,3.26,1.15
2014.10.24 15:06:21.959,0.96386,0.96398,1.00,1.15
2014.10.24 15:06:22.266,0.96386,0.96398,1.00,1.20
2014.10.24 15:06:22.367,0.96388,0.96398,1.00,1.20
2014.10.24 15:06:22.519,0.96388,0.96401,1.07,1.57
2014.10.24 15:06:23.022,0.9639,0.96403,1.10,1.72
2014.10.24 15:06:24.008,0.96388,0.96403,1.09,2.85
2014.10.24 15:06:24.978,0.96388,0.96403,1.01,2.59
2014.10.24 15:06:27.009,0.96387,0.96402,2.96,2.47
2014.10.24 15:06:27.514,0.96388,0.96402,1.00,4.54
2014.10.24 15:06:27.878,0.96388,0.96402,1.20,1.84
2014.10.24 15:06:27.929,0.96388,0.96402,3.22,1.84
2014.10.24 15:06:31.939,0.96393,0.96404,1.00,3.22
2014.10.24 15:06:32.312,0.96393,0.96404,1.00,1.07
2014.10.24 15:06:32.852,0.96391,0.96404,1.76,2.02
2014.10.24 15:06:33.382,0.96391,0.96402,1.07,1.00
2014.10.24 15:06:33.896,0.96391,0.96403,1.00,1.17
2014.10.24 15:06:34.437,0.96391,0.96403,1.57,1.20
2014.10.24 15:06:34.942,0.96392,0.96403,1.00,1.65
2014.10.24 15:06:35.194,0.9639,0.96403,1.57,1.72
2014.10.24 15:06:35.346,0.9639,0.96402,1.50,4.16
2014.10.24 15:06:37.165,0.9639,0.96398,1.00,1.10
2014.10.24 15:06:37.670,0.96389,0.96401,1.00,3.04
2014.10.24 15:06:38.308,0.96388,0.96402,1.25,3.60
2014.10.24 15:06:38.611,0.96389,0.96402,1.46,1.10
2014.10.24 15:06:38.965,0.96389,0.96402,3.04,1.00
2014.10.24 15:06:39.533,0.96391,0.96405,2.25,2.66
2014.10.24 15:06:40.283,0.96391,0.96405,2.77,1.10
2014.10.24 15:06:41.876,0.96392,0.96401,1.10,1.00
2014.10.24 15:06:41.977,0.96392,0.96406,1.10,1.72
2014.10.24 15:06:42.079,0.96393,0.96407,1.57,2.47
2014.10.24 15:06:42.382,0.96397,0.96408,1.00,1.27
2014.10.24 15:06:42.433,0.96394,0.96408,1.57,1.27
2014.10.24 15:06:42.949,0.96394,0.96407,1.00,3.15
2014.10.24 15:06:43.900,0.96393,0.96407,1.00,7.42
2014.10.24 15:06:44.405,0.96394,0.96407,1.00,5.62
2014.10.24 15:06:45.317,0.96393,0.96406,1.00,1.15
2014.10.24 15:06:45.520,0.96393,0.96406,1.20,1.20
2014.10.24 15:06:45.979,0.96393,0.96404,1.20,1.10
2014.10.24 15:06:46.048,0.96393,0.96406,1.20,1.30
2014.10.24 15:06:47.181,0.96393,0.96406,1.10,1.27
2014.10.24 15:06:47.433,0.96394,0.96408,1.35,1.27
2014.10.24 15:06:47.535,0.96396,0.96409,1.00,2.85
2014.10.24 15:06:47.761,0.96396,0.96409,1.10,1.10
2014.10.24 15:06:47.863,0.96395,0.9641,1.65,3.79
2014.10.24 15:06:48.372,0.96394,0.96408,1.00,2.47
2014.10.24 15:06:48.953,0.96392,0.96407,2.21,1.72
2014.10.24 15:06:49.272,0.96392,0.96404,2.21,1.10
2014.10.24 15:06:49.721,0.96392,0.96406,1.46,1.65
2014.10.24 15:06:50.127,0.96392,0.96403,2.21,1.10
2014.10.24 15:06:50.655,0.96392,0.96402,1.00,1.10
2014.10.24 15:06:50.705,0.96392,0.96404,1.00,1.20
2014.10.24 15:06:52.986,0.96392,0.96403,1.00,1.10
2014.10.24 15:06:53.138,0.96392,0.96402,3.49,1.10
2014.10.24 15:06:53.392,0.96396,0.96408,1.39,1.07
2014.10.24 15:06:53.595,0.964,0.96408,1.00,1.00
2014.10.24 15:06:54.840,0.964,0.96413,1.00,2.21
2014.10.24 15:06:54.941,0.96399,0.96408,1.50,1.00
2014.10.24 15:06:55.042,0.96399,0.96411,1.00,1.91
2014.10.24 15:06:55.144,0.964,0.96412,2.36,1.20
2014.10.24 15:06:55.447,0.96406,0.96416,1.25,1.50
2014.10.24 15:06:55.861,0.96406,0.96418,1.09,1.25
2014.10.24 15:06:56.287,0.96406,0.96419,1.76,1.26
2014.10.24 15:06:56.832,0.96406,0.96419,1.09,1.01
2014.10.24 15:06:57.387,0.96406,0.96419,1.09,1.25
2014.10.24 15:06:57.640,0.96407,0.96421,1.17,1.01
2014.10.24 15:06:58.508,0.96408,0.96422,1.76,1.54
2014.10.24 15:06:59.013,0.96407,0.96422,1.50,3.04
2014.10.24 15:06:59.517,0.96411,0.96421,1.00,1.10
2014.10.24 15:06:59.669,0.9641,0.96423,1.57,1.01
2014.10.24 15:07:00.173,0.96411,0.96423,1.35,1.25
2014.10.24 15:07:00.224,0.96411,0.96426,2.29,1.29
2014.10.24 15:07:00.460,0.96413,0.96425,1.00,1.01
2014.10.24 15:07:00.983,0.96411,0.96425,3.04,1.01
2014.10.24 15:07:01.593,0.96411,0.96424,1.35,1.25
2014.10.24 15:07:01.782,0.96411,0.96422,1.35,1.00
2014.10.24 15:07:02.299,0.96411,0.96423,1.35,1.00
2014.10.24 15:07:02.805,0.9641,0.96419,1.00,1.10
2014.10.24 15:07:02.957,0.96408,0.96419,1.00,1.10
2014.10.24 15:07:04.043,0.96408,0.96417,1.00,1.10
2014.10.24 15:07:06.209,0.96408,0.96418,1.00,1.10
2014.10.24 15:07:06.714,0.96407,0.96419,1.69,1.10
2014.10.24 15:07:07.219,0.96407,0.96418,1.25,1.10
2014.10.24 15:07:08.123,0.96408,0.96418,1.00,1.57
2014.10.24 15:07:09.642,0.96405,0.96418,1.00,1.57
2014.10.24 15:07:12.451,0.96405,0.96419,1.50,1.10
2014.10.24 15:07:12.723,0.96408,0.96419,1.00,1.10
2014.10.24 15:07:12.925,0.96408,0.96421,1.00,1.10
2014.10.24 15:07:13.437,0.96408,0.96421,2.85,1.10
2014.10.24 15:07:13.936,0.96409,0.96419,2.10,1.10
2014.10.24 15:07:14.037,0.96411,0.96423,1.35,1.00
2014.10.24 15:07:14.644,0.96411,0.96423,1.00,1.37
2014.10.24 15:07:14.846,0.96406,0.96418,1.00,1.57
2014.10.24 15:07:15.402,0.96405,0.96417,1.00,2.32
2014.10.24 15:07:16.212,0.96404,0.96417,1.00,2.70
2014.10.24 15:07:17.791,0.96405,0.96417,1.00,1.00
2014.10.24 15:07:18.745,0.96404,0.96417,1.50,1.00
2014.10.24 15:07:18.989,0.96404,0.96417,1.00,2.06
2014.10.24 15:07:19.292,0.96401,0.96412,1.50,1.00
2014.10.24 15:07:20.154,0.96401,0.96413,1.00,1.76
2014.10.24 15:07:20.409,0.96399,0.96412,1.35,1.00
2014.10.24 15:07:21.130,0.96399,0.96408,1.35,1.00
2014.10.24 15:07:21.585,0.96399,0.96411,2.10,1.00
2014.10.24 15:07:21.787,0.964,0.96407,1.00,1.00
2014.10.24 15:07:22.292,0.964,0.96408,1.00,1.00
2014.10.24 15:07:23.078,0.96399,0.96408,1.35,1.00
2014.10.24 15:07:23.382,0.96402,0.96408,1.00,1.00
2014.10.24 15:07:23.584,0.96397,0.96408,1.25,1.00
2014.10.24 15:07:24.050,0.96395,0.9641,2.36,1.69
2014.10.24 15:07:24.202,0.96397,0.96408,1.00,1.00
2014.10.24 15:07:24.310,0.96397,0.9641,1.00,1.69
2014.10.24 15:07:24.563,0.96397,0.96408,1.00,1.00
2014.10.24 15:07:24.665,0.96397,0.9641,1.00,1.31
2014.10.24 15:07:24.958,0.96397,0.96408,1.25,1.00
2014.10.24 15:07:25.553,0.96396,0.9641,1.54,1.31
2014.10.24 15:07:26.068,0.96395,0.96408,3.11,1.00
2014.10.24 15:07:26.579,0.96395,0.96407,2.29,1.00
2014.10.24 15:07:27.098,0.96396,0.96408,1.54,1.25
2014.10.24 15:07:30.360,0.96395,0.96407,1.85,1.00
2014.10.24 15:07:30.900,0.96395,0.96408,1.85,1.00
2014.10.24 15:07:31.560,0.96396,0.96407,1.05,1.00
2014.10.24 15:07:32.108,0.96396,0.96408,1.05,1.00
2014.10.24 15:07:36.109,0.96395,0.96403,1.69,1.00
2014.10.24 15:07:36.210,0.96393,0.96403,2.44,1.00
2014.10.24 15:07:36.412,0.96392,0.96403,1.00,1.37
2014.10.24 15:07:36.463,0.96388,0.96401,2.44,1.20
2014.10.24 15:07:36.564,0.96386,0.964,2.44,1.00
2014.10.24 15:07:36.666,0.96386,0.96398,1.50,1.00
2014.10.24 15:07:37.725,0.96386,0.964,1.00,2.14
2014.10.24 15:07:38.254,0.96386,0.96398,1.00,1.00
2014.10.24 15:07:38.785,0.96386,0.964,1.25,2.14
2014.10.24 15:07:39.605,0.96386,0.96397,1.00,1.00
2014.10.24 15:07:39.756,0.96384,0.96397,2.74,1.50
2014.10.24 15:07:39.968,0.96386,0.96398,1.00,1.00
2014.10.24 15:07:40.493,0.96386,0.96397,1.00,1.00
2014.10.24 15:07:40.803,0.96386,0.964,1.00,1.39
2014.10.24 15:07:41.058,0.96389,0.964,1.00,1.39
2014.10.24 15:07:41.159,0.96385,0.964,1.00,1.39
2014.10.24 15:07:41.261,0.96385,0.96398,1.00,1.00
2014.10.24 15:07:41.837,0.96385,0.96397,1.00,1.00
2014.10.24 15:07:42.291,0.96388,0.96396,1.00,1.10
2014.10.24 15:07:42.392,0.96382,0.96395,1.50,1.10
2014.10.24 15:07:42.846,0.96382,0.96393,1.00,1.10
2014.10.24 15:07:42.947,0.9638,0.96392,1.50,1.10
2014.10.24 15:07:43.250,0.96378,0.96392,1.50,2.02
2014.10.24 15:07:43.403,0.96378,0.96389,1.00,1.10
2014.10.24 15:07:43.707,0.96376,0.96387,1.00,1.10
2014.10.24 15:07:43.859,0.96376,0.96389,1.50,1.10
2014.10.24 15:07:44.190,0.96376,0.96387,1.00,1.10
2014.10.24 15:07:44.698,0.96375,0.96387,1.00,1.10
2014.10.24 15:07:45.010,0.96373,0.96387,1.25,1.10
2014.10.24 15:07:45.481,0.96374,0.9639,1.00,1.76
2014.10.24 15:07:45.683,0.96376,0.96391,1.00,1.00
2014.10.24 15:07:45.987,0.96378,0.9639,1.00,1.10
2014.10.24 15:07:46.247,0.96376,0.96391,1.00,1.20
2014.10.24 15:07:46.754,0.96377,0.96392,1.69,1.10
2014.10.24 15:07:47.541,0.96379,0.96392,1.00,1.10
2014.10.24 15:07:47.642,0.96379,0.96394,1.00,1.20
2014.10.24 15:07:48.162,0.96379,0.96395,1.50,1.65
2014.10.24 15:07:49.067,0.96379,0.96395,1.50,1.35
2014.10.24 15:07:49.168,0.96379,0.96396,2.02,2.51
2014.10.24 15:07:49.320,0.96382,0.96396,1.00,1.57
2014.10.24 15:07:49.846,0.96382,0.96397,1.00,2.10
2014.10.24 15:07:49.948,0.96379,0.96397,2.44,2.10
2014.10.24 15:07:50.667,0.96379,0.96395,1.69,1.20
2014.10.24 15:07:51.184,0.96379,0.96396,2.44,1.46
2014.10.24 15:07:51.622,0.96382,0.96395,1.00,1.47
2014.10.24 15:07:51.723,0.96379,0.96395,1.50,1.47
2014.10.24 15:07:52.280,0.96379,0.96395,1.50,1.47
2014.10.24 15:07:52.785,0.96379,0.96395,1.50,1.47
2014.10.24 15:07:53.305,0.96379,0.96395,1.50,1.47
2014.10.24 15:07:53.617,0.96383,0.96395,1.10,1.00
2014.10.24 15:07:53.769,0.9638,0.96395,2.55,1.50
2014.10.24 15:07:54.289,0.9638,0.96395,1.00,1.95
2014.10.24 15:07:54.877,0.9638,0.96395,1.00,1.95
2014.10.24 15:07:55.599,0.9638,0.96395,1.00,1.95
2014.10.24 15:07:56.710,0.9638,0.96394,1.00,1.65
2014.10.24 15:07:57.235,0.9638,0.96395,1.00,1.77
2014.10.24 15:07:57.742,0.9638,0.96395,1.00,2.21
2014.10.24 15:07:57.897,0.9638,0.96395,1.00,1.77
2014.10.24 15:07:58.457,0.9638,0.96395,1.00,2.21
2014.10.24 15:07:59.195,0.9638,0.96395,1.00,2.21
2014.10.24 15:08:01.607,0.9638,0.96392,1.00,1.00
2014.10.24 15:08:02.021,0.96377,0.96392,1.25,1.10
2014.10.24 15:08:02.854,0.96377,0.96393,1.00,1.20
2014.10.24 15:08:03.367,0.96377,0.96392,1.00,1.10
2014.10.24 15:08:04.402,0.96377,0.96393,1.00,1.20
2014.10.24 15:08:04.961,0.96377,0.96393,1.69,1.09
2014.10.24 15:08:05.011,0.96377,0.96391,1.69,1.00
2014.10.24 15:08:05.517,0.96377,0.9639,1.00,1.10
2014.10.24 15:08:07.028,0.96377,0.96391,1.25,1.10
2014.10.24 15:08:07.558,0.96377,0.96392,1.25,1.01
2014.10.24 15:08:08.318,0.96377,0.96392,1.60,1.10
2014.10.24 15:08:08.898,0.96377,0.96393,2.10,1.20
2014.10.24 15:08:09.407,0.96378,0.96392,1.05,1.20
2014.10.24 15:08:15.160,0.96378,0.96392,1.05,1.47
2014.10.24 15:08:17.067,0.96376,0.96391,3.04,1.47
2014.10.24 15:08:17.168,0.96376,0.96388,1.00,1.10
2014.10.24 15:08:17.269,0.96374,0.96388,1.00,1.57
2014.10.24 15:08:17.371,0.96372,0.96387,1.00,1.00
2014.10.24 15:08:18.055,0.96371,0.96387,4.31,1.00
2014.10.24 15:08:18.158,0.96371,0.96385,3.56,1.10
2014.10.24 15:08:18.462,0.96372,0.96388,1.16,1.69
2014.10.24 15:08:18.563,0.96371,0.96387,2.81,1.57
2014.10.24 15:08:18.714,0.96371,0.96385,2.06,1.10
2014.10.24 15:08:19.250,0.96371,0.96384,1.25,1.10
2014.10.24 15:08:19.767,0.96369,0.96385,1.69,1.76
2014.10.24 15:08:20.582,0.96369,0.96385,1.25,2.51
2014.10.24 15:08:20.889,0.96368,0.96382,3.04,1.10
2014.10.24 15:08:21.193,0.96366,0.9638,1.00,1.57
2014.10.24 15:08:21.592,0.96366,0.96378,1.00,1.10
2014.10.24 15:08:22.142,0.96365,0.96379,1.50,1.10
2014.10.24 15:08:23.108,0.96365,0.96377,1.69,1.10
2014.10.24 15:08:23.638,0.96365,0.96378,1.50,1.10
2014.10.24 15:08:24.299,0.96365,0.96377,1.50,1.10
2014.10.24 15:08:24.754,0.96365,0.96375,1.00,1.10
2014.10.24 15:08:25.277,0.96362,0.96375,1.40,1.10
2014.10.24 15:08:28.307,0.96364,0.96376,1.09,1.10
2014.10.24 15:08:28.813,0.96362,0.96377,1.84,1.72
2014.10.24 15:08:29.267,0.96362,0.96375,1.32,1.17
2014.10.24 15:08:29.722,0.96361,0.96376,4.16,1.09
2014.10.24 15:08:32.304,0.96367,0.96379,1.00,3.41
2014.10.24 15:08:32.837,0.96367,0.96379,1.10,1.40
2014.10.24 15:08:37.287,0.96365,0.96379,1.25,1.16
2014.10.24 15:08:38.498,0.96365,0.96376,1.00,1.10
2014.10.24 15:08:39.384,0.96365,0.96377,1.00,1.30
2014.10.24 15:08:41.246,0.96365,0.96378,1.00,1.72
2014.10.24 15:08:41.296,0.96365,0.96377,1.00,2.47
2014.10.24 15:08:43.237,0.96365,0.96379,1.00,1.77
2014.10.24 15:08:51.163,0.96364,0.96379,1.10,1.77
2014.10.24 15:08:51.365,0.96364,0.96375,1.10,1.10
2014.10.24 15:08:51.669,0.96364,0.96374,1.00,3.60
2014.10.24 15:08:51.719,0.96361,0.96374,1.50,4.42
2014.10.24 15:08:52.068,0.9636,0.96372,1.00,3.67
2014.10.24 15:08:52.400,0.96359,0.9637,1.00,2.47
2014.10.24 15:08:52.506,0.96357,0.9637,2.85,2.47
2014.10.24 15:08:53.832,0.96356,0.96367,1.10,1.10
2014.10.24 15:08:54.185,0.96353,0.96367,1.42,2.29
2014.10.24 15:08:54.387,0.96352,0.96367,1.61,5.36
2014.10.24 15:08:56.987,0.96351,0.96362,1.77,1.00
2014.10.24 15:08:58.562,0.9635,0.96363,5.81,1.00
2014.10.24 15:08:58.613,0.9635,0.96366,8.14,1.27
2014.10.24 15:08:58.664,0.96355,0.96367,2.10,1.17
2014.10.24 15:08:59.173,0.96358,0.96369,1.35,1.25
2014.10.24 15:08:59.701,0.96358,0.96368,1.35,5.17
2014.10.24 15:09:00.004,0.96355,0.96365,1.00,3.30
2014.10.24 15:09:00.315,0.96353,0.96365,1.35,3.30
2014.10.24 15:09:03.024,0.96351,0.96365,3.19,1.84
2014.10.24 15:09:03.571,0.96351,0.96365,3.00,1.84
2014.10.24 15:09:04.271,0.96351,0.96365,2.25,1.46
2014.10.24 15:09:05.267,0.96351,0.96365,2.25,2.21
2014.10.24 15:09:06.249,0.96351,0.96365,2.25,2.21
2014.10.24 15:09:07.233,0.96351,0.96365,2.25,2.21
2014.10.24 15:09:08.543,0.9635,0.96365,1.50,2.21
2014.10.24 15:09:08.946,0.9635,0.96363,1.42,1.07
2014.10.24 15:09:10.630,0.9635,0.96363,2.10,2.21
2014.10.24 15:09:11.187,0.9635,0.96358,1.35,1.00
2014.10.24 15:09:11.357,0.9635,0.96362,1.35,1.09
2014.10.24 15:09:15.217,0.9635,0.96363,1.42,2.14
2014.10.24 15:09:16.100,0.9635,0.96363,1.42,1.10
2014.10.24 15:09:17.814,0.9635,0.96363,2.92,1.39
2014.10.24 15:09:18.145,0.9635,0.96363,2.85,1.27
2014.10.24 15:09:27.308,0.96354,0.96364,1.00,1.27
2014.10.24 15:09:27.359,0.96354,0.96367,1.60,1.46
2014.10.24 15:09:29.786,0.96354,0.96368,2.25,2.21
2014.10.24 15:09:30.089,0.96354,0.96368,1.00,2.96
2014.10.24 15:09:30.190,0.96354,0.96363,1.00,1.00
2014.10.24 15:09:30.392,0.9635,0.96363,1.65,1.10
2014.10.24 15:09:30.904,0.9635,0.96362,1.17,1.57
2014.10.24 15:09:31.409,0.96349,0.96361,1.15,1.10
2014.10.24 15:09:31.940,0.96349,0.96363,1.15,2.96
2014.10.24 15:09:32.709,0.96348,0.96363,1.65,2.96
2014.10.24 15:09:32.976,0.96348,0.96363,1.76,5.36
2014.10.24 15:09:33.818,0.96347,0.96358,1.29,1.00
2014.10.24 15:09:34.496,0.96347,0.96362,1.39,3.34
2014.10.24 15:09:34.813,0.96346,0.96358,2.06,1.00
2014.10.24 15:09:35.023,0.96346,0.96362,2.06,3.71
2014.10.24 15:09:35.225,0.96346,0.96358,2.06,1.00
2014.10.24 15:09:36.257,0.96347,0.96362,1.20,2.21
2014.10.24 15:09:36.640,0.96349,0.96362,1.00,2.21
2014.10.24 15:09:36.974,0.96347,0.96358,1.39,1.00
2014.10.24 15:09:37.430,0.96349,0.96357,1.00,1.00
2014.10.24 15:09:37.871,0.96348,0.96361,1.00,1.36
2014.10.24 15:09:38.446,0.96349,0.96361,1.00,1.36
2014.10.24 15:09:38.648,0.96348,0.96358,1.00,1.00
2014.10.24 15:09:39.216,0.96349,0.96358,1.00,1.00
2014.10.24 15:09:39.317,0.96347,0.96358,2.14,1.00
2014.10.24 15:09:39.469,0.96348,0.96358,1.29,1.00
2014.10.24 15:09:39.519,0.96349,0.96362,1.32,1.76
2014.10.24 15:09:40.024,0.96349,0.96362,1.01,1.01
2014.10.24 15:09:47.274,0.96348,0.96363,3.04,1.76
2014.10.24 15:09:47.426,0.96351,0.96364,1.39,1.76
2014.10.24 15:09:47.528,0.96351,0.96365,4.54,1.20
2014.10.24 15:09:53.214,0.96352,0.96365,2.51,1.27
2014.10.24 15:09:53.516,0.96352,0.96365,1.00,1.27
2014.10.24 15:09:53.858,0.9635,0.96364,1.00,1.16
2014.10.24 15:09:54.400,0.96349,0.96364,1.01,1.91
2014.10.24 15:09:58.486,0.96349,0.96363,1.46,1.32
2014.10.24 15:09:58.830,0.96349,0.96364,3.79,1.69
2014.10.24 15:10:00.459,0.96351,0.96364,1.55,1.69
2014.10.24 15:10:00.711,0.96355,0.96368,1.27,1.01
2014.10.24 15:10:00.812,0.96357,0.96368,1.17,1.25
2014.10.24 15:10:01.715,0.96355,0.96368,1.20,1.01
2014.10.24 15:10:01.816,0.96354,0.96368,1.57,3.64
2014.10.24 15:10:01.918,0.96353,0.96366,1.00,1.72
2014.10.24 15:10:02.323,0.96353,0.96367,1.55,1.01
2014.10.24 15:10:02.424,0.96355,0.96369,1.27,1.84
2014.10.24 15:10:05.894,0.96355,0.9637,3.79,1.76
2014.10.24 15:10:05.945,0.96355,0.9637,3.79,1.69
2014.10.24 15:10:09.274,0.96358,0.96371,1.10,1.01
2014.10.24 15:10:10.383,0.96358,0.9637,1.10,1.25
2014.10.24 15:10:10.485,0.96358,0.96368,1.10,1.54
2014.10.24 15:10:10.789,0.96357,0.96365,1.00,1.01
2014.10.24 15:10:10.839,0.96355,0.96365,1.00,1.01
2014.10.24 15:10:11.366,0.96355,0.96364,1.00,1.25
2014.10.24 15:10:12.895,0.96355,0.96364,1.00,1.19
2014.10.24 15:10:13.274,0.96352,0.96364,1.27,1.19
2014.10.24 15:10:13.885,0.96352,0.96365,1.27,1.84
2014.10.24 15:10:15.137,0.96352,0.96364,3.60,1.19
2014.10.24 15:10:15.272,0.96352,0.96364,1.27,1.19
2014.10.24 15:10:16.096,0.96352,0.96365,1.27,1.19
2014.10.24 15:10:17.836,0.96353,0.96366,2.85,1.69
2014.10.24 15:10:18.139,0.96355,0.96369,1.77,1.00
2014.10.24 15:10:18.342,0.96356,0.9637,3.60,1.25
2014.10.24 15:10:18.666,0.96356,0.96368,1.15,1.10
2014.10.24 15:10:19.171,0.96356,0.96369,2.47,1.25
2014.10.24 15:10:19.338,0.96355,0.96368,2.02,1.10
2014.10.24 15:10:19.885,0.96358,0.96368,1.00,1.10
2014.10.24 15:10:20.238,0.96355,0.96368,1.84,1.01
2014.10.24 15:10:20.824,0.96355,0.96368,1.01,1.91
2014.10.24 15:10:22.091,0.96355,0.96368,1.07,1.76
2014.10.24 15:10:22.293,0.96355,0.9637,2.21,1.91
2014.10.24 15:10:24.452,0.96355,0.96368,1.17,1.20
2014.10.24 15:10:24.502,0.96355,0.96368,1.20,1.27
2014.10.24 15:10:24.705,0.96353,0.96367,1.20,1.72
2014.10.24 15:10:25.223,0.96353,0.96364,1.20,1.00
2014.10.24 15:10:26.678,0.96353,0.96364,1.27,1.00
2014.10.24 15:10:26.779,0.96353,0.96367,1.27,1.01
2014.10.24 15:10:26.981,0.96353,0.96366,1.27,1.17
2014.10.24 15:10:27.891,0.9635,0.96362,3.22,1.10
2014.10.24 15:10:27.993,0.96348,0.96362,3.79,1.00
2014.10.24 15:10:28.094,0.96351,0.96364,1.10,1.10
2014.10.24 15:10:28.630,0.96351,0.96364,1.10,1.76
2014.10.24 15:10:29.393,0.96351,0.96361,1.10,1.10
2014.10.24 15:10:29.545,0.96348,0.9636,1.07,1.50
2014.10.24 15:10:29.646,0.96346,0.9636,1.46,2.59
2014.10.24 15:10:30.544,0.96346,0.9636,2.21,1.01
2014.10.24 15:10:30.855,0.96348,0.96363,1.27,2.51
2014.10.24 15:10:30.956,0.96348,0.96363,3.60,2.51
2014.10.24 15:10:31.514,0.96349,0.96363,2.47,2.51
2014.10.24 15:10:31.843,0.96348,0.96362,1.27,1.57
2014.10.24 15:10:36.810,0.9635,0.96363,1.27,1.01
2014.10.24 15:10:39.922,0.9635,0.96363,1.46,1.10
2014.10.24 15:10:40.024,0.96351,0.96365,2.85,1.61
2014.10.24 15:10:40.226,0.9635,0.96363,1.40,1.00
2014.10.24 15:10:40.596,0.9635,0.96362,1.00,3.26
2014.10.24 15:10:40.900,0.96345,0.96356,1.00,1.27
2014.10.24 15:10:41.412,0.96344,0.96355,1.50,1.76
2014.10.24 15:10:42.029,0.9634,0.96355,1.15,1.76
2014.10.24 15:10:43.119,0.96343,0.96355,1.00,1.76
2014.10.24 15:10:43.728,0.96342,0.96355,1.10,1.76
2014.10.24 15:10:44.406,0.96342,0.96354,1.00,1.32
2014.10.24 15:10:45.988,0.9634,0.96354,1.27,1.40
2014.10.24 15:10:47.545,0.96339,0.96354,1.27,1.84
2014.10.24 15:10:47.646,0.96339,0.96354,1.20,1.84
2014.10.24 15:10:51.268,0.96339,0.96353,2.14,1.39
2014.10.24 15:10:51.932,0.96339,0.96353,1.76,1.99
2014.10.24 15:10:52.108,0.96337,0.96352,1.76,5.36
2014.10.24 15:10:55.785,0.96337,0.96349,1.10,1.29
2014.10.24 15:10:56.306,0.96334,0.96348,5.17,1.19
2014.10.24 15:10:57.298,0.96334,0.96348,4.61,1.25
2014.10.24 15:10:58.473,0.96335,0.96348,4.54,1.25
2014.10.24 15:10:58.927,0.96336,0.9635,3.79,1.25
2014.10.24 15:11:01.816,0.96336,0.9635,2.96,1.19
2014.10.24 15:11:02.817,0.96336,0.9635,2.02,1.25
2014.10.24 15:11:04.823,0.96337,0.96352,4.54,2.59
2014.10.24 15:11:05.125,0.9634,0.96354,2.02,1.77
2014.10.24 15:11:05.226,0.96342,0.96356,1.52,1.10
2014.10.24 15:11:05.428,0.96345,0.96359,1.46,2.44
2014.10.24 15:11:05.479,0.96345,0.96356,1.46,1.10
2014.10.24 15:11:05.731,0.96345,0.96358,1.17,1.76
2014.10.24 15:11:08.375,0.96345,0.96357,1.46,1.25
2014.10.24 15:11:09.357,0.96345,0.96359,1.27,3.19
2014.10.24 15:11:10.346,0.96345,0.96357,1.46,1.25
2014.10.24 15:11:15.568,0.96345,0.96358,1.27,1.25
2014.10.24 15:11:16.609,0.96345,0.96357,1.27,1.25
2014.10.24 15:11:17.571,0.96345,0.96358,1.27,1.76
2014.10.24 15:11:21.637,0.96345,0.96358,1.27,1.84
2014.10.24 15:11:22.334,0.96345,0.96358,1.47,1.09
2014.10.24 15:11:22.587,0.96346,0.9636,2.10,1.01
2014.10.24 15:11:22.688,0.96347,0.9636,1.52,1.25
2014.10.24 15:11:24.641,0.96348,0.96362,1.46,1.91
2014.10.24 15:11:26.388,0.96348,0.96363,1.77,1.76
2014.10.24 15:11:26.692,0.96351,0.96364,1.55,1.01
2014.10.24 15:11:27.239,0.96352,0.96365,1.55,1.19
2014.10.24 15:11:27.775,0.96352,0.96366,1.55,1.29
2014.10.24 15:11:29.613,0.96352,0.96365,1.17,1.19
2014.10.24 15:11:31.035,0.96352,0.96366,1.27,1.29
2014.10.24 15:11:31.338,0.96354,0.9637,2.85,2.66
2014.10.24 15:11:31.698,0.96356,0.9637,2.85,1.29
2014.10.24 15:11:32.516,0.96355,0.9637,2.02,1.36
2014.10.24 15:11:34.418,0.96356,0.96371,3.60,1.01
2014.10.24 15:11:35.801,0.96359,0.96368,1.10,1.00
2014.10.24 15:11:35.903,0.96359,0.96372,1.10,3.26
2014.10.24 15:11:39.630,0.96359,0.96372,1.00,1.69
2014.10.24 15:11:43.828,0.96359,0.96371,1.00,2.47
2014.10.24 15:11:44.182,0.96359,0.96372,1.00,1.57
2014.10.24 15:11:50.399,0.9636,0.96371,1.00,1.09
2014.10.24 15:11:50.551,0.96358,0.96371,1.50,1.09
2014.10.24 15:11:53.348,0.96357,0.96368,1.10,1.57
2014.10.24 15:11:53.882,0.96357,0.96367,1.00,1.00
2014.10.24 15:11:54.621,0.96357,0.9637,1.00,1.54
2014.10.24 15:12:00.304,0.96356,0.9637,1.27,2.29
2014.10.24 15:12:03.672,0.96356,0.96371,1.46,3.22
2014.10.24 15:12:03.773,0.9636,0.96373,1.12,1.84
2014.10.24 15:12:03.874,0.9636,0.96373,1.20,1.09
2014.10.24 15:12:04.025,0.9636,0.96374,2.85,1.84
2014.10.24 15:12:04.127,0.96362,0.96376,2.85,1.36
2014.10.24 15:12:04.228,0.96365,0.96378,1.12,1.34
2014.10.24 15:12:04.737,0.96365,0.96377,1.00,3.26
2014.10.24 15:12:05.769,0.96365,0.96377,1.00,2.51
2014.10.24 15:12:06.645,0.96365,0.96378,1.95,1.32
2014.10.24 15:12:07.162,0.96367,0.96378,1.20,1.25
2014.10.24 15:12:11.918,0.96367,0.96377,1.00,1.10
2014.10.24 15:12:12.516,0.96367,0.96376,1.00,1.10
2014.10.24 15:12:12.718,0.96358,0.96369,1.00,1.10
2014.10.24 15:12:12.819,0.96354,0.96369,2.02,1.27
2014.10.24 15:12:13.347,0.96354,0.96367,2.02,1.10
2014.10.24 15:12:14.334,0.96355,0.96367,2.40,1.10
2014.10.24 15:12:14.637,0.96355,0.96367,1.27,1.10
2014.10.24 15:12:15.175,0.96355,0.96368,1.20,1.01
2014.10.24 15:12:15.696,0.96355,0.96369,1.47,1.17
2014.10.24 15:12:15.854,0.96356,0.9637,1.27,1.40
2014.10.24 15:12:16.158,0.96355,0.9637,1.95,1.40
2014.10.24 15:12:16.360,0.96355,0.9637,1.95,1.40
2014.10.24 15:12:16.487,0.96355,0.9637,7.50,1.09
2014.10.24 15:12:17.526,0.96355,0.9637,5.36,2.47
2014.10.24 15:12:18.045,0.96355,0.9637,3.04,2.47
2014.10.24 15:12:18.764,0.96355,0.9637,1.87,3.04
2014.10.24 15:12:18.966,0.96353,0.96368,1.10,4.54
2014.10.24 15:12:19.371,0.9635,0.96365,1.15,2.85
2014.10.24 15:12:19.675,0.96348,0.96362,2.10,3.30
2014.10.24 15:12:20.179,0.96347,0.96361,1.00,1.52
2014.10.24 15:12:20.506,0.96347,0.96361,1.00,2.02
2014.10.24 15:12:20.557,0.96345,0.96356,1.20,1.65
2014.10.24 15:12:20.659,0.96342,0.96355,1.07,1.17
2014.10.24 15:12:20.906,0.96341,0.96357,3.97,1.65
2014.10.24 15:12:20.959,0.96343,0.96357,3.30,1.00
2014.10.24 15:12:21.162,0.96344,0.96359,4.05,1.54
2014.10.24 15:12:22.921,0.96347,0.96358,1.10,1.00
2014.10.24 15:12:22.972,0.96345,0.96358,1.00,1.15
2014.10.24 15:12:23.073,0.96346,0.9636,1.20,2.06
2014.10.24 15:12:23.597,0.96347,0.9636,1.00,2.21
2014.10.24 15:12:24.175,0.96346,0.9636,1.20,1.35
2014.10.24 15:12:25.005,0.96346,0.96361,1.47,3.86
2014.10.24 15:12:25.631,0.96346,0.96361,1.55,1.54
2014.10.24 15:12:32.215,0.96348,0.96362,1.57,3.41
2014.10.24 15:12:32.417,0.96357,0.96368,1.00,1.15
2014.10.24 15:12:32.519,0.96357,0.96371,1.00,5.47
2014.10.24 15:12:32.929,0.96355,0.96371,1.57,3.22
2014.10.24 15:12:35.625,0.96355,0.9637,1.47,2.66
2014.10.24 15:12:35.841,0.96355,0.9637,1.20,2.66
2014.10.24 15:12:36.437,0.96355,0.9637,1.47,2.66
2014.10.24 15:12:36.967,0.96355,0.9637,1.10,3.04
2014.10.24 15:12:37.616,0.96353,0.96368,1.57,2.21
2014.10.24 15:12:37.667,0.96353,0.96368,1.57,2.21
2014.10.24 15:12:38.173,0.96354,0.96366,1.10,1.01
2014.10.24 15:12:38.568,0.96356,0.96366,1.10,1.01
2014.10.24 15:12:39.953,0.96356,0.96368,1.57,1.20
2014.10.24 15:12:40.054,0.96356,0.96368,1.00,3.22
2014.10.24 15:12:41.254,0.96356,0.96368,1.00,1.39
2014.10.24 15:12:42.118,0.96356,0.96369,1.00,1.46
2014.10.24 15:12:50.435,0.96356,0.96369,1.00,3.79
2014.10.24 15:12:52.331,0.96355,0.96368,1.10,2.21
2014.10.24 15:12:58.880,0.96355,0.96367,1.65,1.20
2014.10.24 15:12:59.203,0.96355,0.96367,1.00,2.02
2014.10.24 15:12:59.304,0.96351,0.96362,1.57,1.00
2014.10.24 15:12:59.658,0.96349,0.96364,2.40,3.79
2014.10.24 15:13:00.256,0.96346,0.96361,3.22,1.17
2014.10.24 15:13:00.357,0.96347,0.96361,1.20,1.84
2014.10.24 15:13:00.660,0.96347,0.96361,1.17,1.07
2014.10.24 15:13:00.712,0.96351,0.96364,1.10,1.36
2014.10.24 15:13:00.813,0.96354,0.96367,1.10,3.15
2014.10.24 15:13:01.116,0.96355,0.96367,1.50,2.32
2014.10.24 15:13:01.621,0.96356,0.96367,1.00,2.32
2014.10.24 15:13:01.964,0.96356,0.96367,1.00,2.40
2014.10.24 15:13:02.532,0.96356,0.96369,1.00,1.40
2014.10.24 15:13:05.099,0.96357,0.9637,1.10,3.60
2014.10.24 15:13:05.603,0.96356,0.9637,1.57,3.60
2014.10.24 15:13:07.664,0.96357,0.9637,1.00,4.16
2014.10.24 15:13:07.765,0.96357,0.9637,1.57,1.84
2014.10.24 15:13:08.118,0.96358,0.96372,1.17,1.09
2014.10.24 15:13:08.421,0.96359,0.9637,1.00,1.15
2014.10.24 15:13:08.573,0.96359,0.96372,1.60,1.15
2014.10.24 15:13:08.701,0.96362,0.96374,1.00,2.47
2014.10.24 15:13:08.751,0.96363,0.96377,1.72,1.01
2014.10.24 15:13:09.290,0.96364,0.96376,1.17,1.00
2014.10.24 15:13:10.506,0.96364,0.96379,1.65,1.46
2014.10.24 15:13:11.016,0.96364,0.96378,1.20,2.66
2014.10.24 15:13:12.027,0.96364,0.96376,1.00,1.76
2014.10.24 15:13:12.331,0.96359,0.96372,1.65,3.71
2014.10.24 15:13:12.684,0.96356,0.96369,1.72,1.57
2014.10.24 15:13:13.189,0.96356,0.96367,1.20,1.00
2014.10.24 15:13:13.705,0.96355,0.96369,1.10,1.46
2014.10.24 15:13:14.008,0.96353,0.96368,1.65,1.27
2014.10.24 15:13:14.637,0.96353,0.96367,1.65,1.77
2014.10.24 15:13:15.142,0.96352,0.96366,1.00,1.65
2014.10.24 15:13:15.856,0.96352,0.96366,1.07,1.40
2014.10.24 15:13:16.361,0.96352,0.96366,1.15,1.57
2014.10.24 15:13:16.791,0.96352,0.96366,1.10,2.66
2014.10.24 15:13:17.297,0.9635,0.96365,1.65,1.54
2014.10.24 15:13:17.802,0.96349,0.96364,4.05,1.25
2014.10.24 15:13:18.179,0.96351,0.96364,2.47,1.25
2014.10.24 15:13:18.683,0.96352,0.96365,1.17,1.10
2014.10.24 15:13:19.204,0.96352,0.96364,1.17,1.00
2014.10.24 15:13:20.092,0.9635,0.96364,1.17,1.07
2014.10.24 15:13:20.649,0.96353,0.96365,1.00,1.17
2014.10.24 15:13:21.179,0.9635,0.96365,1.17,1.17
2014.10.24 15:13:21.705,0.96349,0.96363,3.97,1.39
2014.10.24 15:13:21.807,0.96349,0.96362,1.57,1.39
2014.10.24 15:13:22.327,0.96349,0.96363,1.10,1.84
2014.10.24 15:13:23.600,0.96349,0.96363,2.47,1.76
2014.10.24 15:13:24.123,0.96349,0.96359,2.47,1.00
2014.10.24 15:13:24.230,0.96349,0.96363,2.47,1.76
2014.10.24 15:13:25.294,0.96349,0.96362,2.47,1.19
2014.10.24 15:13:25.345,0.96347,0.96361,4.05,1.01
2014.10.24 15:13:25.871,0.96347,0.96362,1.65,1.91
2014.10.24 15:13:26.297,0.9635,0.96362,2.40,1.10
2014.10.24 15:13:26.449,0.9635,0.96364,3.22,1.25
2014.10.24 15:13:26.787,0.96351,0.96364,1.10,1.39
2014.10.24 15:13:27.313,0.96349,0.96363,1.65,1.57
2014.10.24 15:13:28.265,0.96351,0.96363,1.00,1.16
2014.10.24 15:13:28.767,0.96349,0.96363,1.17,1.16
2014.10.24 15:13:30.822,0.9635,0.96363,2.40,1.20
2014.10.24 15:13:30.974,0.96353,0.96366,1.10,1.84
2014.10.24 15:13:33.523,0.96353,0.96366,1.00,3.41
2014.10.24 15:13:33.927,0.9635,0.96362,1.00,1.10
2014.10.24 15:13:34.129,0.9635,0.96362,1.00,1.15
2014.10.24 15:13:35.874,0.96348,0.9636,2.25,1.84
2014.10.24 15:13:36.452,0.96347,0.9636,1.57,1.84
2014.10.24 15:13:37.805,0.96347,0.96359,1.10,1.00
2014.10.24 15:13:38.330,0.96347,0.96359,1.00,1.17
2014.10.24 15:13:38.481,0.96347,0.96358,1.00,3.30
2014.10.24 15:13:38.532,0.96345,0.96357,1.10,1.15
2014.10.24 15:13:38.895,0.96343,0.96356,1.00,1.25
2014.10.24 15:13:39.413,0.96343,0.96357,1.20,1.91
2014.10.24 15:13:43.050,0.96343,0.96355,1.10,1.17
2014.10.24 15:13:43.353,0.96343,0.96353,1.00,3.22
2014.10.24 15:13:43.454,0.96341,0.96353,1.00,4.99
2014.10.24 15:13:45.552,0.96341,0.96353,1.10,2.66
2014.10.24 15:13:46.989,0.96341,0.96355,1.15,1.39
2014.10.24 15:13:50.004,0.96342,0.96356,2.47,1.57
2014.10.24 15:13:50.522,0.96344,0.96358,1.00,4.61
2014.10.24 15:13:51.925,0.96344,0.96358,1.00,4.61
2014.10.24 15:13:52.228,0.96339,0.96351,1.00,2.29
2014.10.24 15:13:52.279,0.96336,0.96351,1.20,4.61
2014.10.24 15:13:52.886,0.96336,0.96349,1.07,1.65
2014.10.24 15:13:53.391,0.96336,0.96349,1.50,1.35
2014.10.24 15:13:54.182,0.96336,0.96347,1.00,1.10
2014.10.24 15:13:54.384,0.96333,0.96348,1.50,2.29
2014.10.24 15:13:54.486,0.96333,0.96344,1.15,1.00
2014.10.24 15:13:54.536,0.96332,0.96344,1.65,1.00
2014.10.24 15:13:54.739,0.96332,0.96342,1.00,1.10
2014.10.24 15:13:55.283,0.96331,0.96342,1.20,1.10
2014.10.24 15:13:55.589,0.96329,0.96339,1.15,1.00
2014.10.24 15:13:55.693,0.96329,0.96342,1.65,1.10
2014.10.24 15:13:56.472,0.96329,0.96341,1.15,1.00
2014.10.24 15:13:56.816,0.96329,0.96343,1.15,1.12
2014.10.24 15:13:57.346,0.96333,0.96345,1.00,1.46
2014.10.24 15:13:57.448,0.96329,0.96345,1.15,2.21
2014.10.24 15:13:58.206,0.96331,0.96345,1.15,1.69
2014.10.24 15:13:58.508,0.96333,0.96349,2.47,6.86
2014.10.24 15:13:58.711,0.96332,0.96346,1.09,1.35
2014.10.24 15:13:59.912,0.9633,0.96344,2.66,1.10
2014.10.24 15:14:00.482,0.9633,0.96346,2.47,2.29
2014.10.24 15:14:04.351,0.96331,0.96346,4.80,2.14
2014.10.24 15:14:04.452,0.96333,0.96346,4.80,1.76
2014.10.24 15:14:04.755,0.96335,0.96347,2.47,1.10
2014.10.24 15:14:04.856,0.96338,0.96351,2.47,1.00
2014.10.24 15:14:05.359,0.96338,0.96352,2.47,1.57
2014.10.24 15:14:05.562,0.9634,0.96352,2.66,1.00
2014.10.24 15:14:05.612,0.9634,0.96356,2.66,1.72
2014.10.24 15:14:05.663,0.96342,0.96356,4.80,1.57
2014.10.24 15:14:06.204,0.96342,0.96357,4.80,1.25
2014.10.24 15:14:06.810,0.96343,0.96356,1.16,1.00
2014.10.24 15:14:08.382,0.96343,0.96358,1.25,1.46
2014.10.24 15:14:10.592,0.96344,0.96358,1.15,2.10
2014.10.24 15:14:11.242,0.96346,0.96359,1.00,2.21
2014.10.24 15:14:11.545,0.96347,0.96361,2.47,1.62
2014.10.24 15:14:12.049,0.96347,0.96361,1.15,2.29
2014.10.24 15:14:16.058,0.96347,0.96359,1.15,1.10
2014.10.24 15:14:16.210,0.96346,0.96359,1.10,1.65
2014.10.24 15:14:17.613,0.96343,0.96358,4.24,1.47
2014.10.24 15:14:18.201,0.96343,0.96358,3.22,1.20
2014.10.24 15:14:20.542,0.96344,0.96358,1.25,1.47
2014.10.24 15:14:20.593,0.96342,0.96358,3.26,2.10
2014.10.24 15:14:20.745,0.96342,0.96358,1.50,3.79
2014.10.24 15:14:22.334,0.96341,0.96356,2.47,1.37
2014.10.24 15:14:22.537,0.96339,0.96355,4.80,2.96
2014.10.24 15:14:22.638,0.96339,0.96355,1.17,2.96
2014.10.24 15:14:23.183,0.96337,0.96352,4.99,1.00
2014.10.24 15:14:23.544,0.96337,0.96347,4.05,1.00
2014.10.24 15:14:23.645,0.96337,0.96353,4.80,1.10
2014.10.24 15:14:24.055,0.96339,0.96353,2.47,1.00
2014.10.24 15:14:24.539,0.96339,0.96348,4.80,1.00
2014.10.24 15:14:24.640,0.96339,0.96354,4.80,1.27
2014.10.24 15:14:27.283,0.96343,0.96355,1.07,1.46
2014.10.24 15:14:27.787,0.96345,0.96356,1.00,1.46
2014.10.24 15:14:28.411,0.96341,0.96357,3.22,4.54
2014.10.24 15:14:29.464,0.96341,0.96349,2.47,1.00
2014.10.24 15:14:29.567,0.96341,0.96356,2.47,2.21
2014.10.24 15:14:29.824,0.96341,0.96353,2.47,1.00
2014.10.24 15:14:30.027,0.96341,0.96356,2.47,2.21
2014.10.24 15:14:31.866,0.96341,0.96355,2.47,1.39
2014.10.24 15:14:31.916,0.96341,0.96348,2.47,1.00
2014.10.24 15:14:32.018,0.96341,0.96355,2.47,1.39
2014.10.24 15:14:32.832,0.96341,0.96356,2.47,2.96
2014.10.24 15:14:33.251,0.96344,0.96356,1.20,1.84
2014.10.24 15:14:33.302,0.96344,0.96356,1.17,1.10
2014.10.24 15:14:33.605,0.96347,0.96357,2.47,1.00
2014.10.24 15:14:33.857,0.96347,0.96362,6.30,1.46
2014.10.24 15:14:34.679,0.96347,0.96363,7.24,2.21
2014.10.24 15:14:37.927,0.96347,0.9636,5.74,1.00
2014.10.24 15:14:40.458,0.96348,0.96363,1.15,3.79
2014.10.24 15:14:41.723,0.96349,0.96362,2.47,1.10
2014.10.24 15:14:42.128,0.9635,0.96364,1.15,1.50
2014.10.24 15:14:42.638,0.96349,0.96363,2.66,2.32
2014.10.24 15:14:43.377,0.96349,0.96362,2.47,1.12
2014.10.24 15:14:43.479,0.96347,0.96362,1.40,2.02
2014.10.24 15:14:45.442,0.96349,0.96362,1.00,3.71
2014.10.24 15:14:45.955,0.96345,0.96358,2.47,3.86
2014.10.24 15:14:46.056,0.96343,0.96358,3.22,3.94
2014.10.24 15:14:46.631,0.96343,0.96357,1.15,1.25
2014.10.24 15:14:48.659,0.96343,0.96357,1.15,2.14
2014.10.24 15:14:49.642,0.96342,0.96357,3.22,1.39
2014.10.24 15:14:50.248,0.96342,0.96357,1.15,1.54
2014.10.24 15:14:50.690,0.96346,0.96356,2.47,1.00
2014.10.24 15:14:50.841,0.96346,0.96358,2.47,1.12
2014.10.24 15:14:50.993,0.96345,0.96358,1.17,1.87
2014.10.24 15:14:51.475,0.96342,0.96356,3.34,1.17
2014.10.24 15:14:51.576,0.96342,0.96356,1.32,1.27
2014.10.24 15:14:52.225,0.9634,0.96353,3.22,1.00
2014.10.24 15:14:53.676,0.9634,0.96354,3.22,1.20
2014.10.24 15:14:54.214,0.9634,0.96353,3.22,1.00
2014.10.24 15:14:54.746,0.9634,0.96352,2.47,1.00
2014.10.24 15:14:55.278,0.9634,0.96353,2.47,1.00
2014.10.24 15:14:56.346,0.9634,0.96352,2.47,1.00
2014.10.24 15:14:56.557,0.96339,0.96352,1.40,1.00
2014.10.24 15:14:57.535,0.9634,0.96353,1.17,1.01
2014.10.24 15:14:59.203,0.96338,0.96347,3.22,1.10
2014.10.24 15:14:59.304,0.96338,0.96347,1.00,1.10
2014.10.24 15:14:59.355,0.96334,0.96347,1.17,1.97
2014.10.24 15:14:59.456,0.96331,0.96344,3.97,1.37
2014.10.24 15:14:59.608,0.96331,0.96342,1.50,1.55
2014.10.24 15:14:59.860,0.96328,0.96343,1.17,2.02
2014.10.24 15:15:00.483,0.96328,0.96343,3.41,2.59
2014.10.24 15:15:01.015,0.9633,0.96344,1.17,1.09
2014.10.24 15:15:01.533,0.9633,0.96344,1.15,1.69
2014.10.24 15:15:02.320,0.96331,0.96345,1.17,3.19
2014.10.24 15:15:02.895,0.96331,0.96345,1.17,2.74
2014.10.24 15:15:04.186,0.96331,0.96345,1.20,5.06
2014.10.24 15:15:05.501,0.96329,0.96345,3.22,4.31
2014.10.24 15:15:06.113,0.96329,0.96343,2.47,1.00
2014.10.24 15:15:06.215,0.96331,0.96345,2.47,3.11
2014.10.24 15:15:06.518,0.96336,0.96348,2.47,1.31
2014.10.24 15:15:06.720,0.96334,0.96348,4.16,2.06
2014.10.24 15:15:07.124,0.96336,0.96349,3.49,1.00
2014.10.24 15:15:07.439,0.96338,0.9635,4.80,1.25
2014.10.24 15:15:08.578,0.96338,0.96351,4.99,2.10
2014.10.24 15:15:08.881,0.96339,0.96349,1.15,1.12
2014.10.24 15:15:08.932,0.96339,0.96349,1.20,1.12
2014.10.24 15:15:09.034,0.96336,0.96349,1.10,1.20
2014.10.24 15:15:09.135,0.96336,0.96349,1.15,1.00
2014.10.24 15:15:09.296,0.96338,0.96351,1.10,1.42
2014.10.24 15:15:09.347,0.96338,0.96351,1.10,1.80
2014.10.24 15:15:09.549,0.96334,0.9635,1.65,2.85
2014.10.24 15:15:10.305,0.96336,0.96348,1.17,1.00
2014.10.24 15:15:10.356,0.96336,0.9635,1.25,1.57
2014.10.24 15:15:10.860,0.96337,0.96351,1.15,1.30
2014.10.24 15:15:14.156,0.96336,0.96352,4.16,1.99
2014.10.24 15:15:14.668,0.96336,0.9635,3.41,2.14
2014.10.24 15:15:15.075,0.96336,0.96348,2.66,1.37
2014.10.24 15:15:15.125,0.96335,0.96348,1.34,1.57
2014.10.24 15:15:15.651,0.96333,0.96347,1.36,1.07
2014.10.24 15:15:15.753,0.96335,0.96349,1.16,1.76
2014.10.24 15:15:16.270,0.96335,0.96349,3.49,1.25
2014.10.24 15:15:18.423,0.96336,0.96351,1.40,2.74
2014.10.24 15:15:18.945,0.96336,0.96351,1.34,4.24
2014.10.24 15:15:19.289,0.96337,0.96349,1.36,1.00
2014.10.24 15:15:19.599,0.96339,0.96351,1.84,1.00
2014.10.24 15:15:20.853,0.96339,0.96354,1.84,3.56
2014.10.24 15:15:24.132,0.96342,0.96354,1.00,1.31
2014.10.24 15:15:24.251,0.96339,0.96354,1.09,2.06
2014.10.24 15:15:24.609,0.96342,0.96354,1.00,1.31
2014.10.24 15:15:24.710,0.96339,0.96354,1.09,2.06
2014.10.24 15:15:25.386,0.96343,0.96354,1.00,1.31
2014.10.24 15:15:25.487,0.96339,0.96354,1.09,2.06
2014.10.24 15:15:27.015,0.96342,0.96354,1.00,2.06
2014.10.24 15:15:27.116,0.96339,0.96354,1.84,2.81
2014.10.24 15:15:27.667,0.96342,0.96354,1.00,2.06
2014.10.24 15:15:27.769,0.96339,0.96352,1.36,1.00
2014.10.24 15:15:30.694,0.96341,0.96353,1.00,1.47
2014.10.24 15:15:31.213,0.96339,0.96353,1.36,1.39
2014.10.24 15:15:32.842,0.96338,0.96354,3.79,1.69
2014.10.24 15:15:32.893,0.9634,0.96354,2.40,1.01
2014.10.24 15:15:33.196,0.96346,0.96359,4.99,1.05
2014.10.24 15:15:33.569,0.96345,0.96358,1.36,1.31
2014.10.24 15:15:33.771,0.96343,0.96357,1.09,2.14
2014.10.24 15:15:34.726,0.96342,0.96356,1.40,2.06
2014.10.24 15:15:35.732,0.96341,0.96356,4.99,1.31
2014.10.24 15:15:37.232,0.96343,0.96356,2.47,1.25
2014.10.24 15:15:39.664,0.96344,0.96359,1.34,3.71
2014.10.24 15:15:39.765,0.96343,0.96357,3.41,1.31
2014.10.24 15:15:39.867,0.96342,0.96355,1.34,1.00
2014.10.24 15:15:40.452,0.96342,0.96355,1.34,1.10
2014.10.24 15:15:42.053,0.96341,0.96355,4.91,1.25
2014.10.24 15:15:42.460,0.96344,0.96355,1.09,1.00
2014.10.24 15:15:45.262,0.96346,0.96359,2.66,1.20
2014.10.24 15:15:45.363,0.96346,0.9636,2.66,2.36
2014.10.24 15:15:46.289,0.96347,0.96362,1.09,3.04
2014.10.24 15:15:46.390,0.96347,0.96361,1.25,1.54
2014.10.24 15:15:46.946,0.96346,0.96357,1.29,1.00
2014.10.24 15:15:47.098,0.96344,0.96357,1.91,1.01
2014.10.24 15:15:48.569,0.96346,0.96359,1.32,1.09
2014.10.24 15:15:48.872,0.96346,0.9636,3.41,3.11
2014.10.24 15:15:49.380,0.96346,0.9636,1.09,3.49
2014.10.24 15:15:49.552,0.96345,0.96357,1.36,1.00
2014.10.24 15:15:50.081,0.96343,0.96358,4.16,1.31
2014.10.24 15:15:50.418,0.96343,0.96359,3.41,3.64
2014.10.24 15:15:50.519,0.96343,0.96359,1.09,6.86
2014.10.24 15:15:52.122,0.96342,0.96356,1.40,2.14
2014.10.24 15:15:52.444,0.96342,0.96353,1.32,1.00
2014.10.24 15:15:52.802,0.96346,0.96358,1.19,2.47
2014.10.24 15:15:52.954,0.96351,0.96363,1.00,1.15
2014.10.24 15:15:53.105,0.96351,0.96364,1.65,1.01
2014.10.24 15:15:53.721,0.96354,0.96365,1.00,1.17
2014.10.24 15:15:54.225,0.96351,0.96365,1.40,1.50
2014.10.24 15:15:54.631,0.96354,0.96366,1.10,1.10
2014.10.24 15:15:54.833,0.96356,0.96368,1.00,2.89
2014.10.24 15:15:55.138,0.96357,0.96372,1.25,1.10
2014.10.24 15:15:55.188,0.96358,0.9637,3.30,1.00
2014.10.24 15:15:55.290,0.96359,0.96374,1.15,2.21
2014.10.24 15:15:58.364,0.96362,0.96376,1.00,6.11
2014.10.24 15:15:58.915,0.96361,0.96375,1.20,1.15
2014.10.24 15:15:59.477,0.96365,0.96376,1.00,5.36
2014.10.24 15:15:59.548,0.9636,0.96376,1.15,6.11
2014.10.24 15:16:02.883,0.96358,0.96373,3.41,1.55
2014.10.24 15:16:03.035,0.96356,0.96366,1.10,1.01
2014.10.24 15:16:03.086,0.96351,0.96366,3.22,3.71
2014.10.24 15:16:03.187,0.96351,0.96365,1.10,3.60
2014.10.24 15:16:03.440,0.96349,0.96362,1.25,1.27
2014.10.24 15:16:04.048,0.96347,0.96362,1.84,1.17
2014.10.24 15:16:04.938,0.96347,0.96359,1.84,1.00
2014.10.24 15:16:05.157,0.96347,0.96363,2.59,1.15
2014.10.24 15:16:07.738,0.96352,0.96364,1.00,2.29
2014.10.24 15:16:08.093,0.96351,0.96364,1.09,1.10
2014.10.24 15:16:08.195,0.96352,0.96366,1.07,2.02
2014.10.24 15:16:08.714,0.96351,0.96365,4.24,1.12
2014.10.24 15:16:08.815,0.96351,0.96365,1.91,1.20
2014.10.24 15:16:12.206,0.96353,0.96365,1.19,1.20
2014.10.24 15:16:12.610,0.96356,0.96367,1.19,1.50
2014.10.24 15:16:12.712,0.96356,0.9637,1.26,1.07
2014.10.24 15:16:13.167,0.96356,0.9637,1.34,2.55
2014.10.24 15:16:13.369,0.96354,0.96367,1.34,2.06
2014.10.24 15:16:14.259,0.96355,0.96368,1.36,1.20
2014.10.24 15:16:15.440,0.96353,0.96368,2.66,2.21
2014.10.24 15:16:16.046,0.96353,0.96367,3.41,1.47
2014.10.24 15:16:16.400,0.96351,0.96366,2.66,1.77
2014.10.24 15:16:17.533,0.96351,0.96366,1.76,3.79
2014.10.24 15:16:18.046,0.96351,0.96366,1.84,1.40
2014.10.24 15:16:18.351,0.96353,0.96365,1.25,2.66
2014.10.24 15:16:20.109,0.96351,0.96365,1.76,3.22
2014.10.24 15:16:21.209,0.96351,0.96365,1.01,3.60
2014.10.24 15:16:22.032,0.96352,0.96365,1.00,2.85
2014.10.24 15:16:22.234,0.9635,0.96363,1.00,1.27
2014.10.24 15:16:22.752,0.9635,0.96362,1.00,1.15
2014.10.24 15:16:23.302,0.96348,0.96361,1.19,1.17
2014.10.24 15:16:24.220,0.96349,0.96363,1.19,2.47
2014.10.24 15:16:25.223,0.96348,0.96363,2.44,2.47
2014.10.24 15:16:26.012,0.9635,0.96363,1.10,2.47
2014.10.24 15:16:26.063,0.9635,0.96365,1.76,3.60
2014.10.24 15:16:27.039,0.96352,0.96365,1.19,3.22
2014.10.24 15:16:27.598,0.96352,0.96364,1.84,1.10
2014.10.24 15:16:28.103,0.96353,0.96366,1.76,3.22
2014.10.24 15:16:28.305,0.96352,0.96366,1.09,2.47
2014.10.24 15:16:28.665,0.96351,0.96367,3.41,1.46
2014.10.24 15:16:29.505,0.96354,0.96367,1.17,1.26
2014.10.24 15:16:29.824,0.96353,0.96367,2.59,3.60
2014.10.24 15:16:29.874,0.96355,0.96367,1.19,1.20
2014.10.24 15:16:30.189,0.96355,0.9637,1.84,1.09
2014.10.24 15:16:31.706,0.96359,0.96372,1.00,3.04
2014.10.24 15:16:31.808,0.96355,0.96371,3.41,1.27
2014.10.24 15:16:32.319,0.96357,0.96368,1.27,1.00
2014.10.24 15:16:32.370,0.96357,0.96371,1.27,1.47
2014.10.24 15:16:32.471,0.96357,0.96368,1.27,1.00
2014.10.24 15:16:32.572,0.96357,0.96372,1.27,1.46
2014.10.24 15:16:33.555,0.96357,0.9637,1.46,1.00
2014.10.24 15:16:33.817,0.96356,0.96372,1.84,3.60
2014.10.24 15:16:34.357,0.96356,0.9637,1.19,3.60
2014.10.24 15:16:34.510,0.96356,0.9637,1.91,1.00
2014.10.24 15:16:35.589,0.96358,0.9637,1.29,1.00
2014.10.24 15:16:36.322,0.96358,0.96369,1.29,1.00
2014.10.24 15:16:36.423,0.96358,0.96373,1.29,1.46
2014.10.24 15:16:36.928,0.96357,0.96373,1.09,1.27
2014.10.24 15:16:38.271,0.9636,0.96374,1.00,3.86
2014.10.24 15:16:38.423,0.96358,0.96373,1.20,1.15
2014.10.24 15:16:38.997,0.96358,0.96373,1.84,1.15
2014.10.24 15:16:39.098,0.96361,0.96373,1.19,1.07
2014.10.24 15:16:39.552,0.96361,0.96375,1.36,1.20
2014.10.24 15:16:40.084,0.96361,0.96374,1.29,1.17
2014.10.24 15:16:40.608,0.96362,0.96374,1.19,1.17
2014.10.24 15:16:41.185,0.96363,0.96374,1.19,1.17
2014.10.24 15:16:43.219,0.96361,0.96375,1.76,1.27
2014.10.24 15:16:43.783,0.96364,0.96376,1.00,3.67
2014.10.24 15:16:43.887,0.96361,0.96375,1.76,1.27
2014.10.24 15:16:46.943,0.96361,0.96375,1.69,3.04
2014.10.24 15:16:48.660,0.96361,0.96374,1.26,1.15
2014.10.24 15:16:49.190,0.96362,0.96376,1.25,3.60
2014.10.24 15:16:49.695,0.96361,0.96375,1.25,1.54
2014.10.24 15:16:50.051,0.96359,0.96373,1.00,1.52
2014.10.24 15:16:51.155,0.96359,0.96373,1.17,1.55
2014.10.24 15:16:51.621,0.96359,0.96373,1.15,1.00
2014.10.24 15:16:51.672,0.9636,0.96373,4.80,1.00
2014.10.24 15:16:52.378,0.9636,0.96376,5.74,2.29
2014.10.24 15:16:52.868,0.9636,0.96376,1.09,2.29
2014.10.24 15:16:54.465,0.96359,0.9637,1.84,1.00
2014.10.24 15:16:54.568,0.96359,0.96375,2.59,1.27
2014.10.24 15:16:57.652,0.96364,0.96376,1.00,2.29
2014.10.24 15:16:57.754,0.96361,0.96375,1.10,1.46
2014.10.24 15:16:58.753,0.96361,0.96375,1.00,3.79
2014.10.24 15:16:59.946,0.96359,0.96371,1.76,1.00
2014.10.24 15:17:00.468,0.96359,0.96374,1.76,1.52
2014.10.24 15:17:01.383,0.96359,0.96373,1.69,5.17
2014.10.24 15:17:01.949,0.96359,0.96373,1.25,5.17
2014.10.24 15:17:02.768,0.96359,0.96374,1.09,6.11
2014.10.24 15:17:03.608,0.96362,0.96374,1.00,5.36
2014.10.24 15:17:03.710,0.96358,0.96374,2.59,6.94
2014.10.24 15:17:05.207,0.96358,0.96371,1.40,1.57
2014.10.24 15:17:05.744,0.96358,0.96371,1.32,1.17
2014.10.24 15:17:06.468,0.96358,0.96371,1.25,1.15
2014.10.24 15:17:07.399,0.96357,0.96371,1.69,1.40
2014.10.24 15:17:08.367,0.96358,0.96372,1.00,6.94
2014.10.24 15:17:08.882,0.96357,0.96372,1.25,7.69
2014.10.24 15:17:09.438,0.96357,0.96372,1.69,6.94
2014.10.24 15:17:09.961,0.96359,0.96372,1.00,6.94
2014.10.24 15:17:10.067,0.96357,0.96371,1.69,1.77
2014.10.24 15:17:10.269,0.96357,0.96369,1.69,2.47
2014.10.24 15:17:11.129,0.96359,0.96369,1.10,3.22
2014.10.24 15:17:11.280,0.96359,0.96371,1.57,2.47
2014.10.24 15:17:11.382,0.96361,0.96371,1.10,2.47
2014.10.24 15:17:11.484,0.96359,0.96371,1.57,2.47
2014.10.24 15:17:11.974,0.96359,0.96372,1.57,1.15
2014.10.24 15:17:12.278,0.96362,0.96375,1.00,3.60
2014.10.24 15:17:12.783,0.96362,0.96376,1.10,3.60
2014.10.24 15:17:13.086,0.96368,0.9638,1.19,1.15
2014.10.24 15:17:13.592,0.9637,0.96381,1.01,1.17
2014.10.24 15:17:13.920,0.96367,0.96378,1.00,1.20
2014.10.24 15:17:13.971,0.96367,0.96378,1.00,3.22
2014.10.24 15:17:15.132,0.96367,0.96377,1.00,4.35
2014.10.24 15:17:15.334,0.96364,0.96377,1.25,3.97
2014.10.24 15:17:15.385,0.96364,0.96377,1.01,1.65
2014.10.24 15:17:16.360,0.96364,0.96375,1.10,1.00
2014.10.24 15:17:16.893,0.96363,0.96376,1.01,1.17
2014.10.24 15:17:17.399,0.96363,0.96376,1.25,3.60
2014.10.24 15:17:18.322,0.96361,0.96375,1.76,3.60
2014.10.24 15:17:18.675,0.96361,0.96372,1.00,1.15
2014.10.24 15:17:18.978,0.96359,0.96372,1.00,1.65
2014.10.24 15:17:21.376,0.96359,0.96372,1.20,1.15
2014.10.24 15:17:22.009,0.96359,0.96372,1.91,1.00
2014.10.24 15:17:26.126,0.96359,0.96373,2.21,1.10
2014.10.24 15:17:26.630,0.96362,0.96375,1.10,1.01
2014.10.24 15:17:28.611,0.96362,0.96375,1.20,1.76
2014.10.24 15:17:29.132,0.96362,0.96375,1.27,1.76
2014.10.24 15:17:29.385,0.96362,0.96372,1.10,1.00
2014.10.24 15:17:29.738,0.9636,0.96375,1.71,1.76
2014.10.24 15:17:30.630,0.96363,0.96375,1.00,1.10
2014.10.24 15:17:31.011,0.96363,0.96375,2.06,1.10
2014.10.24 15:17:31.112,0.96365,0.96378,1.39,1.10
2014.10.24 15:17:31.214,0.96365,0.96378,4.61,1.00
2014.10.24 15:17:32.122,0.96366,0.96381,1.84,2.21
2014.10.24 15:17:32.324,0.96365,0.96378,1.20,2.21
2014.10.24 15:17:32.729,0.96367,0.96379,1.10,1.84
2014.10.24 15:17:32.831,0.96367,0.96381,1.09,1.84
2014.10.24 15:17:33.918,0.96366,0.96381,1.50,3.04
2014.10.24 15:17:34.450,0.96366,0.9638,1.54,1.40
2014.10.24 15:17:37.114,0.96366,0.96379,1.15,1.46
2014.10.24 15:17:37.216,0.96364,0.96377,1.52,1.00
2014.10.24 15:17:37.723,0.96365,0.9638,2.29,1.84
2014.10.24 15:17:41.539,0.96368,0.96381,1.00,4.99
2014.10.24 15:17:41.641,0.96366,0.96381,1.20,5.74
2014.10.24 15:17:42.158,0.96366,0.96381,1.35,1.40
2014.10.24 15:17:42.920,0.96366,0.96381,3.86,1.07
2014.10.24 15:17:56.350,0.96367,0.96382,2.21,1.76
2014.10.24 15:17:56.880,0.9637,0.96383,1.39,1.07
2014.10.24 15:17:59.372,0.96372,0.96384,1.00,1.36
2014.10.24 15:17:59.902,0.9637,0.96384,1.95,1.09
2014.10.24 15:18:00.249,0.9637,0.96384,2.02,1.01
2014.10.24 15:18:00.350,0.9637,0.96382,1.52,1.00
2014.10.24 15:18:00.451,0.9637,0.96385,1.52,1.84
2014.10.24 15:18:01.200,0.9637,0.96385,4.61,1.76
2014.10.24 15:18:01.352,0.96373,0.96387,1.74,1.17
2014.10.24 15:18:01.555,0.96378,0.96392,2.96,1.17
2014.10.24 15:18:01.657,0.96378,0.96393,6.11,1.00
2014.10.24 15:18:01.960,0.96379,0.96393,1.84,1.15
2014.10.24 15:18:03.438,0.96381,0.96393,1.00,1.84
2014.10.24 15:18:03.985,0.96379,0.96392,1.17,1.09
2014.10.24 15:18:05.028,0.96379,0.96394,1.40,3.41
2014.10.24 15:18:05.079,0.96379,0.96394,1.46,1.09
2014.10.24 15:18:05.474,0.96379,0.96392,1.46,1.00
2014.10.24 15:18:05.776,0.96379,0.96394,1.46,1.09
2014.10.24 15:18:06.031,0.96379,0.96392,1.46,1.00
2014.10.24 15:18:06.183,0.9638,0.96395,1.40,2.51
2014.10.24 15:18:06.697,0.96382,0.96395,1.20,1.26
2014.10.24 15:18:07.236,0.96382,0.96395,1.27,1.19
2014.10.24 15:18:07.737,0.96382,0.96395,1.10,1.84
2014.10.24 15:18:08.251,0.96382,0.96393,1.10,1.00
2014.10.24 15:18:09.882,0.96382,0.96393,1.00,1.84
2014.10.24 15:18:10.396,0.96381,0.96392,1.10,1.32
2014.10.24 15:18:11.533,0.96379,0.96392,1.00,1.46
2014.10.24 15:18:11.584,0.96379,0.96389,1.00,1.25
2014.10.24 15:18:12.007,0.96379,0.96387,1.00,1.76
2014.10.24 15:18:12.108,0.96375,0.96387,1.07,1.84
2014.10.24 15:18:12.210,0.96374,0.96387,1.20,2.66
2014.10.24 15:18:12.715,0.96374,0.96387,1.00,3.79
2014.10.24 15:18:13.912,0.96374,0.96383,1.00,1.00
2014.10.24 15:18:14.168,0.96372,0.96385,1.09,1.01
2014.10.24 15:18:14.377,0.96372,0.96385,1.25,1.46
2014.10.24 15:18:16.495,0.96371,0.96385,1.84,1.46
2014.10.24 15:18:18.775,0.96371,0.96382,1.01,1.00
2014.10.24 15:18:19.337,0.9637,0.96383,1.84,1.76
2014.10.24 15:18:19.855,0.9637,0.96382,1.84,1.25
2014.10.24 15:18:20.838,0.9637,0.96383,1.84,1.10
2014.10.24 15:18:21.637,0.9637,0.96382,1.32,1.10
2014.10.24 15:18:22.141,0.9637,0.96382,1.10,1.17
2014.10.24 15:18:23.115,0.9637,0.96382,1.17,1.07
2014.10.24 15:18:23.972,0.9637,0.96382,1.15,1.00
2014.10.24 15:18:24.717,0.9637,0.96383,1.15,1.09
2014.10.24 15:18:25.898,0.9637,0.96382,1.15,1.00
2014.10.24 15:18:26.710,0.9637,0.96383,1.15,1.09
2014.10.24 15:18:27.823,0.9637,0.96383,1.25,1.17
2014.10.24 15:18:29.425,0.9637,0.96384,1.07,1.84
2014.10.24 15:18:29.947,0.9637,0.96384,1.15,1.84
2014.10.24 15:18:31.197,0.9637,0.96384,1.10,1.40
2014.10.24 15:18:34.409,0.9637,0.96384,1.07,1.09
2014.10.24 15:18:34.923,0.9637,0.96384,1.15,1.01
2014.10.24 15:18:36.055,0.9637,0.96382,1.15,1.00
2014.10.24 15:18:38.123,0.9637,0.96384,1.40,1.76
2014.10.24 15:18:38.888,0.9637,0.96383,1.40,1.00
2014.10.24 15:18:38.989,0.9637,0.96383,1.10,1.01
2014.10.24 15:18:39.242,0.96369,0.96382,1.09,1.07
2014.10.24 15:18:39.784,0.96366,0.96381,2.59,1.29
2014.10.24 15:18:41.017,0.96366,0.96381,1.84,3.34
2014.10.24 15:18:41.334,0.96366,0.9638,3.34,1.09
2014.10.24 15:18:41.851,0.9637,0.96381,1.10,1.25
2014.10.24 15:18:44.121,0.9637,0.96381,1.07,1.00
2014.10.24 15:18:44.223,0.9637,0.96381,1.10,1.00
2014.10.24 15:18:44.728,0.96369,0.96382,1.57,2.21
2014.10.24 15:18:45.424,0.96369,0.96382,1.10,1.65
2014.10.24 15:18:45.580,0.96369,0.96379,1.10,1.00
2014.10.24 15:18:45.682,0.96369,0.96382,1.10,1.20
2014.10.24 15:18:48.181,0.96369,0.96383,1.07,1.46
2014.10.24 15:18:48.875,0.96369,0.96383,1.15,1.55
2014.10.24 15:18:49.178,0.96369,0.96381,1.10,1.27
2014.10.24 15:18:50.254,0.96369,0.96381,1.10,1.09
2014.10.24 15:18:50.305,0.96369,0.96379,1.20,1.00
2014.10.24 15:18:50.406,0.96369,0.96382,1.20,1.20
2014.10.24 15:18:51.488,0.96369,0.96382,1.10,1.55
2014.10.24 15:18:51.843,0.96367,0.96379,1.65,1.76
2014.10.24 15:18:51.944,0.96365,0.96379,1.72,1.32
2014.10.24 15:18:52.448,0.96365,0.96378,1.07,1.39
2014.10.24 15:18:52.600,0.96364,0.96376,1.10,1.10
2014.10.24 15:18:53.459,0.96366,0.96379,2.29,1.54
2014.10.24 15:18:53.560,0.96366,0.96381,2.36,1.35
2014.10.24 15:18:54.065,0.96366,0.96379,1.61,1.84
2014.10.24 15:18:54.267,0.96366,0.96378,1.00,2.66
2014.10.24 15:18:54.797,0.96364,0.96378,1.32,2.66
2014.10.24 15:18:59.946,0.96366,0.96378,1.00,4.16
2014.10.24 15:19:00.657,0.96363,0.96376,1.84,1.07
2014.10.24 15:19:01.194,0.96363,0.96378,2.59,1.39
2014.10.24 15:19:02.174,0.96363,0.96379,3.71,1.84
2014.10.24 15:19:03.138,0.96363,0.96376,2.21,1.00
2014.10.24 15:19:03.853,0.96364,0.96378,1.46,1.39
2014.10.24 15:19:05.067,0.96368,0.96378,1.00,1.19
2014.10.24 15:19:05.117,0.96369,0.96379,1.25,1.00
2014.10.24 15:19:05.622,0.96369,0.96383,2.66,3.79
2014.10.24 15:19:06.378,0.96369,0.96384,1.84,1.46
2014.10.24 15:19:07.182,0.9637,0.96383,1.01,1.29
2014.10.24 15:19:09.206,0.96369,0.96384,1.84,1.46
2014.10.24 15:19:10.068,0.96369,0.96384,3.04,1.26
2014.10.24 15:19:10.119,0.9637,0.96384,3.86,1.29
2014.10.24 15:19:10.430,0.96372,0.96385,3.22,1.29
2014.10.24 15:19:13.325,0.96373,0.96384,1.25,1.25
2014.10.24 15:19:14.033,0.9637,0.96384,1.34,1.62
2014.10.24 15:19:14.134,0.9637,0.96382,1.01,1.19
2014.10.24 15:19:14.438,0.96367,0.9638,1.17,1.39
2014.10.24 15:19:14.489,0.96365,0.9638,1.09,2.21
2014.10.24 15:19:15.281,0.96366,0.96378,5.06,1.00
2014.10.24 15:19:15.382,0.96368,0.96381,4.91,1.00
2014.10.24 15:19:15.889,0.96368,0.96382,8.06,1.00
2014.10.24 15:19:16.193,0.96371,0.96382,2.47,1.50
2014.10.24 15:19:16.583,0.96371,0.96385,2.66,1.39
2014.10.24 15:19:17.242,0.96371,0.96385,2.66,1.39
2014.10.24 15:19:17.343,0.9637,0.96383,1.40,1.47
2014.10.24 15:19:17.395,0.9637,0.96383,1.01,2.02
2014.10.24 15:19:17.547,0.9637,0.96379,1.00,1.25
2014.10.24 15:19:17.598,0.96367,0.96379,1.17,1.25
2014.10.24 15:19:18.148,0.96365,0.96379,1.40,2.21
2014.10.24 15:19:18.703,0.96365,0.96379,4.54,1.00
2014.10.24 15:19:22.391,0.96365,0.96378,3.22,1.25
2014.10.24 15:19:23.103,0.96365,0.96378,1.15,1.25
2014.10.24 15:19:23.614,0.96365,0.96378,1.15,1.19
2014.10.24 15:19:24.631,0.96364,0.96375,2.47,1.00
2014.10.24 15:19:24.715,0.96364,0.96378,2.47,1.31
2014.10.24 15:19:25.514,0.96366,0.96378,3.22,1.19
2014.10.24 15:19:25.565,0.96366,0.96379,3.41,1.25
2014.10.24 15:19:25.666,0.96367,0.96381,1.91,1.01
2014.10.24 15:19:25.717,0.96368,0.96381,4.24,1.25
2014.10.24 15:19:26.700,0.96368,0.96381,2.66,2.14
2014.10.24 15:19:26.852,0.96367,0.9638,1.57,2.21
2014.10.24 15:19:26.902,0.96367,0.96378,1.57,1.19
2014.10.24 15:19:27.423,0.96364,0.96376,2.47,1.25
2014.10.24 15:19:27.524,0.96363,0.96376,1.40,1.01
2014.10.24 15:19:28.302,0.96363,0.96376,1.15,1.29
2014.10.24 15:19:29.636,0.96363,0.96376,3.60,1.19
2014.10.24 15:19:29.687,0.96364,0.96377,3.41,1.25
2014.10.24 15:19:30.206,0.96365,0.96377,2.47,1.25
2014.10.24 15:19:31.601,0.96366,0.96379,2.21,1.19
2014.10.24 15:19:31.702,0.96368,0.96382,1.84,1.84
2014.10.24 15:19:31.753,0.96368,0.96382,2.66,1.09
2014.10.24 15:19:32.291,0.96369,0.96383,1.40,1.69
2014.10.24 15:19:33.191,0.96369,0.96382,1.84,1.19
2014.10.24 15:19:34.869,0.96369,0.96382,1.84,1.29
2014.10.24 15:19:35.815,0.96369,0.96383,2.59,1.65
2014.10.24 15:19:36.905,0.96369,0.96383,2.59,2.02
2014.10.24 15:19:40.238,0.9637,0.96383,1.34,1.39
2014.10.24 15:19:40.970,0.96371,0.96386,1.34,2.14
2014.10.24 15:19:41.513,0.96371,0.96386,1.34,1.76
2014.10.24 15:19:42.091,0.96374,0.96386,1.00,1.01
2014.10.24 15:19:42.545,0.96374,0.96385,1.00,2.81
2014.10.24 15:19:42.747,0.96371,0.96383,1.07,1.39
2014.10.24 15:19:47.370,0.96371,0.96385,1.09,1.09
2014.10.24 15:19:47.878,0.96372,0.96386,1.01,1.36
2014.10.24 15:19:48.425,0.96373,0.96386,1.00,1.46
2014.10.24 15:19:49.861,0.96372,0.96386,1.01,1.46
2014.10.24 15:19:53.348,0.96372,0.96382,1.01,1.00
2014.10.24 15:19:53.568,0.96372,0.96385,1.10,2.59
2014.10.24 15:19:53.696,0.96372,0.96383,1.10,1.07
2014.10.24 15:19:54.496,0.9637,0.96383,1.01,1.45
2014.10.24 15:19:55.007,0.96368,0.9638,1.09,1.01
2014.10.24 15:19:55.109,0.96368,0.96378,1.10,1.00
2014.10.24 15:19:55.635,0.96368,0.9638,1.00,2.29
2014.10.24 15:19:55.938,0.96368,0.96377,1.00,1.00
2014.10.24 15:19:55.989,0.96366,0.96377,1.00,1.10
2014.10.24 15:19:57.397,0.96368,0.96381,2.36,6.49
2014.10.24 15:19:57.549,0.9637,0.96381,1.19,1.10
2014.10.24 15:19:57.851,0.96369,0.96382,1.00,1.77
2014.10.24 15:19:57.902,0.96369,0.96382,1.00,3.79
2014.10.24 15:19:58.306,0.96369,0.96382,1.07,1.09
2014.10.24 15:19:58.829,0.96369,0.96382,1.09,1.57
2014.10.24 15:19:59.800,0.9637,0.96382,1.29,1.10
2014.10.24 15:20:00.331,0.96372,0.96385,1.00,2.47
2014.10.24 15:20:00.889,0.96372,0.96385,1.10,1.15
2014.10.24 15:20:01.513,0.96372,0.96386,1.57,1.40
2014.10.24 15:20:02.410,0.96372,0.96386,1.76,1.40
2014.10.24 15:20:03.700,0.96372,0.96386,1.76,1.15
2014.10.24 15:20:04.223,0.96372,0.96381,1.01,1.00
2014.10.24 15:20:04.447,0.96372,0.96385,1.01,1.27
2014.10.24 15:20:05.897,0.96372,0.96385,1.00,1.27
2014.10.24 15:20:07.767,0.96373,0.96385,1.00,1.46
2014.10.24 15:20:08.288,0.96372,0.96385,1.00,1.46
2014.10.24 15:20:11.170,0.96372,0.96379,1.00,1.00
2014.10.24 15:20:11.272,0.96372,0.96382,1.00,1.00
2014.10.24 15:20:18.311,0.96372,0.96379,1.00,1.00
2014.10.24 15:20:18.517,0.96372,0.96384,1.00,1.09
2014.10.24 15:20:19.518,0.96372,0.96384,1.00,3.60
2014.10.24 15:20:21.637,0.96373,0.96384,1.10,1.17
2014.10.24 15:20:21.738,0.96373,0.96386,1.16,1.20
2014.10.24 15:20:21.889,0.96374,0.96388,1.69,1.65
2014.10.24 15:20:21.940,0.96374,0.96388,1.84,1.10
2014.10.24 15:20:22.588,0.96374,0.9639,1.84,2.21
2014.10.24 15:20:22.689,0.96373,0.96387,1.57,1.74
2014.10.24 15:20:22.841,0.96374,0.96387,1.27,1.39
2014.10.24 15:20:23.615,0.96376,0.9639,1.65,2.14
2014.10.24 15:20:23.717,0.96377,0.9639,3.30,1.76
2014.10.24 15:20:23.818,0.96376,0.9639,1.57,2.21
2014.10.24 15:20:24.121,0.96375,0.96387,1.19,2.47
2014.10.24 15:20:24.425,0.96375,0.96389,1.20,2.29
2014.10.24 15:20:24.937,0.96375,0.96389,1.00,6.94
2014.10.24 15:20:27.103,0.96377,0.96388,1.00,1.40
2014.10.24 15:20:27.688,0.96377,0.96388,1.00,1.39
2014.10.24 15:20:28.944,0.96377,0.96389,1.00,2.21
2014.10.24 15:20:29.317,0.96377,0.96389,1.10,1.10
2014.10.24 15:20:29.418,0.96377,0.96392,4.09,2.29
2014.10.24 15:20:29.923,0.96381,0.96392,1.00,1.29
2014.10.24 15:20:30.523,0.96381,0.96393,1.10,1.62
2014.10.24 15:20:31.059,0.96381,0.96391,1.00,1.62
2014.10.24 15:20:31.366,0.96378,0.96388,1.10,1.31
2014.10.24 15:20:31.748,0.96378,0.96391,1.17,1.25
2014.10.24 15:20:32.265,0.9638,0.96392,1.00,1.76
2014.10.24 15:20:32.818,0.9638,0.96392,1.00,1.01
2014.10.24 15:20:33.738,0.9638,0.96392,1.00,3.34
2014.10.24 15:20:33.941,0.96376,0.96389,2.40,1.19
2014.10.24 15:20:34.042,0.96377,0.96392,3.04,2.51
2014.10.24 15:20:34.244,0.96381,0.96394,1.00,1.84
2014.10.24 15:20:34.848,0.96381,0.96394,1.00,4.16
2014.10.24 15:20:35.356,0.96381,0.9639,1.00,1.07
2014.10.24 15:20:35.493,0.96378,0.9639,1.00,1.07
2014.10.24 15:20:36.038,0.96378,0.96388,1.10,1.00
2014.10.24 15:20:36.864,0.96378,0.9639,1.10,1.25
2014.10.24 15:20:37.633,0.96378,0.9639,1.00,1.07
2014.10.24 15:20:38.154,0.96377,0.9639,1.20,2.21
2014.10.24 15:20:38.457,0.96379,0.96392,1.10,4.54
2014.10.24 15:20:38.508,0.96379,0.96392,1.10,1.17
2014.10.24 15:20:38.609,0.9638,0.96392,2.02,1.00
2014.10.24 15:20:39.129,0.96381,0.96394,1.20,1.09
2014.10.24 15:20:39.850,0.96383,0.96394,1.00,1.09
2014.10.24 15:20:40.309,0.96383,0.96392,1.00,1.84
2014.10.24 15:20:40.612,0.96381,0.96392,1.00,6.49
2014.10.24 15:20:40.939,0.96378,0.96388,1.00,1.25
2014.10.24 15:20:41.449,0.96379,0.9639,1.00,1.40
2014.10.24 15:20:41.969,0.96378,0.96391,1.72,1.29
2014.10.24 15:20:42.171,0.96382,0.96392,1.00,1.84
2014.10.24 15:20:43.537,0.96382,0.9639,1.00,1.25
2014.10.24 15:20:43.840,0.9638,0.9639,1.00,1.84
2014.10.24 15:20:43.941,0.9638,0.96392,1.00,1.46
2014.10.24 15:20:44.793,0.9638,0.96393,1.72,1.84
2014.10.24 15:20:46.578,0.96382,0.96393,1.00,1.65
2014.10.24 15:20:47.736,0.96382,0.96393,1.00,1.69
2014.10.24 15:20:48.275,0.96382,0.96392,1.00,1.10
2014.10.24 15:20:48.579,0.96382,0.96393,1.00,3.41
2014.10.24 15:20:48.882,0.96379,0.96392,1.57,1.09
2014.10.24 15:20:49.760,0.96379,0.96393,2.89,3.41
2014.10.24 15:20:49.811,0.96379,0.96393,2.96,1.09
2014.10.24 15:20:49.863,0.96382,0.96392,1.50,1.00
2014.10.24 15:20:52.472,0.96382,0.96393,1.00,1.20
2014.10.24 15:20:53.413,0.9638,0.96393,1.20,1.20
2014.10.24 15:20:54.050,0.9638,0.96393,1.00,1.52
2014.10.24 15:20:54.770,0.9638,0.96392,1.00,1.71
2014.10.24 15:20:55.022,0.96376,0.96388,1.10,1.00
2014.10.24 15:20:55.536,0.96376,0.96387,1.10,1.00
2014.10.24 15:20:55.891,0.96376,0.9639,1.10,1.74
2014.10.24 15:20:56.145,0.96376,0.96389,1.10,3.79
2014.10.24 15:21:04.566,0.96373,0.96386,1.35,1.09
2014.10.24 15:21:06.982,0.96373,0.96385,1.87,1.00
2014.10.24 15:21:07.033,0.96374,0.96388,1.46,1.20
2014.10.24 15:21:07.185,0.96373,0.96388,3.26,2.02
2014.10.24 15:21:07.589,0.96374,0.96388,2.59,1.65
2014.10.24 15:21:08.097,0.96377,0.96388,1.17,1.00
2014.10.24 15:21:08.249,0.96377,0.96391,1.27,2.21
2014.10.24 15:21:08.350,0.96377,0.96388,1.30,1.10
2014.10.24 15:21:08.678,0.96373,0.96385,1.20,1.20
2014.10.24 15:21:09.568,0.96373,0.96386,3.04,1.00
2014.10.24 15:21:10.123,0.96374,0.96388,1.39,2.59
2014.10.24 15:21:10.426,0.96378,0.96392,2.29,1.10
2014.10.24 15:21:16.255,0.96381,0.96393,1.00,2.96
2014.10.24 15:21:16.805,0.96378,0.96393,1.40,3.71
2014.10.24 15:21:17.504,0.96377,0.96391,5.59,1.00
2014.10.24 15:21:20.297,0.96379,0.96391,3.41,1.19
2014.10.24 15:21:21.001,0.9638,0.96393,1.09,1.01
2014.10.24 15:21:23.332,0.9638,0.96391,1.91,1.00
2014.10.24 15:21:23.514,0.9638,0.96393,1.91,1.76
2014.10.24 15:21:24.216,0.9638,0.96391,1.00,1.01
2014.10.24 15:21:24.816,0.96379,0.96391,1.10,1.76
2014.10.24 15:21:26.194,0.96379,0.96391,1.00,1.84
2014.10.24 15:21:26.973,0.96379,0.96389,1.00,1.00
2014.10.24 15:21:27.279,0.96379,0.96389,1.00,2.47
2014.10.24 15:21:27.431,0.96376,0.96388,1.39,1.00
2014.10.24 15:21:28.200,0.96375,0.96388,4.54,1.00
2014.10.24 15:21:28.827,0.96375,0.96387,1.00,1.09
2014.10.24 15:21:28.928,0.96375,0.96388,1.15,1.84
2014.10.24 15:21:29.433,0.96376,0.96388,2.10,1.19
2014.10.24 15:21:29.483,0.96378,0.96388,1.07,1.19
2014.10.24 15:21:29.837,0.96378,0.96392,1.65,1.84
2014.10.24 15:21:30.382,0.96378,0.96391,1.17,1.66
2014.10.24 15:21:30.433,0.96378,0.96388,1.00,1.00
2014.10.24 15:21:32.069,0.96378,0.96391,1.00,1.34
2014.10.24 15:21:34.133,0.96378,0.96392,1.10,2.21
2014.10.24 15:21:34.385,0.96378,0.96388,1.10,1.00
2014.10.24 15:21:34.898,0.96377,0.96387,1.17,1.25
2014.10.24 15:21:35.399,0.96377,0.96388,1.17,1.00
2014.10.24 15:21:36.624,0.96377,0.96392,1.46,1.46
2014.10.24 15:21:36.976,0.9638,0.96392,1.00,1.46
2014.10.24 15:21:38.308,0.9638,0.96392,1.10,2.21
2014.10.24 15:21:38.996,0.9638,0.96392,1.00,2.21
2014.10.24 15:21:45.551,0.9638,0.9639,1.00,1.39
2014.10.24 15:21:46.192,0.96378,0.9639,1.20,1.39
2014.10.24 15:21:46.621,0.96378,0.9639,1.15,1.19
2014.10.24 15:21:47.134,0.96379,0.96388,2.47,1.00
2014.10.24 15:21:47.185,0.96379,0.96391,2.47,1.19
2014.10.24 15:21:49.966,0.96379,0.96391,2.47,1.25
2014.10.24 15:21:50.364,0.96379,0.96388,2.47,1.00
2014.10.24 15:21:51.364,0.9638,0.96388,2.47,1.00
2014.10.24 15:21:51.890,0.9638,0.96391,2.47,1.19
2014.10.24 15:21:52.760,0.9638,0.96388,2.47,1.00
2014.10.24 15:21:53.186,0.96378,0.96388,3.22,1.00
2014.10.24 15:21:55.198,0.96378,0.96387,3.22,1.00
2014.10.24 15:21:56.087,0.9638,0.96388,1.17,1.00
2014.10.24 15:21:56.603,0.9638,0.96387,1.17,1.00
2014.10.24 15:21:57.213,0.96378,0.96388,1.15,1.00
2014.10.24 15:21:58.355,0.96378,0.9639,1.15,1.19
2014.10.24 15:21:59.044,0.96377,0.96388,5.62,1.00
2014.10.24 15:21:59.604,0.96377,0.9639,6.37,1.25
2014.10.24 15:22:00.892,0.96378,0.96388,1.25,1.00
2014.10.24 15:22:01.445,0.96377,0.96387,5.62,1.00
2014.10.24 15:22:01.865,0.96376,0.96388,1.16,1.00
2014.10.24 15:22:02.395,0.96375,0.96388,1.25,1.69
2014.10.24 15:22:02.759,0.96375,0.96383,1.25,1.00
2014.10.24 15:22:03.656,0.96374,0.96383,1.07,1.00
2014.10.24 15:22:03.757,0.96374,0.96383,1.10,1.00
2014.10.24 15:22:04.010,0.96373,0.96386,1.72,1.19
2014.10.24 15:22:04.539,0.96375,0.96386,2.47,1.19
2014.10.24 15:22:05.184,0.96375,0.96387,2.47,1.25
2014.10.24 15:22:06.526,0.96373,0.96388,1.91,3.64
2014.10.24 15:22:06.577,0.96373,0.96385,1.17,1.25
2014.10.24 15:22:06.983,0.96373,0.96386,1.00,1.84
2014.10.24 15:22:09.175,0.96373,0.96382,1.00,1.00
2014.10.24 15:22:09.689,0.96373,0.96383,1.00,1.00
2014.10.24 15:22:11.082,0.96373,0.96381,1.00,1.19
2014.10.24 15:22:11.184,0.96368,0.96381,1.09,1.66
2014.10.24 15:22:11.285,0.96365,0.96377,2.47,1.69
2014.10.24 15:22:11.811,0.96364,0.96377,3.22,1.76
2014.10.24 15:22:12.375,0.96364,0.96376,3.22,1.19
2014.10.24 15:22:13.386,0.96364,0.96377,2.47,1.76
2014.10.24 15:22:14.095,0.96362,0.96377,2.10,2.96
2014.10.24 15:22:14.784,0.96362,0.96376,2.10,1.39
2014.10.24 15:22:15.998,0.96362,0.96376,3.60,1.76
2014.10.24 15:22:16.099,0.96365,0.96377,2.85,1.00
2014.10.24 15:22:16.301,0.96367,0.9638,3.67,1.25
2014.10.24 15:22:16.806,0.96368,0.96382,2.10,1.69
2014.10.24 15:22:18.667,0.96366,0.96381,1.46,2.21
2014.10.24 15:22:18.718,0.96366,0.96378,1.46,1.19
2014.10.24 15:22:19.026,0.96368,0.96381,1.27,1.19
2014.10.24 15:22:20.019,0.96369,0.96381,2.85,1.19
2014.10.24 15:22:20.228,0.96369,0.96383,5.17,1.69
2014.10.24 15:22:20.379,0.96369,0.96383,2.85,1.76
2014.10.24 15:22:20.585,0.9637,0.96383,2.85,1.69
2014.10.24 15:22:20.787,0.96369,0.96382,1.15,1.19
2014.10.24 15:22:23.778,0.96369,0.96381,1.15,1.19
2014.10.24 15:22:23.995,0.96369,0.96381,1.10,1.19
2014.10.24 15:22:25.149,0.96369,0.96378,1.10,1.00
2014.10.24 15:22:25.760,0.96366,0.96378,3.97,1.69
2014.10.24 15:22:25.811,0.96364,0.96378,3.30,1.69
2014.10.24 15:22:25.912,0.96363,0.96375,3.41,1.00
2014.10.24 15:22:27.990,0.96363,0.96375,1.17,1.00
2014.10.24 15:22:28.551,0.96362,0.96376,1.34,1.39
2014.10.24 15:22:28.703,0.96364,0.96376,1.25,1.25
2014.10.24 15:22:28.805,0.96365,0.96378,1.36,1.57
2014.10.24 15:22:29.309,0.96365,0.96378,1.84,1.00
2014.10.24 15:22:30.866,0.96364,0.96377,2.47,1.19
2014.10.24 15:22:30.916,0.96363,0.96377,1.84,1.31
2014.10.24 15:22:31.489,0.96363,0.96376,1.10,1.29
2014.10.24 15:22:32.795,0.96363,0.96375,1.10,1.19
2014.10.24 15:22:34.176,0.9636,0.96373,3.41,1.00
2014.10.24 15:22:34.900,0.9636,0.96372,3.22,1.25
2014.10.24 15:22:36.888,0.96362,0.96376,1.17,1.76
2014.10.24 15:22:36.990,0.96362,0.96376,3.41,1.10
2014.10.24 15:22:37.464,0.96364,0.96375,3.22,1.19
2014.10.24 15:22:37.977,0.96364,0.96375,1.17,1.19
2014.10.24 15:22:38.235,0.96363,0.96375,1.10,1.31
2014.10.24 15:22:38.336,0.96363,0.96372,1.00,1.25
2014.10.24 15:22:38.860,0.96361,0.96372,1.17,1.25
2014.10.24 15:22:39.400,0.96361,0.96373,1.17,1.25
2014.10.24 15:22:40.410,0.96361,0.96373,1.17,2.06
2014.10.24 15:22:41.118,0.96361,0.96373,1.00,2.89
2014.10.24 15:22:42.033,0.96361,0.96372,1.00,1.46
2014.10.24 15:22:42.537,0.96361,0.96371,1.00,1.76
2014.10.24 15:22:43.515,0.96361,0.96369,1.00,1.25
2014.10.24 15:22:43.616,0.96358,0.96367,1.00,1.25
2014.10.24 15:22:44.045,0.96356,0.96367,1.00,1.01
2014.10.24 15:22:44.850,0.96356,0.96366,1.00,1.25
2014.10.24 15:22:48.547,0.96356,0.96365,1.00,1.00
2014.10.24 15:22:49.570,0.96355,0.96366,1.00,1.01
2014.10.24 15:22:50.028,0.96353,0.96365,1.10,1.25
2014.10.24 15:22:53.254,0.96353,0.96366,1.17,1.29
2014.10.24 15:22:53.786,0.96353,0.96366,1.07,1.19
2014.10.24 15:22:53.837,0.96353,0.96366,1.10,1.29
2014.10.24 15:22:54.498,0.96353,0.96364,1.10,1.00
2014.10.24 15:22:55.017,0.96353,0.96366,1.10,1.39
2014.10.24 15:22:55.905,0.96353,0.96365,1.10,1.19
2014.10.24 15:22:57.549,0.96353,0.96365,1.17,1.19
2014.10.24 15:22:57.701,0.96353,0.96366,1.72,1.69
2014.10.24 15:22:58.697,0.96353,0.96366,1.15,1.19
2014.10.24 15:23:01.361,0.96353,0.96365,1.10,1.25
2014.10.24 15:23:01.778,0.96353,0.96365,3.22,1.69
2014.10.24 15:23:01.879,0.96352,0.96363,1.17,1.00
2014.10.24 15:23:02.083,0.96352,0.96365,1.17,1.69
2014.10.24 15:23:02.587,0.96352,0.96364,1.17,1.25
2014.10.24 15:23:03.113,0.96352,0.96363,1.17,1.25
2014.10.24 15:23:03.723,0.96352,0.96362,1.17,1.00
2014.10.24 15:23:04.824,0.96352,0.96363,1.17,1.25
2014.10.24 15:23:05.353,0.96352,0.96362,1.17,1.00
2014.10.24 15:23:05.815,0.96352,0.9636,1.17,1.25
2014.10.24 15:23:05.916,0.96349,0.96359,1.15,1.25
2014.10.24 15:23:06.445,0.96347,0.96358,3.22,1.00
2014.10.24 15:23:06.981,0.96347,0.96359,3.22,1.25
2014.10.24 15:23:07.974,0.96348,0.96359,3.30,1.25
2014.10.24 15:23:09.038,0.96348,0.96358,3.30,1.00
2014.10.24 15:23:09.347,0.96348,0.96361,3.49,1.25
2014.10.24 15:23:09.448,0.96348,0.96357,3.49,1.00
2014.10.24 15:23:09.553,0.96348,0.96361,3.49,1.25
2014.10.24 15:23:09.705,0.96347,0.96358,1.34,1.00
2014.10.24 15:23:10.371,0.96347,0.96358,1.91,1.00
2014.10.24 15:23:11.340,0.96346,0.96357,1.84,1.00
2014.10.24 15:23:11.744,0.96345,0.96357,1.26,2.14
2014.10.24 15:23:11.956,0.96343,0.96356,1.09,1.01
2014.10.24 15:23:12.260,0.96345,0.96357,1.26,1.00
2014.10.24 15:23:12.311,0.96345,0.96359,2.29,1.09
2014.10.24 15:23:12.682,0.96344,0.96358,6.56,2.44
2014.10.24 15:23:12.935,0.96344,0.96358,1.09,3.71
2014.10.24 15:23:14.359,0.96346,0.96358,1.25,1.39
2014.10.24 15:23:14.813,0.96348,0.96359,1.00,1.19
2014.10.24 15:23:15.563,0.96348,0.96361,1.00,2.81
2014.10.24 15:23:16.196,0.96348,0.96361,1.07,2.81
2014.10.24 15:23:16.499,0.96349,0.96361,2.47,1.00
2014.10.24 15:23:17.038,0.9635,0.96363,2.47,1.19
2014.10.24 15:23:18.083,0.9635,0.96363,5.74,1.19
2014.10.24 15:23:18.285,0.96353,0.96365,1.10,1.54
2014.10.24 15:23:18.386,0.96354,0.96367,2.59,1.09
2014.10.24 15:23:20.385,0.96356,0.96368,4.99,1.25
2014.10.24 15:23:20.688,0.96356,0.96371,4.61,1.69
2014.10.24 15:23:21.108,0.96359,0.96367,1.10,1.00
2014.10.24 15:23:21.655,0.96359,0.96371,1.10,1.69
2014.10.24 15:23:21.976,0.96359,0.9637,1.10,1.19
2014.10.24 15:23:22.538,0.96359,0.96368,1.10,1.00
2014.10.24 15:23:23.066,0.96359,0.9637,1.10,1.19
2014.10.24 15:23:23.798,0.96359,0.9637,1.00,1.64
2014.10.24 15:23:24.000,0.96357,0.96368,1.00,3.56
2014.10.24 15:23:24.522,0.96356,0.96368,1.00,3.19
2014.10.24 15:23:25.234,0.96354,0.96368,1.17,3.19
2014.10.24 15:23:25.695,0.96356,0.96368,2.47,1.50
