2015.08.06 23:00:00.311,0.95107,0.95128,1.12,1.37
2015.08.06 23:00:01.927,0.95107,0.95128,1.37,1.37
2015.08.06 23:00:02.626,0.95107,0.95127,1.37,1.12
2015.08.06 23:00:03.831,0.95107,0.95128,1.37,1.87
2015.08.06 23:00:04.890,0.95107,0.95129,1.87,1.87
2015.08.06 23:00:07.810,0.95107,0.95128,1.87,1.87
2015.08.06 23:00:14.107,0.95107,0.95128,1.87,1.87
2015.08.06 23:00:16.111,0.95107,0.95128,1.87,1.37
2015.08.06 23:00:16.654,0.95107,0.95128,1.87,1.37
2015.08.06 23:00:19.341,0.95108,0.95128,1.37,1.87
2015.08.06 23:00:19.644,0.95109,0.95128,1.37,1.12
2015.08.06 23:00:20.218,0.95109,0.9513,1.50,1.87
2015.08.06 23:00:20.649,0.95112,0.95131,1.37,1.37
2015.08.06 23:00:20.851,0.95113,0.95134,1.37,1.37
2015.08.06 23:00:22.441,0.95113,0.95133,1.37,1.12
2015.08.06 23:00:22.946,0.95113,0.95133,1.37,1.37
2015.08.06 23:00:23.537,0.95112,0.95131,1.87,1.00
2015.08.06 23:00:24.028,0.95109,0.9513,1.37,1.37
2015.08.06 23:00:24.944,0.95109,0.95129,1.37,1.37
2015.08.06 23:00:26.859,0.95108,0.95129,1.37,1.37
2015.08.06 23:00:27.446,0.95108,0.9513,2.25,1.87
2015.08.06 23:00:27.548,0.95112,0.95132,1.87,1.87
2015.08.06 23:00:27.650,0.95112,0.95132,2.25,1.00
2015.08.06 23:00:27.801,0.95116,0.95136,1.37,1.37
2015.08.06 23:00:28.340,0.95117,0.95137,1.37,1.87
2015.08.06 23:00:29.383,0.95115,0.95136,1.37,1.37
2015.08.06 23:00:29.484,0.95115,0.95134,1.37,1.37
2015.08.06 23:00:33.264,0.95113,0.95134,1.37,1.37
2015.08.06 23:00:33.798,0.95114,0.95134,1.37,1.87
2015.08.06 23:00:34.582,0.95113,0.95132,2.62,1.00
2015.08.06 23:00:34.684,0.95115,0.95132,1.37,1.37
2015.08.06 23:00:34.785,0.95112,0.9513,1.37,1.37
2015.08.06 23:00:35.298,0.95112,0.9513,1.37,1.37
2015.08.06 23:00:35.601,0.95112,0.95128,1.00,1.37
2015.08.06 23:00:35.702,0.95109,0.95128,1.37,1.37
2015.08.06 23:00:36.585,0.95113,0.95129,1.00,1.37
2015.08.06 23:00:37.120,0.95112,0.9513,1.12,1.37
2015.08.06 23:00:37.686,0.95112,0.95131,1.37,1.37
2015.08.06 23:00:37.788,0.95113,0.95134,1.37,1.87
2015.08.06 23:00:38.296,0.95113,0.95135,1.00,2.62
2015.08.06 23:00:38.347,0.95117,0.95135,1.00,2.62
2015.08.06 23:00:39.808,0.95117,0.95137,1.37,1.50
2015.08.06 23:00:40.342,0.95117,0.95135,1.00,1.37
2015.08.06 23:00:42.826,0.95117,0.95136,1.87,1.37
2015.08.06 23:00:46.902,0.95117,0.95136,1.37,1.37
2015.08.06 23:00:50.230,0.95117,0.95136,1.37,1.37
2015.08.06 23:00:50.770,0.95117,0.95136,1.37,1.37
2015.08.06 23:00:51.434,0.95117,0.95135,1.87,1.37
2015.08.06 23:00:53.225,0.95115,0.95136,1.37,1.37
2015.08.06 23:00:58.423,0.95115,0.95136,1.37,1.37
2015.08.06 23:01:05.345,0.95117,0.95137,1.37,1.37
2015.08.06 23:01:06.740,0.95117,0.95137,1.37,1.37
2015.08.06 23:01:10.064,0.95116,0.95137,1.37,1.37
2015.08.06 23:01:10.970,0.95116,0.95137,1.37,1.37
2015.08.06 23:01:11.281,0.95116,0.95137,1.37,1.50
2015.08.06 23:01:11.766,0.95115,0.95133,1.37,1.37
2015.08.06 23:01:12.438,0.95114,0.95132,1.37,1.37
2015.08.06 23:01:13.689,0.95114,0.95133,1.37,1.00
2015.08.06 23:01:13.891,0.95118,0.95137,1.37,1.37
2015.08.06 23:01:14.240,0.95122,0.95142,1.50,1.75
2015.08.06 23:01:14.291,0.95122,0.95142,1.87,1.37
2015.08.06 23:01:14.897,0.95123,0.95143,1.12,2.62
2015.08.06 23:01:15.401,0.95124,0.95141,1.00,1.37
2015.08.06 23:01:20.002,0.95124,0.95141,1.12,1.37
2015.08.06 23:01:20.306,0.95122,0.95141,1.37,1.87
2015.08.06 23:01:20.825,0.95121,0.9514,1.87,1.37
2015.08.06 23:01:22.724,0.95121,0.95139,1.37,1.37
2015.08.06 23:01:22.926,0.95121,0.9514,1.12,1.37
2015.08.06 23:01:23.231,0.95121,0.9514,1.37,1.87
2015.08.06 23:01:23.333,0.95121,0.9514,1.12,1.37
2015.08.06 23:01:23.844,0.95121,0.9514,1.37,1.37
2015.08.06 23:01:24.521,0.95121,0.9514,1.37,1.87
2015.08.06 23:01:25.089,0.95119,0.9514,1.37,2.25
2015.08.06 23:01:30.150,0.95118,0.95139,1.37,2.25
2015.08.06 23:01:30.694,0.95119,0.95138,1.37,1.87
2015.08.06 23:01:31.854,0.95119,0.95137,1.37,1.37
2015.08.06 23:01:36.572,0.95119,0.95137,1.37,1.37
2015.08.06 23:01:40.225,0.95117,0.95137,2.25,1.37
2015.08.06 23:01:40.377,0.95117,0.95137,1.87,1.37
2015.08.06 23:01:53.239,0.95118,0.95138,1.37,1.37
2015.08.06 23:01:55.131,0.95118,0.95138,1.37,1.37
2015.08.06 23:02:01.230,0.95118,0.95138,1.50,1.37
2015.08.06 23:02:02.270,0.95117,0.95139,3.00,1.87
2015.08.06 23:02:06.274,0.95118,0.95139,1.50,1.87
2015.08.06 23:02:06.958,0.95118,0.95139,1.87,1.37
2015.08.06 23:02:15.289,0.95117,0.95138,3.75,1.12
2015.08.06 23:02:16.261,0.95117,0.95138,3.75,1.37
2015.08.06 23:02:24.704,0.95119,0.9514,1.87,1.37
2015.08.06 23:02:24.806,0.95121,0.95141,1.37,1.37
2015.08.06 23:02:25.227,0.95124,0.95143,1.37,1.37
2015.08.06 23:02:25.731,0.95125,0.95145,1.37,1.37
2015.08.06 23:02:27.108,0.95125,0.95142,1.00,1.37
2015.08.06 23:02:27.209,0.95122,0.95142,1.87,1.37
2015.08.06 23:02:34.344,0.95122,0.9514,1.37,1.12
2015.08.06 23:02:34.647,0.95119,0.9514,1.87,1.37
2015.08.06 23:02:35.051,0.9512,0.9514,1.37,1.37
2015.08.06 23:02:44.944,0.95122,0.95141,1.37,1.37
2015.08.06 23:02:53.404,0.95123,0.95138,1.37,1.00
2015.08.06 23:02:53.657,0.9512,0.95138,1.00,1.87
2015.08.06 23:02:54.194,0.95119,0.95137,1.00,1.37
2015.08.06 23:02:54.729,0.95118,0.95137,1.12,1.37
2015.08.06 23:03:00.668,0.95118,0.95138,1.37,1.87
2015.08.06 23:03:01.269,0.9512,0.95137,1.00,1.37
2015.08.06 23:03:01.780,0.9512,0.95137,1.00,1.37
2015.08.06 23:03:02.252,0.9512,0.95137,1.12,1.37
2015.08.06 23:03:03.947,0.95118,0.95138,1.87,1.87
2015.08.06 23:03:06.050,0.95118,0.95138,1.87,2.25
2015.08.06 23:03:07.292,0.95119,0.95137,1.12,1.37
2015.08.06 23:03:10.293,0.95118,0.95138,1.87,1.87
2015.08.06 23:03:11.169,0.95118,0.95138,1.87,1.87
2015.08.06 23:03:15.089,0.95119,0.95138,1.37,1.87
2015.08.06 23:03:17.086,0.95119,0.95138,1.37,2.25
2015.08.06 23:03:20.644,0.95119,0.95138,1.37,1.87
2015.08.06 23:03:27.110,0.9512,0.95137,1.37,1.37
2015.08.06 23:03:27.838,0.9512,0.95137,1.12,1.37
2015.08.06 23:03:42.034,0.9512,0.95138,1.37,1.37
2015.08.06 23:03:42.135,0.95119,0.95138,1.37,2.25
2015.08.06 23:03:49.857,0.9512,0.95138,1.12,1.87
2015.08.06 23:03:58.454,0.95119,0.95137,1.00,1.87
2015.08.06 23:03:58.998,0.95118,0.95137,1.00,1.37
2015.08.06 23:04:00.792,0.95117,0.95137,1.12,1.37
2015.08.06 23:04:01.158,0.95117,0.95137,1.37,2.25
2015.08.06 23:04:09.079,0.95117,0.95136,1.87,1.37
2015.08.06 23:04:16.702,0.95117,0.95137,2.62,1.37
2015.08.06 23:04:21.900,0.95118,0.95138,1.37,2.62
2015.08.06 23:04:22.781,0.95118,0.95138,1.37,3.00
2015.08.06 23:04:34.121,0.95117,0.95136,1.37,1.37
2015.08.06 23:04:35.613,0.95117,0.95136,1.87,1.37
2015.08.06 23:04:36.119,0.95117,0.95136,1.37,1.37
2015.08.06 23:04:37.046,0.95116,0.95136,1.37,1.37
2015.08.06 23:04:37.671,0.95115,0.95135,1.37,1.37
2015.08.06 23:04:41.147,0.95117,0.95136,1.37,1.37
2015.08.06 23:04:41.621,0.95119,0.95137,1.37,1.37
2015.08.06 23:04:41.824,0.95121,0.9514,1.37,3.75
2015.08.06 23:04:45.016,0.9512,0.95139,1.37,1.37
2015.08.06 23:04:45.169,0.95117,0.95137,2.62,1.37
2015.08.06 23:04:45.837,0.95117,0.95136,1.87,1.37
2015.08.06 23:04:47.463,0.95117,0.95137,1.87,1.87
2015.08.06 23:04:48.146,0.95117,0.95136,1.87,1.37
2015.08.06 23:04:48.931,0.95117,0.95136,1.87,1.00
2015.08.06 23:04:49.235,0.95118,0.9514,1.37,1.87
2015.08.06 23:04:49.740,0.95119,0.9514,1.37,2.62
2015.08.06 23:04:50.245,0.9512,0.9514,1.37,1.87
2015.08.06 23:04:56.741,0.9512,0.9514,1.37,1.87
2015.08.06 23:04:57.285,0.95121,0.95139,1.00,1.87
2015.08.06 23:04:57.817,0.95119,0.95139,1.37,1.87
2015.08.06 23:05:02.297,0.95118,0.95139,1.87,1.87
2015.08.06 23:05:02.353,0.95118,0.95137,1.12,1.37
2015.08.06 23:05:02.757,0.95118,0.95136,1.37,1.87
2015.08.06 23:05:04.087,0.95117,0.95135,1.87,1.37
2015.08.06 23:05:04.390,0.95117,0.95133,1.12,1.37
2015.08.06 23:05:05.756,0.95113,0.95133,1.50,1.37
2015.08.06 23:05:06.304,0.95117,0.95134,1.37,1.37
2015.08.06 23:05:06.456,0.95117,0.95136,1.00,1.00
2015.08.06 23:05:06.507,0.95117,0.95138,1.00,1.87
2015.08.06 23:05:07.276,0.95117,0.95137,2.25,1.00
2015.08.06 23:05:07.681,0.95121,0.95138,1.00,1.12
2015.08.06 23:05:10.466,0.95121,0.9514,1.37,1.37
2015.08.06 23:05:19.279,0.95121,0.95142,1.37,1.37
2015.08.06 23:05:19.583,0.95124,0.95145,1.00,1.75
2015.08.06 23:05:19.684,0.95122,0.95143,1.87,2.25
2015.08.06 23:05:35.626,0.95121,0.95142,1.37,2.62
2015.08.06 23:05:37.190,0.95122,0.95142,1.37,3.00
2015.08.06 23:05:37.737,0.95122,0.95142,1.37,3.00
2015.08.06 23:05:39.214,0.95123,0.95141,1.12,1.37
2015.08.06 23:05:39.724,0.95122,0.95142,1.87,1.87
2015.08.06 23:05:39.965,0.95122,0.95142,1.50,1.50
2015.08.06 23:05:41.019,0.95122,0.95141,1.00,1.00
2015.08.06 23:05:41.564,0.95123,0.95141,1.00,1.00
2015.08.06 23:05:43.225,0.95123,0.95141,1.12,1.37
2015.08.06 23:05:44.927,0.95123,0.95141,1.12,1.37
2015.08.06 23:05:45.433,0.95122,0.95141,1.37,1.37
2015.08.06 23:05:46.146,0.95122,0.95141,1.37,1.37
2015.08.06 23:05:55.577,0.95122,0.95142,1.87,2.62
2015.08.06 23:05:59.296,0.95122,0.95141,1.87,1.37
2015.08.06 23:05:59.843,0.95124,0.95143,1.00,1.87
2015.08.06 23:06:02.300,0.95124,0.95143,1.12,1.87
2015.08.06 23:06:05.482,0.95122,0.9514,1.87,1.00
2015.08.06 23:06:06.020,0.95122,0.95141,1.37,1.12
2015.08.06 23:06:06.572,0.95123,0.95142,1.37,1.37
2015.08.06 23:06:07.073,0.95123,0.95142,1.37,1.37
2015.08.06 23:06:10.419,0.95123,0.95142,1.37,1.37
2015.08.06 23:06:10.970,0.95123,0.95142,1.37,1.37
2015.08.06 23:06:13.126,0.95124,0.95141,1.37,1.12
2015.08.06 23:06:13.278,0.95124,0.95143,1.12,1.00
2015.08.06 23:06:13.430,0.95127,0.95143,1.00,1.00
2015.08.06 23:06:13.481,0.95127,0.95145,2.25,1.00
2015.08.06 23:06:13.986,0.95127,0.95146,1.50,1.12
2015.08.06 23:06:15.088,0.95133,0.95146,1.00,1.12
2015.08.06 23:06:15.240,0.95133,0.95148,1.37,1.00
2015.08.06 23:06:15.342,0.95133,0.9515,1.37,1.37
2015.08.06 23:06:15.443,0.95133,0.95153,1.87,1.87
2015.08.06 23:06:15.544,0.95134,0.95154,1.37,1.87
2015.08.06 23:06:15.798,0.95136,0.95157,1.37,1.87
2015.08.06 23:06:16.202,0.95139,0.95159,1.37,1.37
2015.08.06 23:06:20.947,0.95139,0.95159,1.50,1.37
2015.08.06 23:06:21.452,0.95143,0.95159,1.12,1.37
2015.08.06 23:06:22.892,0.95148,0.95159,1.00,1.37
2015.08.06 23:06:23.512,0.95142,0.95161,1.37,1.37
2015.08.06 23:06:23.613,0.95142,0.95159,1.37,1.37
2015.08.06 23:06:24.021,0.95142,0.95156,1.00,1.37
2015.08.06 23:06:24.274,0.95142,0.95159,1.37,1.37
2015.08.06 23:06:24.325,0.95142,0.95159,1.00,1.12
2015.08.06 23:06:24.426,0.95148,0.95159,1.00,1.37
2015.08.06 23:06:24.628,0.95147,0.95163,1.12,1.37
2015.08.06 23:06:25.033,0.95147,0.95164,1.37,1.12
2015.08.06 23:06:26.140,0.95147,0.95163,1.37,1.00
2015.08.06 23:06:26.767,0.95148,0.95165,1.12,1.37
2015.08.06 23:06:27.640,0.95148,0.95163,1.12,1.00
2015.08.06 23:06:28.150,0.95148,0.95165,1.12,1.37
2015.08.06 23:06:28.739,0.95148,0.95166,1.37,1.37
2015.08.06 23:06:30.782,0.95147,0.95166,1.37,1.37
2015.08.06 23:06:31.373,0.95147,0.95166,1.37,1.37
2015.08.06 23:06:31.880,0.95152,0.95166,1.00,1.37
2015.08.06 23:06:32.471,0.95152,0.95169,1.12,1.75
2015.08.06 23:06:35.075,0.95153,0.95165,1.00,1.37
2015.08.06 23:06:35.830,0.95152,0.95167,1.00,1.37
2015.08.06 23:06:36.159,0.95147,0.95167,1.87,1.37
2015.08.06 23:06:37.148,0.95147,0.95167,1.87,1.37
2015.08.06 23:06:40.182,0.95147,0.95165,1.12,1.37
2015.08.06 23:06:42.056,0.95147,0.95164,1.00,1.37
2015.08.06 23:06:42.592,0.95147,0.95164,1.37,1.37
2015.08.06 23:06:43.080,0.95147,0.95166,1.37,1.37
2015.08.06 23:06:44.180,0.95148,0.95167,1.37,1.87
2015.08.06 23:06:54.187,0.95148,0.95166,1.00,1.37
2015.08.06 23:06:54.288,0.95148,0.95164,1.12,1.37
2015.08.06 23:06:54.789,0.95148,0.95165,1.12,1.37
2015.08.06 23:07:01.195,0.95148,0.95165,1.37,1.87
2015.08.06 23:07:01.791,0.95148,0.95165,1.12,1.87
2015.08.06 23:07:08.781,0.95147,0.95163,1.37,1.00
2015.08.06 23:07:09.289,0.95147,0.95163,1.00,1.37
2015.08.06 23:07:09.636,0.95147,0.95164,1.00,1.12
2015.08.06 23:07:10.173,0.95147,0.95165,1.00,1.87
2015.08.06 23:07:10.843,0.95147,0.95165,1.00,2.62
2015.08.06 23:07:11.369,0.95147,0.95165,1.00,2.62
2015.08.06 23:07:13.158,0.95147,0.95165,1.12,1.87
2015.08.06 23:07:19.131,0.95147,0.95165,1.37,1.12
2015.08.06 23:07:20.251,0.95147,0.95164,1.37,1.37
2015.08.06 23:07:21.365,0.95147,0.95165,1.37,1.87
2015.08.06 23:07:30.860,0.95147,0.95167,1.12,1.87
2015.08.06 23:07:30.962,0.95152,0.95167,1.00,1.37
2015.08.06 23:07:31.502,0.95152,0.95168,1.00,1.87
2015.08.06 23:07:32.598,0.95147,0.95168,1.37,1.87
2015.08.06 23:07:33.176,0.95147,0.95167,1.00,1.37
2015.08.06 23:07:37.137,0.95153,0.95168,1.00,1.37
2015.08.06 23:07:40.770,0.95153,0.95169,1.00,1.87
2015.08.06 23:07:41.089,0.95147,0.95169,1.37,2.62
2015.08.06 23:07:41.191,0.95147,0.95167,1.00,1.12
2015.08.06 23:07:41.292,0.95147,0.95167,1.12,1.87
2015.08.06 23:07:41.794,0.95147,0.95167,1.00,1.37
2015.08.06 23:07:42.523,0.95147,0.95167,1.37,1.37
2015.08.06 23:07:43.415,0.95147,0.95167,1.12,1.37
2015.08.06 23:07:44.943,0.95152,0.95167,1.00,1.37
2015.08.06 23:07:48.099,0.95153,0.95167,1.00,1.37
2015.08.06 23:07:51.840,0.95152,0.95167,1.00,1.87
2015.08.06 23:07:52.351,0.95152,0.95167,1.00,1.12
2015.08.06 23:07:57.840,0.95152,0.95169,1.00,2.62
2015.08.06 23:07:57.890,0.95147,0.95168,1.37,1.37
2015.08.06 23:07:58.437,0.95148,0.95165,1.00,1.12
2015.08.06 23:08:00.780,0.95152,0.95165,1.00,1.12
2015.08.06 23:08:01.354,0.95152,0.95166,1.00,1.37
2015.08.06 23:08:01.709,0.95152,0.95166,1.00,1.12
2015.08.06 23:08:02.724,0.95152,0.95166,1.00,1.37
2015.08.06 23:08:06.132,0.95152,0.95166,1.00,1.12
2015.08.06 23:08:08.616,0.95152,0.95167,1.00,1.00
2015.08.06 23:08:09.124,0.95153,0.95167,1.00,1.00
2015.08.06 23:08:09.669,0.95153,0.95167,1.00,1.37
2015.08.06 23:08:10.191,0.95153,0.95167,1.00,1.00
2015.08.06 23:08:10.359,0.95153,0.95167,1.00,1.37
2015.08.06 23:08:10.889,0.95152,0.95167,1.00,1.37
2015.08.06 23:08:11.767,0.95152,0.95167,1.00,1.00
2015.08.06 23:08:18.300,0.95152,0.95168,1.00,1.12
2015.08.06 23:08:30.782,0.95152,0.95168,1.00,1.37
2015.08.06 23:08:40.302,0.95152,0.95169,1.00,1.87
2015.08.06 23:08:40.893,0.95152,0.95169,1.00,1.87
2015.08.06 23:08:43.504,0.95152,0.95167,1.12,1.12
2015.08.06 23:08:44.222,0.95152,0.95167,1.00,1.37
2015.08.06 23:08:45.982,0.95152,0.95167,1.00,1.00
2015.08.06 23:08:46.509,0.95153,0.95167,1.00,1.37
2015.08.06 23:08:48.416,0.95153,0.95169,1.00,1.37
2015.08.06 23:08:49.011,0.95153,0.95169,1.00,1.37
2015.08.06 23:08:50.635,0.95153,0.95169,1.00,1.37
2015.08.06 23:08:51.977,0.95153,0.95169,1.00,1.37
2015.08.06 23:08:52.204,0.95148,0.95169,1.37,1.37
2015.08.06 23:08:54.409,0.95148,0.95168,1.37,1.87
2015.08.06 23:09:00.907,0.95147,0.95168,1.37,1.87
2015.08.06 23:09:04.539,0.95148,0.95168,1.12,1.87
2015.08.06 23:09:06.327,0.95148,0.95168,1.12,1.87
2015.08.06 23:09:10.778,0.95148,0.95168,1.37,1.87
2015.08.06 23:09:12.027,0.95148,0.95168,1.12,1.37
2015.08.06 23:09:12.940,0.95148,0.95168,1.00,1.37
2015.08.06 23:09:13.537,0.95148,0.95168,1.12,1.37
2015.08.06 23:09:14.541,0.95148,0.95168,1.37,1.37
2015.08.06 23:09:25.958,0.95148,0.95167,1.00,1.37
2015.08.06 23:09:32.319,0.95146,0.95167,1.37,1.87
2015.08.06 23:09:46.809,0.95147,0.95166,1.00,1.50
2015.08.06 23:09:51.415,0.95147,0.95166,1.37,1.50
2015.08.06 23:09:56.003,0.95147,0.95166,1.12,1.50
2015.08.06 23:09:58.620,0.95146,0.95166,1.37,1.75
2015.08.06 23:10:08.612,0.95145,0.95166,1.37,1.75
2015.08.06 23:10:10.734,0.95144,0.95166,1.37,1.75
2015.08.06 23:10:27.343,0.95145,0.95165,1.12,1.37
2015.08.06 23:10:27.444,0.95143,0.95162,1.37,1.37
2015.08.06 23:10:27.875,0.95142,0.95162,1.37,1.37
2015.08.06 23:10:28.389,0.95141,0.95162,1.87,1.37
2015.08.06 23:10:28.908,0.95142,0.95163,1.37,1.87
2015.08.06 23:10:29.658,0.95142,0.95163,1.87,1.37
2015.08.06 23:10:33.985,0.95142,0.9516,2.62,1.00
2015.08.06 23:10:36.561,0.95142,0.9516,1.37,1.37
2015.08.06 23:10:37.158,0.95141,0.9516,1.37,1.87
2015.08.06 23:10:37.377,0.95141,0.9516,1.87,1.87
2015.08.06 23:10:41.165,0.95141,0.95159,1.87,1.75
2015.08.06 23:10:48.092,0.95141,0.95159,1.87,1.00
2015.08.06 23:10:48.296,0.95139,0.95158,1.37,1.50
2015.08.06 23:10:48.601,0.95137,0.95156,1.87,1.75
2015.08.06 23:10:49.317,0.95137,0.95155,1.87,1.00
2015.08.06 23:10:49.818,0.95137,0.95156,1.37,1.75
2015.08.06 23:10:49.920,0.95136,0.95153,1.37,1.37
2015.08.06 23:10:50.426,0.95134,0.9515,1.00,1.37
2015.08.06 23:10:50.528,0.95129,0.95146,1.12,1.37
2015.08.06 23:10:50.680,0.95123,0.95144,1.87,1.50
2015.08.06 23:10:50.832,0.95123,0.95141,1.00,1.00
2015.08.06 23:10:50.985,0.95119,0.9514,3.00,1.37
2015.08.06 23:10:51.485,0.95119,0.9514,2.25,1.37
2015.08.06 23:10:51.991,0.95118,0.95138,1.12,1.00
2015.08.06 23:10:55.092,0.95117,0.95136,2.62,1.00
2015.08.06 23:10:55.740,0.95117,0.95136,1.37,1.12
2015.08.06 23:10:57.244,0.95118,0.95137,1.37,1.00
2015.08.06 23:10:57.777,0.95117,0.95137,1.87,1.50
2015.08.06 23:11:00.406,0.95117,0.95136,1.37,1.37
2015.08.06 23:11:00.983,0.95115,0.95136,3.00,1.50
2015.08.06 23:11:01.347,0.95114,0.95134,1.12,1.12
2015.08.06 23:11:01.398,0.95114,0.95131,1.00,1.37
2015.08.06 23:11:01.701,0.9511,0.95128,1.37,1.37
2015.08.06 23:11:02.005,0.95107,0.95125,1.87,1.00
2015.08.06 23:11:02.444,0.95107,0.95125,1.37,1.37
2015.08.06 23:11:04.113,0.95106,0.95126,1.37,1.12
2015.08.06 23:11:04.316,0.95105,0.95125,1.87,1.37
2015.08.06 23:11:05.397,0.95105,0.95123,1.37,1.00
2015.08.06 23:11:07.465,0.95099,0.95122,1.87,1.12
2015.08.06 23:11:07.521,0.95099,0.95121,1.00,1.00
2015.08.06 23:11:07.572,0.95098,0.95118,1.87,1.00
2015.08.06 23:11:07.826,0.95095,0.95116,1.00,1.12
2015.08.06 23:11:07.927,0.95095,0.95115,1.00,1.87
2015.08.06 23:11:08.417,0.95094,0.95113,1.87,1.00
2015.08.06 23:11:09.452,0.95094,0.95113,1.87,1.12
2015.08.06 23:11:11.407,0.95096,0.95115,1.12,1.12
2015.08.06 23:11:11.922,0.95096,0.95116,1.37,1.87
2015.08.06 23:11:12.852,0.95099,0.95116,1.37,1.12
2015.08.06 23:11:12.954,0.95099,0.95118,1.37,1.12
2015.08.06 23:11:13.055,0.95099,0.95118,1.00,1.12
2015.08.06 23:11:13.572,0.95098,0.95118,1.12,1.12
2015.08.06 23:11:13.624,0.95098,0.95118,1.37,1.37
2015.08.06 23:11:18.222,0.95097,0.95117,1.87,1.12
2015.08.06 23:11:19.166,0.95098,0.95117,1.37,1.00
2015.08.06 23:11:19.695,0.951,0.95118,1.00,1.12
2015.08.06 23:11:20.612,0.951,0.95118,1.37,1.37
2015.08.06 23:11:22.802,0.95099,0.95118,1.37,1.12
2015.08.06 23:11:23.296,0.95097,0.95117,1.87,1.00
2015.08.06 23:11:23.803,0.95097,0.95116,1.12,1.00
2015.08.06 23:11:27.055,0.95097,0.95114,1.12,1.00
2015.08.06 23:11:28.047,0.95097,0.95116,1.12,1.12
2015.08.06 23:11:35.462,0.95097,0.95117,1.12,1.87
2015.08.06 23:11:36.661,0.95097,0.95117,1.12,1.87
2015.08.06 23:11:37.184,0.95098,0.95116,1.37,1.37
2015.08.06 23:11:37.386,0.95098,0.95118,1.37,1.37
2015.08.06 23:11:37.891,0.951,0.95118,1.37,1.37
2015.08.06 23:11:38.428,0.95099,0.95118,1.37,1.87
2015.08.06 23:11:40.677,0.95098,0.95117,1.37,1.37
2015.08.06 23:11:41.201,0.95098,0.95117,1.12,1.87
2015.08.06 23:11:43.481,0.95096,0.95115,1.37,1.00
2015.08.06 23:11:43.984,0.95096,0.95115,1.37,1.00
2015.08.06 23:11:46.181,0.95094,0.95115,1.37,1.12
2015.08.06 23:11:46.333,0.95094,0.95113,1.37,1.00
2015.08.06 23:11:46.852,0.95094,0.95115,1.87,1.37
2015.08.06 23:11:49.384,0.95094,0.95115,1.87,1.12
2015.08.06 23:11:52.290,0.95096,0.95115,1.00,1.12
2015.08.06 23:11:57.783,0.95096,0.95115,1.12,1.37
2015.08.06 23:11:59.892,0.95094,0.95115,1.87,2.25
2015.08.06 23:12:00.196,0.95087,0.95103,1.00,1.37
2015.08.06 23:12:00.298,0.95081,0.95099,1.37,1.00
2015.08.06 23:12:00.399,0.95085,0.95098,1.00,1.00
2015.08.06 23:12:00.501,0.95085,0.95103,1.00,1.12
2015.08.06 23:12:00.602,0.95083,0.95103,1.00,1.37
2015.08.06 23:12:01.081,0.95085,0.95102,1.00,1.00
2015.08.06 23:12:01.132,0.95085,0.95106,1.00,1.00
2015.08.06 23:12:01.183,0.95087,0.95106,1.00,1.00
2015.08.06 23:12:01.486,0.95087,0.95108,1.50,1.50
2015.08.06 23:12:02.043,0.95088,0.95108,1.00,1.00
2015.08.06 23:12:02.296,0.95088,0.95108,1.37,1.00
2015.08.06 23:12:05.424,0.95089,0.95108,1.12,1.87
2015.08.06 23:12:06.139,0.95088,0.95108,2.62,1.50
2015.08.06 23:12:06.660,0.95088,0.95108,1.87,2.25
2015.08.06 23:12:07.118,0.95085,0.95105,1.50,1.37
2015.08.06 23:12:07.423,0.95083,0.95103,1.87,1.00
2015.08.06 23:12:07.526,0.95083,0.95103,1.87,1.12
2015.08.06 23:12:08.916,0.95083,0.95102,1.87,1.00
2015.08.06 23:12:09.206,0.95083,0.95105,1.87,1.12
2015.08.06 23:12:09.730,0.95086,0.95105,1.12,1.12
2015.08.06 23:12:10.423,0.95086,0.95105,1.37,1.00
2015.08.06 23:12:10.978,0.95086,0.95106,1.37,1.12
2015.08.06 23:12:17.013,0.95085,0.95105,1.37,1.00
2015.08.06 23:12:17.064,0.95085,0.95105,1.37,1.37
2015.08.06 23:12:17.368,0.95088,0.95108,1.87,1.87
2015.08.06 23:12:17.656,0.95088,0.95107,1.37,1.12
2015.08.06 23:12:19.360,0.95089,0.95108,1.37,1.87
2015.08.06 23:12:22.470,0.95085,0.95106,1.37,1.87
2015.08.06 23:12:35.274,0.95086,0.95105,1.37,1.37
2015.08.06 23:12:39.571,0.95086,0.95105,1.37,1.37
2015.08.06 23:12:40.109,0.95086,0.95103,1.37,1.00
2015.08.06 23:12:45.902,0.95085,0.95103,1.87,1.00
2015.08.06 23:12:46.349,0.95088,0.95108,1.37,3.37
2015.08.06 23:12:51.811,0.95088,0.95107,1.37,1.37
2015.08.06 23:12:54.190,0.95088,0.95108,1.37,2.62
2015.08.06 23:12:54.513,0.95088,0.95108,1.37,2.62
2015.08.06 23:13:05.361,0.95094,0.95108,1.00,1.87
2015.08.06 23:13:05.569,0.95094,0.95108,1.37,1.00
2015.08.06 23:13:05.627,0.95093,0.95111,1.37,1.12
2015.08.06 23:13:05.728,0.95097,0.95116,1.12,1.37
2015.08.06 23:13:05.933,0.95097,0.95116,1.37,1.00
2015.08.06 23:13:06.136,0.951,0.95119,1.00,1.00
2015.08.06 23:13:06.668,0.951,0.9512,1.00,1.50
2015.08.06 23:13:07.187,0.95101,0.95121,1.00,1.37
2015.08.06 23:13:07.389,0.95103,0.95122,1.00,1.12
2015.08.06 23:13:07.855,0.95105,0.95123,1.00,1.37
2015.08.06 23:13:08.395,0.95104,0.95123,1.00,1.00
2015.08.06 23:13:08.954,0.95105,0.95125,1.00,1.37
2015.08.06 23:13:12.534,0.95106,0.95125,1.00,1.37
2015.08.06 23:13:16.164,0.95105,0.95124,1.00,1.12
2015.08.06 23:13:22.439,0.95105,0.95123,1.12,1.00
2015.08.06 23:13:22.696,0.95103,0.95122,1.12,1.00
2015.08.06 23:13:23.204,0.95102,0.95121,1.37,1.00
2015.08.06 23:13:23.558,0.95101,0.95121,1.12,1.00
2015.08.06 23:13:24.076,0.95102,0.95122,1.00,2.62
2015.08.06 23:13:24.604,0.95101,0.95121,1.12,1.00
2015.08.06 23:13:26.445,0.95101,0.95121,1.37,1.00
2015.08.06 23:13:27.163,0.95103,0.9512,1.00,1.00
2015.08.06 23:13:30.140,0.95101,0.95121,1.37,1.00
2015.08.06 23:13:33.284,0.95101,0.95121,1.87,1.00
2015.08.06 23:13:33.335,0.95104,0.95122,1.00,1.87
2015.08.06 23:13:33.589,0.95102,0.95122,1.00,1.87
2015.08.06 23:13:33.893,0.95104,0.95122,1.00,1.12
2015.08.06 23:13:34.576,0.95104,0.95123,1.12,1.12
2015.08.06 23:13:35.088,0.95103,0.95123,1.12,1.87
2015.08.06 23:13:35.607,0.95104,0.95122,1.00,1.12
2015.08.06 23:13:36.415,0.95103,0.95123,1.12,1.87
2015.08.06 23:13:37.282,0.95103,0.95121,1.12,1.00
2015.08.06 23:13:37.586,0.951,0.95119,1.37,1.37
2015.08.06 23:13:38.147,0.951,0.95119,1.37,1.37
2015.08.06 23:13:39.569,0.951,0.95119,1.37,1.00
2015.08.06 23:13:39.721,0.95101,0.95121,1.37,1.87
2015.08.06 23:13:39.822,0.95104,0.95122,1.00,1.00
2015.08.06 23:13:40.147,0.9511,0.9513,1.37,1.87
2015.08.06 23:13:40.451,0.95112,0.95131,1.37,1.37
2015.08.06 23:13:42.179,0.95113,0.95132,1.00,1.37
2015.08.06 23:13:42.281,0.9511,0.9513,1.00,1.12
2015.08.06 23:13:42.383,0.95109,0.95127,1.00,1.50
2015.08.06 23:13:42.687,0.95107,0.95125,1.00,1.00
2015.08.06 23:13:42.927,0.95104,0.95125,1.37,1.00
2015.08.06 23:13:43.476,0.95106,0.95127,1.00,1.37
2015.08.06 23:13:45.303,0.95106,0.95124,1.00,1.00
2015.08.06 23:13:45.607,0.95103,0.95121,1.37,1.00
2015.08.06 23:13:46.169,0.95104,0.95122,1.00,1.87
2015.08.06 23:13:46.683,0.95103,0.95122,1.12,1.12
2015.08.06 23:13:49.086,0.95102,0.95122,1.00,1.12
2015.08.06 23:13:50.468,0.95103,0.95123,1.00,2.25
2015.08.06 23:13:50.873,0.95103,0.95121,1.00,1.87
2015.08.06 23:13:51.380,0.95103,0.95122,1.12,2.25
2015.08.06 23:13:51.889,0.95102,0.95121,1.12,1.87
2015.08.06 23:13:53.133,0.95103,0.95122,1.00,1.37
2015.08.06 23:13:53.315,0.95105,0.95123,1.00,2.62
2015.08.06 23:13:53.367,0.95105,0.95124,1.00,2.62
2015.08.06 23:13:54.368,0.95104,0.95124,1.00,1.87
2015.08.06 23:13:54.934,0.95103,0.95123,1.00,1.37
2015.08.06 23:13:56.526,0.95103,0.95123,1.00,1.37
2015.08.06 23:13:58.525,0.95103,0.9512,1.00,1.00
2015.08.06 23:13:58.626,0.95103,0.95118,1.00,1.00
2015.08.06 23:13:58.930,0.951,0.95117,1.00,1.87
2015.08.06 23:13:59.758,0.95102,0.95119,1.00,1.87
2015.08.06 23:13:59.809,0.95102,0.95119,1.00,1.12
2015.08.06 23:14:00.214,0.95104,0.95121,1.00,1.87
2015.08.06 23:14:00.321,0.95104,0.95121,1.50,1.87
2015.08.06 23:14:00.422,0.95107,0.95121,1.12,1.00
2015.08.06 23:14:00.574,0.95108,0.95124,1.00,1.87
2015.08.06 23:14:00.781,0.95108,0.95123,1.00,1.37
2015.08.06 23:14:00.832,0.95101,0.95119,1.37,1.00
2015.08.06 23:14:01.035,0.95105,0.95122,1.00,2.25
2015.08.06 23:14:01.338,0.95109,0.95124,1.00,1.00
2015.08.06 23:14:01.641,0.95108,0.95123,1.00,1.50
2015.08.06 23:14:01.743,0.95105,0.95123,1.00,1.12
2015.08.06 23:14:01.844,0.95104,0.95123,2.62,1.75
2015.08.06 23:14:02.148,0.95107,0.95123,1.00,1.12
2015.08.06 23:14:02.299,0.95105,0.95122,1.12,1.50
2015.08.06 23:14:02.633,0.95108,0.95122,1.00,1.00
2015.08.06 23:14:02.735,0.95105,0.95122,2.25,1.00
2015.08.06 23:14:03.535,0.95104,0.95121,1.37,1.00
2015.08.06 23:14:03.687,0.95102,0.9512,1.37,1.37
2015.08.06 23:14:03.991,0.95102,0.95117,1.37,1.00
2015.08.06 23:14:04.420,0.95102,0.95117,1.37,1.00
2015.08.06 23:14:04.478,0.95102,0.95119,1.37,1.00
2015.08.06 23:14:05.043,0.95103,0.95121,1.37,1.37
2015.08.06 23:14:06.944,0.95103,0.95121,1.37,1.37
2015.08.06 23:14:11.859,0.95103,0.95121,1.37,1.37
2015.08.06 23:14:15.871,0.95105,0.95123,1.37,2.25
2015.08.06 23:14:17.171,0.95106,0.95123,1.37,2.25
2015.08.06 23:14:17.342,0.95106,0.95122,1.37,1.00
2015.08.06 23:14:18.261,0.95107,0.95123,1.37,2.25
2015.08.06 23:14:20.940,0.95107,0.95122,1.37,1.00
2015.08.06 23:14:25.295,0.95107,0.95123,1.37,2.25
2015.08.06 23:14:27.249,0.95106,0.95123,1.37,3.75
2015.08.06 23:14:27.553,0.95104,0.95122,1.37,1.50
2015.08.06 23:14:30.849,0.95103,0.95122,1.37,1.50
2015.08.06 23:14:35.043,0.95105,0.95122,1.37,1.00
2015.08.06 23:14:35.398,0.95107,0.95124,1.37,1.00
2015.08.06 23:14:35.500,0.95109,0.95126,1.00,1.00
2015.08.06 23:14:35.703,0.9511,0.95128,1.12,1.00
2015.08.06 23:14:36.210,0.95111,0.9513,1.00,1.87
2015.08.06 23:14:36.467,0.95113,0.95131,1.00,2.62
2015.08.06 23:14:39.572,0.95112,0.95131,1.12,1.37
2015.08.06 23:14:40.077,0.95113,0.95131,1.00,1.37
2015.08.06 23:14:41.209,0.95113,0.95132,1.12,1.87
2015.08.06 23:14:41.412,0.95113,0.95133,1.00,4.87
2015.08.06 23:14:41.939,0.95114,0.95133,1.00,4.12
2015.08.06 23:14:45.414,0.95113,0.95132,1.00,1.00
2015.08.06 23:14:48.425,0.95113,0.95132,1.37,1.50
2015.08.06 23:14:48.933,0.95115,0.95133,1.00,1.37
2015.08.06 23:14:49.480,0.95116,0.95133,1.00,1.12
2015.08.06 23:14:52.773,0.95116,0.95134,1.00,1.12
2015.08.06 23:14:53.493,0.95116,0.95134,1.37,1.37
2015.08.06 23:14:55.216,0.95116,0.95133,1.37,1.37
2015.08.06 23:14:56.309,0.95117,0.95128,1.00,1.00
2015.08.06 23:14:56.461,0.95107,0.95127,2.62,1.37
2015.08.06 23:14:56.935,0.9511,0.95127,1.37,1.00
2015.08.06 23:14:57.303,0.95112,0.9513,1.00,1.50
2015.08.06 23:14:57.815,0.95111,0.95129,1.00,1.00
2015.08.06 23:14:58.320,0.9511,0.9513,1.12,2.25
2015.08.06 23:14:58.371,0.95112,0.9513,1.00,1.87
2015.08.06 23:14:58.899,0.95111,0.95128,1.00,1.00
2015.08.06 23:14:59.405,0.95111,0.95128,1.00,1.37
2015.08.06 23:14:59.457,0.95109,0.95128,1.12,1.37
2015.08.06 23:14:59.919,0.95107,0.95126,1.12,1.12
2015.08.06 23:15:00.468,0.95107,0.95126,1.12,1.87
2015.08.06 23:15:00.519,0.95107,0.95124,1.12,1.37
2015.08.06 23:15:00.620,0.95105,0.95124,1.12,1.37
2015.08.06 23:15:01.126,0.95105,0.95122,1.00,1.50
2015.08.06 23:15:01.228,0.95105,0.9512,1.00,1.00
2015.08.06 23:15:07.514,0.95104,0.9512,1.12,1.00
2015.08.06 23:15:08.072,0.95106,0.9512,1.00,1.00
2015.08.06 23:15:11.254,0.95105,0.9512,1.00,1.00
2015.08.06 23:15:24.342,0.95106,0.9512,1.00,1.00
2015.08.06 23:15:24.883,0.95105,0.9512,1.00,1.00
2015.08.06 23:15:25.327,0.95107,0.9512,1.00,1.00
2015.08.06 23:15:26.543,0.95105,0.9512,1.00,1.00
2015.08.06 23:15:26.708,0.95105,0.9512,1.37,1.00
2015.08.06 23:15:29.021,0.95106,0.95116,1.37,1.00
2015.08.06 23:15:29.173,0.951,0.95116,2.25,1.00
2015.08.06 23:15:29.678,0.95099,0.95116,1.37,1.87
2015.08.06 23:15:30.174,0.951,0.95118,1.37,1.50
2015.08.06 23:15:30.698,0.95102,0.95118,1.50,1.00
2015.08.06 23:15:32.599,0.95102,0.95118,1.37,1.00
2015.08.06 23:15:32.751,0.95102,0.9512,1.50,1.12
2015.08.06 23:15:34.354,0.95106,0.9512,1.00,1.00
2015.08.06 23:15:38.176,0.95107,0.95122,1.00,1.37
2015.08.06 23:15:38.227,0.95107,0.95123,1.37,1.75
2015.08.06 23:15:38.278,0.95107,0.95123,1.37,1.00
2015.08.06 23:15:39.398,0.95109,0.95123,1.37,1.00
2015.08.06 23:15:44.261,0.95107,0.95125,1.37,1.50
2015.08.06 23:15:45.439,0.95109,0.95125,1.37,1.12
2015.08.06 23:15:45.782,0.95109,0.95117,1.37,1.00
2015.08.06 23:15:45.833,0.95109,0.95117,1.37,1.00
2015.08.06 23:15:45.884,0.95107,0.95121,1.37,1.00
2015.08.06 23:15:45.935,0.95107,0.95121,1.00,1.37
2015.08.06 23:15:46.046,0.95105,0.95118,1.37,1.00
2015.08.06 23:15:46.300,0.95107,0.95123,1.37,1.12
2015.08.06 23:15:46.604,0.95107,0.95121,1.00,1.00
2015.08.06 23:15:47.141,0.95105,0.95121,1.37,1.00
2015.08.06 23:15:47.445,0.95104,0.95119,1.00,1.00
2015.08.06 23:15:50.103,0.95103,0.95119,1.50,1.00
2015.08.06 23:15:50.866,0.95104,0.95119,1.00,1.00
2015.08.06 23:15:51.068,0.951,0.95117,1.50,1.50
2015.08.06 23:15:54.971,0.95099,0.95115,1.37,1.00
2015.08.06 23:15:56.244,0.95099,0.95115,1.12,1.00
2015.08.06 23:15:56.756,0.95098,0.95115,1.50,1.00
2015.08.06 23:15:57.294,0.95102,0.95115,1.00,1.00
2015.08.06 23:15:57.598,0.95117,0.95128,1.00,1.00
2015.08.06 23:15:57.699,0.95118,0.95131,1.00,1.00
2015.08.06 23:15:58.108,0.95116,0.95132,1.00,1.50
2015.08.06 23:15:58.159,0.95117,0.9513,1.00,1.00
2015.08.06 23:15:58.312,0.95121,0.95136,1.00,1.00
2015.08.06 23:15:59.843,0.95121,0.95136,1.37,1.00
2015.08.06 23:16:02.371,0.9512,0.95137,1.37,1.37
2015.08.06 23:16:03.856,0.9512,0.95137,1.37,1.37
2015.08.06 23:16:07.178,0.9512,0.95137,1.37,1.37
2015.08.06 23:16:08.216,0.95122,0.95138,1.37,1.87
2015.08.06 23:16:08.739,0.95122,0.95138,1.37,1.87
2015.08.06 23:16:12.673,0.95122,0.95138,1.37,1.50
2015.08.06 23:16:12.850,0.95122,0.95138,1.37,1.87
2015.08.06 23:16:13.356,0.95121,0.95137,1.37,1.37
2015.08.06 23:16:13.628,0.95121,0.95136,1.00,1.00
2015.08.06 23:16:13.831,0.95118,0.95133,1.50,1.00
2015.08.06 23:16:14.286,0.9512,0.95135,1.00,1.00
2015.08.06 23:16:14.806,0.95121,0.95135,1.00,1.00
2015.08.06 23:16:15.311,0.9512,0.95135,1.00,1.00
2015.08.06 23:16:15.900,0.9512,0.95135,1.37,1.00
2015.08.06 23:16:16.533,0.9512,0.95135,1.50,1.00
2015.08.06 23:16:17.039,0.9512,0.95135,1.00,1.00
2015.08.06 23:16:17.090,0.95119,0.95135,1.87,1.37
2015.08.06 23:16:17.393,0.95122,0.95135,1.37,1.37
2015.08.06 23:16:18.105,0.95122,0.95135,1.37,1.00
2015.08.06 23:16:18.207,0.95122,0.95137,1.37,1.50
2015.08.06 23:16:27.416,0.95122,0.95137,1.12,1.12
2015.08.06 23:16:32.990,0.95123,0.95137,1.00,1.12
2015.08.06 23:16:33.498,0.95124,0.95137,1.00,1.00
2015.08.06 23:16:34.307,0.95123,0.95137,1.37,1.00
2015.08.06 23:16:34.814,0.95125,0.95137,1.37,1.12
2015.08.06 23:16:35.204,0.95124,0.95137,1.50,1.12
2015.08.06 23:16:37.233,0.95124,0.95137,1.00,1.37
2015.08.06 23:16:38.352,0.95124,0.95137,1.00,1.00
2015.08.06 23:16:38.454,0.95123,0.95137,1.87,1.00
2015.08.06 23:16:38.979,0.95123,0.95137,1.87,1.00
2015.08.06 23:16:41.884,0.95125,0.95137,1.37,1.00
2015.08.06 23:16:43.889,0.95125,0.95137,1.00,1.00
2015.08.06 23:16:46.096,0.95125,0.95137,1.37,1.00
2015.08.06 23:16:46.775,0.95125,0.95137,1.00,1.00
2015.08.06 23:16:47.151,0.95123,0.95137,2.25,1.00
2015.08.06 23:16:47.261,0.95125,0.95137,1.00,1.00
2015.08.06 23:16:47.790,0.95125,0.95138,1.00,1.00
2015.08.06 23:16:48.658,0.95125,0.95138,1.37,1.00
2015.08.06 23:16:50.122,0.95125,0.95138,1.12,1.00
2015.08.06 23:16:56.121,0.95123,0.95134,1.87,1.00
2015.08.06 23:16:56.894,0.95122,0.95134,1.37,1.00
2015.08.06 23:17:07.502,0.95122,0.95134,1.37,1.00
2015.08.06 23:17:37.820,0.95122,0.95134,1.37,1.00
2015.08.06 23:17:37.922,0.95123,0.95137,1.37,1.00
2015.08.06 23:17:38.428,0.95124,0.95137,1.37,1.00
2015.08.06 23:17:42.495,0.95124,0.95137,1.37,1.00
2015.08.06 23:17:47.933,0.95124,0.95137,1.37,1.00
2015.08.06 23:17:48.514,0.95124,0.95137,1.37,1.00
2015.08.06 23:17:49.872,0.95124,0.95135,1.37,1.00
2015.08.06 23:17:49.923,0.95124,0.95135,1.00,1.00
2015.08.06 23:17:49.974,0.95122,0.95135,1.12,1.00
2015.08.06 23:17:50.480,0.95121,0.95134,1.50,1.00
2015.08.06 23:18:07.057,0.95121,0.95135,1.87,1.00
2015.08.06 23:18:07.630,0.95123,0.95135,1.87,1.00
2015.08.06 23:18:07.681,0.95123,0.95137,1.87,1.00
2015.08.06 23:18:08.187,0.95125,0.95138,1.12,1.00
2015.08.06 23:18:08.239,0.95127,0.95138,1.00,1.00
2015.08.06 23:18:09.787,0.95126,0.95138,1.12,1.00
2015.08.06 23:18:10.321,0.95127,0.95138,1.00,1.00
2015.08.06 23:18:23.298,0.95126,0.95138,1.12,1.00
2015.08.06 23:18:32.428,0.95126,0.95138,1.50,1.00
2015.08.06 23:18:34.944,0.95126,0.95138,1.12,1.00
2015.08.06 23:18:35.560,0.95127,0.95138,1.12,1.00
2015.08.06 23:18:38.115,0.95127,0.95138,1.37,1.00
2015.08.06 23:18:46.355,0.95128,0.95138,1.37,1.00
2015.08.06 23:18:46.709,0.95127,0.95138,1.37,1.00
2015.08.06 23:18:47.785,0.95126,0.95138,1.12,1.00
2015.08.06 23:18:48.310,0.95127,0.95138,1.12,1.00
2015.08.06 23:18:57.939,0.95125,0.95138,1.50,1.00
2015.08.06 23:19:07.277,0.95125,0.95138,2.25,1.00
2015.08.06 23:19:07.615,0.95125,0.9514,2.25,1.00
2015.08.06 23:19:07.667,0.95131,0.9514,1.12,1.00
2015.08.06 23:19:07.820,0.95131,0.95142,1.00,1.00
2015.08.06 23:19:08.338,0.9513,0.95142,1.12,1.00
2015.08.06 23:19:10.679,0.95129,0.95142,1.12,1.00
2015.08.06 23:19:12.162,0.95129,0.95142,1.87,1.00
2015.08.06 23:19:12.837,0.9513,0.95142,1.87,1.00
2015.08.06 23:19:13.349,0.9513,0.95144,1.37,1.50
2015.08.06 23:19:13.451,0.95131,0.95141,1.37,1.00
2015.08.06 23:19:13.653,0.95126,0.95139,1.12,1.00
2015.08.06 23:19:13.980,0.95125,0.95137,1.75,1.00
2015.08.06 23:19:14.031,0.95125,0.95136,1.00,1.00
2015.08.06 23:19:14.133,0.95121,0.95136,1.37,1.00
2015.08.06 23:19:14.183,0.95121,0.95134,1.00,1.00
2015.08.06 23:19:14.490,0.95116,0.95131,2.25,1.00
2015.08.06 23:19:14.592,0.95117,0.95131,1.00,1.00
2015.08.06 23:19:15.402,0.95116,0.95131,2.25,1.00
2015.08.06 23:19:19.230,0.95118,0.95131,1.37,1.00
2015.08.06 23:19:20.099,0.95118,0.95131,1.12,1.00
2015.08.06 23:19:20.639,0.95118,0.95131,1.87,1.00
2015.08.06 23:19:22.484,0.95118,0.95131,1.12,1.00
2015.08.06 23:19:23.034,0.95118,0.95131,1.50,1.00
2015.08.06 23:19:24.919,0.95118,0.95131,1.12,1.00
2015.08.06 23:19:27.183,0.95117,0.95131,2.25,1.00
2015.08.06 23:19:34.798,0.95117,0.95131,2.25,1.00
2015.08.06 23:19:46.503,0.95117,0.95131,1.00,1.00
2015.08.06 23:20:04.448,0.95117,0.95132,1.00,1.00
2015.08.06 23:20:04.600,0.95117,0.95136,1.00,1.50
2015.08.06 23:20:04.898,0.95118,0.95136,1.37,1.50
2015.08.06 23:20:05.420,0.95119,0.95137,1.50,1.50
2015.08.06 23:20:08.689,0.95121,0.95137,1.00,1.00
2015.08.06 23:20:09.238,0.9512,0.95137,1.12,1.00
2015.08.06 23:20:10.502,0.9512,0.95137,1.50,1.00
2015.08.06 23:20:11.044,0.95119,0.95137,1.50,1.00
2015.08.06 23:20:14.297,0.95119,0.95137,1.12,1.00
2015.08.06 23:20:19.241,0.95118,0.95137,1.87,1.00
2015.08.06 23:20:20.645,0.95118,0.95134,1.87,1.00
2015.08.06 23:20:20.978,0.9512,0.95134,1.00,1.00
2015.08.06 23:20:21.030,0.95118,0.95134,1.87,1.00
2015.08.06 23:20:22.191,0.95118,0.95131,1.12,1.00
2015.08.06 23:20:22.716,0.95116,0.95131,1.12,1.00
2015.08.06 23:20:24.790,0.95115,0.95131,1.87,1.00
2015.08.06 23:20:25.854,0.95115,0.95131,1.50,1.00
2015.08.06 23:20:26.420,0.95115,0.95131,1.50,1.00
2015.08.06 23:20:26.706,0.95115,0.95131,1.50,1.00
2015.08.06 23:20:29.034,0.95115,0.95131,1.50,1.00
2015.08.06 23:20:30.136,0.95114,0.95131,2.25,1.00
2015.08.06 23:20:31.463,0.95115,0.95131,1.00,1.00
2015.08.06 23:20:32.120,0.95116,0.95131,1.00,1.00
2015.08.06 23:20:32.671,0.95115,0.95131,1.00,1.00
2015.08.06 23:20:39.628,0.95115,0.95131,1.50,1.00
2015.08.06 23:20:46.619,0.95115,0.95131,1.00,1.00
2015.08.06 23:20:49.998,0.95114,0.95131,1.00,1.00
2015.08.06 23:20:52.047,0.95113,0.95131,2.25,1.00
2015.08.06 23:20:52.648,0.95115,0.95131,1.12,1.00
2015.08.06 23:20:53.149,0.95115,0.95132,2.25,1.00
2015.08.06 23:20:53.825,0.95115,0.95132,2.62,1.00
2015.08.06 23:21:06.580,0.95115,0.95132,1.87,1.00
2015.08.06 23:21:13.183,0.95115,0.95132,2.25,1.87
2015.08.06 23:21:13.701,0.95115,0.95132,1.12,1.37
2015.08.06 23:21:16.529,0.95115,0.95132,1.37,1.87
2015.08.06 23:21:22.396,0.95115,0.95132,1.50,2.62
2015.08.06 23:21:23.898,0.95115,0.95132,1.50,2.62
2015.08.06 23:21:24.401,0.95115,0.95131,1.50,1.00
2015.08.06 23:21:25.005,0.95115,0.95131,1.50,1.00
2015.08.06 23:21:25.605,0.95115,0.9513,2.62,1.00
2015.08.06 23:21:26.131,0.95115,0.95131,3.37,1.00
2015.08.06 23:21:27.638,0.95115,0.95132,2.25,1.00
2015.08.06 23:21:28.042,0.95117,0.95134,3.00,1.12
2015.08.06 23:21:28.560,0.95117,0.95134,3.00,1.00
2015.08.06 23:21:29.150,0.95117,0.95133,2.25,1.00
2015.08.06 23:21:30.348,0.95117,0.95133,1.50,1.00
2015.08.06 23:21:30.904,0.95117,0.95132,1.37,1.00
2015.08.06 23:21:32.137,0.95115,0.95132,1.87,1.00
2015.08.06 23:21:32.679,0.95115,0.95132,1.37,1.12
2015.08.06 23:21:34.233,0.95115,0.95132,1.12,1.00
2015.08.06 23:21:36.145,0.95115,0.95133,1.12,1.87
2015.08.06 23:21:43.688,0.95113,0.95133,1.75,1.50
2015.08.06 23:21:44.204,0.95115,0.95134,1.50,1.00
2015.08.06 23:21:44.727,0.95116,0.95134,1.00,1.00
2015.08.06 23:21:45.337,0.95116,0.95135,1.00,1.00
2015.08.06 23:21:46.142,0.95117,0.95135,1.00,1.12
2015.08.06 23:21:46.687,0.95115,0.95135,1.87,1.00
2015.08.06 23:21:47.331,0.95114,0.95133,2.25,1.00
2015.08.06 23:21:47.856,0.95114,0.95132,1.00,1.50
2015.08.06 23:21:49.632,0.95113,0.95132,2.25,1.12
2015.08.06 23:21:50.172,0.95114,0.95132,1.00,1.12
2015.08.06 23:21:52.380,0.95114,0.95132,1.37,1.00
2015.08.06 23:21:55.154,0.95114,0.95131,1.37,1.00
2015.08.06 23:21:58.278,0.95114,0.95133,1.37,2.25
2015.08.06 23:21:58.382,0.95117,0.95133,1.12,1.50
2015.08.06 23:21:58.685,0.95119,0.95136,1.37,1.87
2015.08.06 23:21:59.203,0.95121,0.95137,1.12,1.37
2015.08.06 23:21:59.709,0.9512,0.95136,1.00,1.00
2015.08.06 23:22:00.297,0.9512,0.95135,1.00,1.00
2015.08.06 23:22:00.804,0.95118,0.95135,2.62,1.00
2015.08.06 23:22:04.300,0.95118,0.95135,2.62,1.00
2015.08.06 23:22:04.827,0.95119,0.95135,1.00,1.00
2015.08.06 23:22:05.494,0.95118,0.95135,1.87,1.00
2015.08.06 23:22:06.708,0.95119,0.95135,1.00,1.00
2015.08.06 23:22:08.456,0.9512,0.95135,1.00,1.00
2015.08.06 23:22:08.961,0.95119,0.95136,1.12,1.12
2015.08.06 23:22:18.507,0.9512,0.95137,1.00,1.87
2015.08.06 23:22:19.058,0.95118,0.95135,1.87,1.00
2015.08.06 23:22:24.287,0.95118,0.95137,2.25,2.62
2015.08.06 23:22:27.545,0.95119,0.95137,1.12,2.62
2015.08.06 23:22:29.466,0.9512,0.95137,1.00,2.62
2015.08.06 23:22:30.434,0.95119,0.95137,1.12,2.62
2015.08.06 23:22:32.160,0.95119,0.95136,1.12,1.00
2015.08.06 23:22:32.774,0.9512,0.95136,1.00,1.00
2015.08.06 23:22:33.421,0.95119,0.95136,1.12,1.00
2015.08.06 23:22:34.979,0.9512,0.95136,1.00,1.00
2015.08.06 23:22:35.495,0.95119,0.95136,1.50,1.00
2015.08.06 23:22:35.828,0.95121,0.95136,1.00,1.00
2015.08.06 23:22:35.955,0.95119,0.95136,1.12,1.00
2015.08.06 23:22:36.108,0.95118,0.95133,2.25,1.50
2015.08.06 23:22:36.210,0.95117,0.95133,1.00,1.50
2015.08.06 23:22:36.412,0.95119,0.95132,1.00,1.00
2015.08.06 23:22:36.721,0.95114,0.9513,2.62,1.00
2015.08.06 23:22:37.234,0.95114,0.95131,1.87,1.12
2015.08.06 23:22:38.043,0.95114,0.95132,2.62,1.87
2015.08.06 23:22:38.612,0.95114,0.95132,1.87,1.87
2015.08.06 23:22:38.663,0.95114,0.95132,1.87,1.87
2015.08.06 23:22:40.192,0.95113,0.95129,1.37,1.12
2015.08.06 23:22:40.693,0.95113,0.95129,1.12,1.87
2015.08.06 23:22:45.531,0.95113,0.95129,1.87,1.37
2015.08.06 23:22:50.208,0.95112,0.9513,2.62,1.87
2015.08.06 23:23:10.204,0.95112,0.9513,3.37,1.12
2015.08.06 23:23:28.551,0.95115,0.95132,1.00,1.37
2015.08.06 23:23:29.672,0.95114,0.95132,1.87,1.37
2015.08.06 23:23:33.458,0.95114,0.95132,2.25,1.37
2015.08.06 23:23:53.092,0.95115,0.95133,1.12,1.87
2015.08.06 23:24:00.680,0.95115,0.95133,1.37,1.37
2015.08.06 23:24:01.183,0.95117,0.95133,1.00,1.37
2015.08.06 23:24:02.010,0.95115,0.95133,1.87,1.37
2015.08.06 23:24:03.914,0.95115,0.95133,1.12,1.37
2015.08.06 23:24:04.462,0.95116,0.95133,1.00,1.37
2015.08.06 23:24:05.020,0.95115,0.95133,1.12,1.37
2015.08.06 23:24:06.318,0.95115,0.95133,1.37,1.37
2015.08.06 23:24:33.091,0.95114,0.95133,1.50,1.00
2015.08.06 23:24:33.243,0.95116,0.95135,1.87,1.87
2015.08.06 23:24:33.757,0.95117,0.95136,2.62,1.37
2015.08.06 23:24:38.174,0.95117,0.95136,2.62,1.37
2015.08.06 23:24:42.789,0.95117,0.95136,2.62,1.37
2015.08.06 23:25:10.414,0.95118,0.95136,1.37,1.12
2015.08.06 23:25:11.067,0.95117,0.95133,1.87,1.00
2015.08.06 23:25:11.320,0.95111,0.95128,1.12,1.87
2015.08.06 23:25:11.372,0.95111,0.95128,1.37,1.87
2015.08.06 23:25:11.708,0.9511,0.95128,1.37,2.62
2015.08.06 23:25:12.864,0.95109,0.95127,2.25,1.37
2015.08.06 23:25:18.194,0.95109,0.95126,1.87,1.37
2015.08.06 23:25:18.700,0.95108,0.95126,1.75,1.87
2015.08.06 23:25:19.003,0.95106,0.95123,3.00,1.12
2015.08.06 23:25:19.488,0.95106,0.95122,1.87,1.00
2015.08.06 23:25:21.400,0.95106,0.95122,1.00,1.00
2015.08.06 23:25:23.826,0.95103,0.95122,2.25,1.50
2015.08.06 23:25:24.367,0.95103,0.95122,1.87,3.00
2015.08.06 23:25:24.896,0.95103,0.95122,1.87,3.00
2015.08.06 23:25:28.489,0.95103,0.95122,1.87,3.00
2015.08.06 23:25:28.590,0.95106,0.95122,1.00,3.00
2015.08.06 23:25:28.763,0.95103,0.95122,1.50,2.62
2015.08.06 23:25:34.246,0.95103,0.95122,1.87,3.37
2015.08.06 23:25:34.752,0.95104,0.95122,1.37,1.87
2015.08.06 23:25:46.059,0.95104,0.95121,1.12,1.00
2015.08.06 23:25:48.425,0.95103,0.95121,1.87,1.12
2015.08.06 23:25:49.526,0.95103,0.95121,1.50,1.00
2015.08.06 23:25:50.171,0.95103,0.95122,1.87,1.12
2015.08.06 23:25:56.242,0.95103,0.95122,1.87,1.12
2015.08.06 23:25:56.776,0.95103,0.95122,1.87,1.00
2015.08.06 23:25:57.938,0.95103,0.95122,1.87,1.00
2015.08.06 23:25:58.558,0.95103,0.95122,3.00,1.00
2015.08.06 23:26:08.361,0.95104,0.95122,1.50,1.00
2015.08.06 23:26:15.094,0.95104,0.95122,1.37,1.37
2015.08.06 23:26:16.098,0.95103,0.95122,1.50,1.87
2015.08.06 23:26:16.809,0.95104,0.95122,1.50,1.00
2015.08.06 23:26:17.346,0.95104,0.95122,1.12,1.87
2015.08.06 23:26:18.103,0.95104,0.9512,1.12,1.00
2015.08.06 23:26:18.302,0.95104,0.95122,1.12,1.87
2015.08.06 23:26:18.812,0.95103,0.95122,2.25,1.12
2015.08.06 23:26:19.014,0.95103,0.95122,2.25,1.37
2015.08.06 23:26:20.695,0.95103,0.95122,2.25,1.87
2015.08.06 23:26:23.387,0.95103,0.95122,1.50,2.62
2015.08.06 23:26:24.089,0.95102,0.95122,2.25,1.87
2015.08.06 23:26:29.863,0.95102,0.9512,2.25,1.00
2015.08.06 23:26:32.153,0.95102,0.9512,2.25,1.00
2015.08.06 23:26:36.053,0.95104,0.95122,1.50,1.12
2015.08.06 23:26:42.653,0.95104,0.95122,1.12,1.87
2015.08.06 23:26:43.297,0.95103,0.95122,1.50,1.87
2015.08.06 23:26:43.966,0.95103,0.95122,2.25,1.87
2015.08.06 23:26:44.168,0.95104,0.95122,1.00,1.00
2015.08.06 23:26:44.371,0.95103,0.95122,3.00,1.12
2015.08.06 23:26:55.063,0.95103,0.95122,2.25,1.50
2015.08.06 23:26:59.299,0.95104,0.95122,1.87,1.00
2015.08.06 23:27:05.996,0.95106,0.95122,1.37,1.00
2015.08.06 23:27:06.055,0.95106,0.95124,1.87,1.12
2015.08.06 23:27:06.410,0.95108,0.95124,1.37,1.12
2015.08.06 23:27:06.963,0.95107,0.95127,3.00,1.87
2015.08.06 23:27:07.468,0.95109,0.95127,1.50,1.00
2015.08.06 23:27:08.773,0.95109,0.95127,1.87,1.00
2015.08.06 23:27:16.005,0.9511,0.95127,1.12,1.00
2015.08.06 23:27:16.521,0.9511,0.95127,1.37,1.00
2015.08.06 23:27:27.861,0.9511,0.95129,1.50,1.50
2015.08.06 23:27:27.912,0.95114,0.95129,1.00,2.62
2015.08.06 23:27:28.640,0.95114,0.95131,1.50,1.87
2015.08.06 23:27:28.690,0.95112,0.9513,1.12,1.12
2015.08.06 23:27:29.197,0.95111,0.95129,1.00,1.00
2015.08.06 23:27:29.728,0.95111,0.95129,1.00,1.87
2015.08.06 23:27:30.282,0.95111,0.95129,1.00,1.12
2015.08.06 23:27:30.847,0.95109,0.95128,2.25,1.50
2015.08.06 23:27:31.740,0.95109,0.95128,2.25,1.50
2015.08.06 23:27:34.606,0.9511,0.95128,1.37,1.00
2015.08.06 23:27:35.221,0.9511,0.95128,1.75,1.00
2015.08.06 23:27:35.784,0.95111,0.95128,1.75,1.00
2015.08.06 23:27:41.329,0.95111,0.95128,1.50,1.00
2015.08.06 23:27:52.333,0.95111,0.95128,1.00,1.00
2015.08.06 23:27:55.983,0.9511,0.95128,2.25,1.00
2015.08.06 23:28:10.945,0.95112,0.95128,1.37,1.00
2015.08.06 23:28:12.847,0.95111,0.95128,1.37,1.00
2015.08.06 23:28:13.414,0.95112,0.95128,1.37,1.00
2015.08.06 23:28:14.850,0.95111,0.95128,1.50,1.00
2015.08.06 23:28:15.508,0.95111,0.9513,2.25,1.12
2015.08.06 23:28:17.575,0.95111,0.95129,2.62,1.00
2015.08.06 23:28:20.344,0.95111,0.95129,1.12,1.12
2015.08.06 23:28:20.855,0.95111,0.95128,1.12,1.00
2015.08.06 23:28:21.310,0.9511,0.95127,1.00,1.87
2015.08.06 23:28:22.535,0.9511,0.95127,1.00,1.50
2015.08.06 23:28:23.622,0.9511,0.95127,1.12,1.87
2015.08.06 23:28:28.218,0.9511,0.95127,1.12,1.87
2015.08.06 23:28:37.235,0.9511,0.95126,1.12,1.00
2015.08.06 23:28:51.697,0.9511,0.95127,1.12,1.87
2015.08.06 23:28:52.758,0.9511,0.95126,1.12,1.00
2015.08.06 23:28:54.760,0.9511,0.95126,1.87,1.00
2015.08.06 23:28:56.189,0.9511,0.95127,1.87,1.12
2015.08.06 23:28:59.727,0.9511,0.95127,1.87,1.00
2015.08.06 23:29:02.149,0.9511,0.95126,1.12,1.00
2015.08.06 23:29:09.787,0.9511,0.95126,1.37,1.00
2015.08.06 23:29:14.792,0.9511,0.95127,1.37,1.87
2015.08.06 23:29:15.377,0.9511,0.95127,1.12,1.50
2015.08.06 23:29:20.372,0.9511,0.95126,1.12,1.00
2015.08.06 23:29:26.003,0.95108,0.95127,1.87,1.00
2015.08.06 23:29:31.614,0.95108,0.95126,1.87,1.00
2015.08.06 23:29:32.720,0.95109,0.95126,1.00,1.00
2015.08.06 23:29:36.825,0.95109,0.95126,1.50,1.00
2015.08.06 23:29:40.129,0.95108,0.95124,1.87,1.00
2015.08.06 23:29:40.180,0.95108,0.95124,1.12,1.00
2015.08.06 23:29:40.485,0.95106,0.9512,1.00,1.00
2015.08.06 23:29:40.726,0.95104,0.9512,2.62,1.00
2015.08.06 23:29:47.395,0.95104,0.95119,1.00,1.00
2015.08.06 23:29:52.587,0.95104,0.95118,1.00,1.00
2015.08.06 23:30:04.906,0.95104,0.9512,1.00,1.00
2015.08.06 23:30:05.447,0.95104,0.9512,1.87,1.37
2015.08.06 23:30:15.624,0.95104,0.95118,1.12,1.00
2015.08.06 23:30:16.759,0.95104,0.95121,1.12,1.50
2015.08.06 23:30:17.660,0.95104,0.95118,1.50,1.00
2015.08.06 23:30:20.154,0.95104,0.95117,1.00,1.50
2015.08.06 23:30:20.669,0.95102,0.95117,1.87,1.50
2015.08.06 23:30:20.972,0.95102,0.95113,1.00,1.00
2015.08.06 23:30:21.174,0.951,0.95116,1.37,1.00
2015.08.06 23:30:21.579,0.951,0.95114,1.37,1.00
2015.08.06 23:30:21.630,0.951,0.95116,1.37,1.00
2015.08.06 23:30:22.039,0.951,0.95114,1.37,1.00
2015.08.06 23:30:22.746,0.951,0.95116,1.37,1.00
2015.08.06 23:30:23.808,0.951,0.95116,1.37,1.37
2015.08.06 23:30:24.794,0.951,0.95114,1.37,1.00
2015.08.06 23:30:25.153,0.951,0.95113,1.12,1.00
2015.08.06 23:30:28.556,0.951,0.95113,1.37,1.00
2015.08.06 23:30:36.611,0.951,0.95111,1.37,1.00
2015.08.06 23:30:36.662,0.95098,0.95111,1.12,1.00
2015.08.06 23:30:37.042,0.95096,0.95109,1.37,1.00
2015.08.06 23:30:37.678,0.95096,0.95108,1.12,1.00
2015.08.06 23:30:38.457,0.95096,0.95108,1.37,1.00
2015.08.06 23:30:39.279,0.95096,0.95107,1.37,1.00
2015.08.06 23:30:39.482,0.95096,0.95108,1.12,1.00
2015.08.06 23:30:40.015,0.95096,0.95107,1.12,1.00
2015.08.06 23:30:40.599,0.95096,0.95108,1.00,1.00
2015.08.06 23:30:52.422,0.95094,0.95108,1.12,1.87
2015.08.06 23:30:52.473,0.95094,0.95104,1.00,1.00
2015.08.06 23:30:52.524,0.95092,0.95104,1.00,1.00
2015.08.06 23:30:52.625,0.95089,0.95104,1.12,1.00
2015.08.06 23:30:53.131,0.95089,0.95103,1.12,1.00
2015.08.06 23:30:57.911,0.95089,0.95104,1.00,1.12
2015.08.06 23:31:03.976,0.95089,0.95102,1.00,1.00
2015.08.06 23:31:09.889,0.95089,0.95103,1.12,1.00
2015.08.06 23:31:15.931,0.95089,0.95105,1.12,1.12
2015.08.06 23:31:21.234,0.95089,0.95104,1.12,1.00
2015.08.06 23:31:22.971,0.95086,0.95102,1.37,1.00
2015.08.06 23:31:23.275,0.95084,0.95097,2.25,1.00
2015.08.06 23:31:23.376,0.95087,0.95103,1.12,3.00
2015.08.06 23:31:23.478,0.95087,0.95103,1.37,1.50
2015.08.06 23:31:23.630,0.95088,0.95104,1.37,2.25
2015.08.06 23:31:23.833,0.95088,0.95104,1.12,2.25
2015.08.06 23:31:24.476,0.95088,0.95104,1.87,2.25
2015.08.06 23:31:29.124,0.95088,0.95102,1.50,1.37
2015.08.06 23:31:29.428,0.95086,0.95099,1.50,1.12
2015.08.06 23:31:30.443,0.95086,0.95099,1.00,1.50
2015.08.06 23:31:31.607,0.95083,0.95099,1.87,1.50
2015.08.06 23:31:32.156,0.95083,0.951,2.62,1.50
2015.08.06 23:31:33.360,0.95084,0.951,1.87,1.37
2015.08.06 23:31:33.665,0.95085,0.95098,1.00,1.50
2015.08.06 23:31:35.065,0.95085,0.95093,1.00,1.00
2015.08.06 23:31:35.267,0.95083,0.95098,1.37,1.87
2015.08.06 23:31:35.368,0.95083,0.95093,1.00,1.00
2015.08.06 23:31:35.520,0.95081,0.95093,1.12,1.00
2015.08.06 23:31:35.673,0.95081,0.95093,1.37,1.00
2015.08.06 23:31:35.825,0.95081,0.95098,1.87,2.25
2015.08.06 23:31:36.342,0.95081,0.95098,1.12,1.87
2015.08.06 23:31:36.393,0.95081,0.95093,1.87,1.00
2015.08.06 23:31:36.697,0.95081,0.95093,1.37,1.00
2015.08.06 23:31:45.155,0.95081,0.95093,1.12,1.00
2015.08.06 23:31:45.625,0.95081,0.95096,1.12,1.37
2015.08.06 23:31:45.827,0.95079,0.95093,1.37,1.00
2015.08.06 23:31:45.980,0.95076,0.95093,1.37,1.87
2015.08.06 23:31:46.183,0.95074,0.9509,1.37,1.37
2015.08.06 23:31:46.385,0.95071,0.95089,2.62,1.00
2015.08.06 23:31:46.841,0.95073,0.9509,1.00,1.50
2015.08.06 23:31:47.128,0.95071,0.9509,1.50,1.50
2015.08.06 23:31:47.179,0.9507,0.9509,1.87,2.62
2015.08.06 23:31:53.265,0.95072,0.9509,1.50,2.25
2015.08.06 23:31:53.802,0.95072,0.95088,1.12,1.12
2015.08.06 23:31:55.591,0.95072,0.9509,1.37,2.62
2015.08.06 23:31:57.393,0.9507,0.9509,3.00,2.62
2015.08.06 23:31:57.922,0.95071,0.9509,1.37,1.87
2015.08.06 23:31:58.548,0.95071,0.95088,1.37,1.37
2015.08.06 23:31:59.221,0.9507,0.95088,1.50,1.37
2015.08.06 23:32:00.368,0.95069,0.95088,3.75,1.37
2015.08.06 23:32:00.571,0.95069,0.95083,2.62,1.00
2015.08.06 23:32:01.361,0.95069,0.95083,1.87,1.00
2015.08.06 23:32:01.936,0.95067,0.95083,2.25,1.00
2015.08.06 23:32:02.139,0.95065,0.95078,2.62,1.00
2015.08.06 23:32:02.342,0.95063,0.95082,4.12,1.37
2015.08.06 23:32:04.205,0.95063,0.95082,1.87,1.12
2015.08.06 23:32:04.319,0.95063,0.95078,1.37,1.00
2015.08.06 23:32:04.840,0.95063,0.95081,1.37,2.25
2015.08.06 23:32:08.885,0.95063,0.9508,1.12,1.37
2015.08.06 23:32:09.308,0.95062,0.9508,1.37,1.50
2015.08.06 23:32:09.828,0.95061,0.95079,1.37,1.37
2015.08.06 23:32:10.378,0.9506,0.95077,1.50,1.12
2015.08.06 23:32:10.480,0.95061,0.95077,1.00,1.87
2015.08.06 23:32:10.982,0.95058,0.95076,1.87,1.50
2015.08.06 23:32:13.539,0.95057,0.95073,1.87,1.00
2015.08.06 23:32:16.502,0.95057,0.95073,1.87,1.12
2015.08.06 23:32:25.337,0.95059,0.95073,1.37,1.00
2015.08.06 23:32:28.157,0.95058,0.95078,1.87,3.75
2015.08.06 23:32:28.711,0.95058,0.95078,1.87,4.12
2015.08.06 23:32:38.941,0.95063,0.95076,1.00,1.37
2015.08.06 23:32:39.489,0.95063,0.95076,1.00,1.37
2015.08.06 23:32:57.345,0.95063,0.95077,1.00,1.37
2015.08.06 23:32:57.877,0.95063,0.95077,1.00,1.37
2015.08.06 23:33:02.266,0.95063,0.9508,1.37,1.37
2015.08.06 23:33:02.368,0.95063,0.95081,1.87,1.87
2015.08.06 23:33:02.871,0.95064,0.95082,1.37,1.37
2015.08.06 23:33:03.407,0.95065,0.95082,1.37,1.37
2015.08.06 23:33:03.913,0.95064,0.95083,3.00,1.87
2015.08.06 23:33:04.461,0.95068,0.95083,1.00,1.37
2015.08.06 23:33:04.670,0.95068,0.95084,1.12,1.37
2015.08.06 23:33:04.974,0.95069,0.95088,1.12,2.25
2015.08.06 23:33:05.503,0.95069,0.95087,1.87,1.37
2015.08.06 23:33:09.203,0.95069,0.95088,1.12,1.87
2015.08.06 23:33:11.408,0.95072,0.95088,1.00,1.37
2015.08.06 23:33:15.616,0.95069,0.95087,1.12,1.37
2015.08.06 23:33:22.386,0.95072,0.95088,1.00,1.87
2015.08.06 23:33:33.429,0.95072,0.95084,1.00,1.37
2015.08.06 23:33:33.633,0.95068,0.95084,1.00,1.37
2015.08.06 23:33:34.446,0.95068,0.95082,1.00,1.37
2015.08.06 23:33:34.749,0.95065,0.95081,1.00,1.37
2015.08.06 23:33:34.850,0.95067,0.95081,1.00,1.37
2015.08.06 23:33:35.384,0.95065,0.95079,1.00,1.37
2015.08.06 23:33:35.889,0.95065,0.95079,1.00,1.37
2015.08.06 23:33:39.715,0.95065,0.95079,1.00,1.37
2015.08.06 23:33:40.265,0.95065,0.95079,1.00,1.37
2015.08.06 23:33:43.315,0.95065,0.95079,1.00,1.37
2015.08.06 23:33:53.661,0.95065,0.95078,1.00,1.37
2015.08.06 23:33:53.712,0.95061,0.95078,1.12,1.37
2015.08.06 23:33:53.813,0.95063,0.95078,1.00,1.37
2015.08.06 23:33:54.101,0.95061,0.95076,1.00,1.37
2015.08.06 23:33:54.646,0.95061,0.95076,1.12,1.12
2015.08.06 23:33:55.661,0.95063,0.95076,1.00,1.12
2015.08.06 23:33:59.756,0.95065,0.95077,1.00,1.37
2015.08.06 23:34:00.110,0.95067,0.95077,1.00,1.37
2015.08.06 23:34:02.578,0.95067,0.9508,1.00,1.87
2015.08.06 23:34:03.106,0.95067,0.95079,1.00,1.75
2015.08.06 23:34:04.868,0.95067,0.95079,1.00,2.25
2015.08.06 23:34:09.297,0.95067,0.95078,1.00,1.87
2015.08.06 23:34:09.823,0.95067,0.95079,1.00,1.37
2015.08.06 23:34:44.456,0.95067,0.95079,1.00,1.50
2015.08.06 23:34:49.396,0.95064,0.95078,1.00,1.87
2015.08.06 23:34:49.447,0.95064,0.95078,1.00,3.00
2015.08.06 23:34:51.034,0.95064,0.95075,1.00,1.37
2015.08.06 23:34:53.381,0.95064,0.95077,1.00,1.87
2015.08.06 23:34:53.483,0.95067,0.95076,1.00,1.00
2015.08.06 23:34:53.735,0.95065,0.9508,1.00,1.87
2015.08.06 23:34:54.265,0.95067,0.9508,1.00,1.87
2015.08.06 23:34:56.342,0.95067,0.9508,1.00,1.50
2015.08.06 23:35:02.222,0.95068,0.95081,1.00,1.75
2015.08.06 23:35:02.772,0.95067,0.95081,1.00,1.75
2015.08.06 23:35:03.484,0.95069,0.95081,1.00,1.75
2015.08.06 23:35:07.191,0.95069,0.95081,1.00,1.12
2015.08.06 23:35:09.731,0.95069,0.95083,1.00,1.00
2015.08.06 23:35:09.883,0.95069,0.95086,1.12,1.37
2015.08.06 23:35:09.934,0.95075,0.95087,1.00,1.37
2015.08.06 23:35:11.626,0.95077,0.95089,1.00,1.50
2015.08.06 23:35:12.490,0.95077,0.95089,1.00,1.50
2015.08.06 23:35:18.390,0.95075,0.9509,1.00,3.00
2015.08.06 23:35:21.111,0.95076,0.9509,1.00,3.00
2015.08.06 23:35:29.069,0.95077,0.9509,1.00,1.50
2015.08.06 23:35:29.120,0.95077,0.9509,1.00,1.50
2015.08.06 23:35:29.272,0.95079,0.95091,1.00,1.37
2015.08.06 23:35:29.424,0.95079,0.95094,1.12,1.00
2015.08.06 23:35:29.476,0.95082,0.95096,1.00,1.12
2015.08.06 23:35:29.825,0.95084,0.95099,1.00,1.75
2015.08.06 23:35:30.330,0.95084,0.95099,1.00,1.37
2015.08.06 23:35:30.836,0.95084,0.95099,1.00,1.00
2015.08.06 23:35:33.373,0.95088,0.95099,1.00,1.00
2015.08.06 23:35:33.971,0.95087,0.95102,1.00,1.50
2015.08.06 23:35:35.145,0.95087,0.95103,1.12,2.25
2015.08.06 23:35:35.247,0.95087,0.95104,1.00,1.12
2015.08.06 23:35:35.450,0.95088,0.95106,1.00,1.00
2015.08.06 23:35:35.501,0.95091,0.95106,1.00,1.00
2015.08.06 23:35:35.843,0.95094,0.95108,1.00,1.75
2015.08.06 23:35:35.995,0.95097,0.95112,1.00,3.00
2015.08.06 23:35:36.501,0.95097,0.95111,1.00,1.50
2015.08.06 23:35:36.552,0.95095,0.95111,1.00,1.50
2015.08.06 23:35:37.165,0.95095,0.95111,1.00,1.37
2015.08.06 23:35:37.367,0.95095,0.95111,1.00,1.37
2015.08.06 23:35:37.952,0.95096,0.95111,1.00,1.37
2015.08.06 23:35:38.459,0.95097,0.95113,1.00,1.50
2015.08.06 23:35:39.276,0.95096,0.95114,1.00,2.25
2015.08.06 23:35:39.428,0.95093,0.95111,1.12,1.37
2015.08.06 23:35:39.479,0.95093,0.9511,1.00,1.37
2015.08.06 23:35:39.813,0.95095,0.95109,1.00,1.37
2015.08.06 23:35:39.966,0.95092,0.9511,1.00,1.50
2015.08.06 23:35:40.371,0.95092,0.95107,1.00,1.37
2015.08.06 23:35:40.877,0.95091,0.95108,1.00,1.87
2015.08.06 23:35:41.541,0.95091,0.95108,1.00,2.25
2015.08.06 23:35:41.857,0.95087,0.95104,1.50,1.50
2015.08.06 23:35:41.908,0.95089,0.95104,1.00,1.87
2015.08.06 23:35:42.364,0.95092,0.95107,1.00,2.62
2015.08.06 23:35:42.718,0.95092,0.95108,1.00,3.00
2015.08.06 23:35:43.508,0.95092,0.95108,1.00,1.00
2015.08.06 23:35:46.125,0.95092,0.95107,1.00,1.00
2015.08.06 23:35:46.663,0.95093,0.95108,1.00,2.25
2015.08.06 23:35:51.311,0.95093,0.95108,1.00,2.62
2015.08.06 23:35:52.255,0.95092,0.95108,1.00,3.00
2015.08.06 23:35:55.335,0.95092,0.95108,1.00,1.87
2015.08.06 23:35:56.016,0.95092,0.9511,1.37,1.37
2015.08.06 23:35:56.696,0.95092,0.95109,1.00,1.37
2015.08.06 23:35:57.013,0.95097,0.95109,1.00,1.87
2015.08.06 23:35:58.094,0.95092,0.95109,1.37,1.87
2015.08.06 23:35:58.621,0.95092,0.95109,1.12,1.87
2015.08.06 23:35:59.506,0.95092,0.95109,1.12,1.87
2015.08.06 23:36:00.987,0.95097,0.95109,1.00,1.87
2015.08.06 23:36:01.736,0.95097,0.95109,1.00,1.12
2015.08.06 23:36:01.888,0.95097,0.95111,1.00,1.12
2015.08.06 23:36:02.682,0.95097,0.95113,1.37,1.37
2015.08.06 23:36:03.743,0.95097,0.95113,1.12,1.37
2015.08.06 23:36:04.607,0.95097,0.95113,1.00,1.87
2015.08.06 23:36:05.109,0.95097,0.95113,1.12,1.87
2015.08.06 23:36:05.820,0.95097,0.95113,1.12,1.87
2015.08.06 23:36:07.328,0.95098,0.95113,1.00,2.62
2015.08.06 23:36:07.858,0.95098,0.95116,1.00,2.62
2015.08.06 23:36:08.322,0.95098,0.95116,1.12,1.87
2015.08.06 23:36:08.524,0.95101,0.95116,1.00,1.37
2015.08.06 23:36:09.059,0.95101,0.95118,1.00,1.37
2015.08.06 23:36:09.211,0.95103,0.95119,1.00,1.37
2015.08.06 23:36:09.834,0.95103,0.95119,1.87,1.37
2015.08.06 23:36:10.138,0.95107,0.95121,1.00,1.37
2015.08.06 23:36:10.341,0.95103,0.95121,1.00,1.87
2015.08.06 23:36:14.227,0.95103,0.95121,1.00,1.87
2015.08.06 23:36:15.829,0.95103,0.95121,1.12,2.25
2015.08.06 23:36:17.333,0.95103,0.9512,1.12,1.37
2015.08.06 23:36:18.233,0.95103,0.95119,1.00,1.37
2015.08.06 23:36:19.462,0.95107,0.95121,1.00,1.37
2015.08.06 23:36:19.937,0.95109,0.95125,1.00,1.37
2015.08.06 23:36:20.241,0.95112,0.95125,1.00,1.37
2015.08.06 23:36:20.547,0.95109,0.95125,1.00,1.37
2015.08.06 23:36:21.093,0.95109,0.95125,1.00,1.37
2015.08.06 23:36:21.772,0.95109,0.95126,1.00,1.37
2015.08.06 23:36:24.450,0.95107,0.95126,1.50,1.37
2015.08.06 23:36:25.003,0.95107,0.95126,1.87,1.50
2015.08.06 23:36:25.759,0.95107,0.95126,1.87,1.75
2015.08.06 23:36:29.048,0.95107,0.95123,1.50,1.37
2015.08.06 23:36:29.594,0.95108,0.95122,1.00,1.37
2015.08.06 23:36:30.067,0.95107,0.95121,1.50,1.75
2015.08.06 23:36:30.322,0.95102,0.95116,1.00,1.37
2015.08.06 23:36:30.698,0.95097,0.95116,1.87,1.50
2015.08.06 23:36:30.750,0.95097,0.95114,1.50,1.37
2015.08.06 23:36:30.852,0.95097,0.95113,1.50,1.00
2015.08.06 23:36:32.209,0.95097,0.95112,1.00,1.00
2015.08.06 23:36:32.260,0.95097,0.95112,1.00,1.37
2015.08.06 23:36:38.380,0.95097,0.95112,1.00,1.12
2015.08.06 23:36:38.482,0.95102,0.95116,1.00,2.62
2015.08.06 23:36:38.988,0.95103,0.95114,1.00,1.37
2015.08.06 23:36:39.978,0.95103,0.95114,1.00,1.37
2015.08.06 23:36:49.608,0.95097,0.95114,1.50,1.37
2015.08.06 23:36:49.659,0.95097,0.95114,1.87,1.50
2015.08.06 23:36:58.511,0.95097,0.95115,1.50,2.62
2015.08.06 23:37:13.229,0.95097,0.9511,1.87,1.00
2015.08.06 23:37:14.496,0.95097,0.95111,1.50,1.00
2015.08.06 23:37:15.333,0.95098,0.95111,1.00,1.00
2015.08.06 23:37:15.876,0.95098,0.95112,1.00,1.00
2015.08.06 23:37:16.407,0.95097,0.95112,1.87,1.00
2015.08.06 23:37:18.176,0.95102,0.95113,1.00,1.00
2015.08.06 23:37:19.147,0.95102,0.95113,1.00,1.37
2015.08.06 23:37:19.299,0.95098,0.95113,1.12,1.37
2015.08.06 23:37:19.400,0.95102,0.95113,1.00,1.37
2015.08.06 23:37:24.746,0.95102,0.95113,1.00,1.37
2015.08.06 23:37:25.882,0.95097,0.95113,1.87,1.37
2015.08.06 23:37:26.569,0.95097,0.95113,1.50,1.37
2015.08.06 23:37:28.635,0.95102,0.95113,1.00,1.37
2015.08.06 23:37:29.297,0.95102,0.95113,1.00,1.37
2015.08.06 23:37:30.484,0.95097,0.95113,1.50,1.37
2015.08.06 23:37:36.276,0.95097,0.95111,1.50,1.37
2015.08.06 23:37:36.784,0.95097,0.95111,1.87,1.37
2015.08.06 23:37:38.656,0.95102,0.95111,1.00,1.37
2015.08.06 23:37:38.858,0.95097,0.95111,1.50,1.37
2015.08.06 23:37:42.363,0.95097,0.9511,1.50,1.37
2015.08.06 23:37:48.633,0.95102,0.95111,1.00,1.37
2015.08.06 23:37:48.897,0.95097,0.95111,1.00,1.37
2015.08.06 23:37:53.403,0.95097,0.95111,1.00,1.12
2015.08.06 23:37:54.783,0.95097,0.95111,1.00,1.37
2015.08.06 23:37:58.643,0.95102,0.95111,1.00,1.37
2015.08.06 23:38:00.474,0.95102,0.95111,1.00,1.12
2015.08.06 23:38:00.990,0.95103,0.95112,1.00,1.12
2015.08.06 23:38:01.395,0.95102,0.95115,1.00,1.37
2015.08.06 23:38:02.290,0.95102,0.95117,1.00,1.00
2015.08.06 23:38:02.392,0.95107,0.95117,1.00,1.00
2015.08.06 23:38:02.646,0.95103,0.95115,1.12,1.00
2015.08.06 23:38:02.849,0.95103,0.95117,1.00,1.12
2015.08.06 23:38:05.135,0.95107,0.95117,1.00,1.00
2015.08.06 23:38:05.666,0.95108,0.95121,1.00,2.62
2015.08.06 23:38:05.819,0.95107,0.95124,1.00,1.87
2015.08.06 23:38:05.921,0.95112,0.95124,1.00,1.87
2015.08.06 23:38:06.124,0.95112,0.95124,1.00,1.87
2015.08.06 23:38:06.705,0.95112,0.95124,1.00,1.12
2015.08.06 23:38:07.110,0.95112,0.9512,1.00,1.00
2015.08.06 23:38:07.394,0.95107,0.9512,1.00,1.12
2015.08.06 23:38:07.698,0.95108,0.95118,1.00,1.00
2015.08.06 23:38:07.901,0.95107,0.95122,1.00,1.12
2015.08.06 23:38:08.011,0.95107,0.95122,1.00,1.00
2015.08.06 23:38:08.113,0.95107,0.95124,1.00,1.00
2015.08.06 23:38:08.630,0.95107,0.95125,1.00,2.25
2015.08.06 23:38:08.740,0.95112,0.95125,1.00,1.50
2015.08.06 23:38:09.272,0.95112,0.95127,1.00,2.25
2015.08.06 23:38:09.476,0.95107,0.95127,1.37,3.00
2015.08.06 23:38:10.012,0.95107,0.95127,1.37,3.75
2015.08.06 23:38:10.543,0.95107,0.95124,1.50,1.00
2015.08.06 23:38:11.045,0.95107,0.95124,1.50,1.00
2015.08.06 23:38:11.695,0.95107,0.95124,1.50,1.00
2015.08.06 23:38:12.207,0.95107,0.95123,1.50,1.00
2015.08.06 23:38:12.780,0.95108,0.95123,1.00,1.50
2015.08.06 23:38:12.932,0.95112,0.95123,1.00,1.12
2015.08.06 23:38:13.235,0.95112,0.95121,1.00,1.00
2015.08.06 23:38:15.628,0.95112,0.9512,1.00,1.37
2015.08.06 23:38:16.033,0.95112,0.95118,1.00,1.00
2015.08.06 23:38:16.185,0.95107,0.95118,1.00,1.00
2015.08.06 23:38:16.743,0.95107,0.95117,1.00,1.00
2015.08.06 23:38:17.251,0.95107,0.95117,1.00,1.87
2015.08.06 23:38:18.048,0.95107,0.95118,1.00,1.87
2015.08.06 23:38:18.200,0.95112,0.95118,1.00,1.37
2015.08.06 23:38:18.707,0.95113,0.95118,1.00,1.12
2015.08.06 23:38:19.214,0.95112,0.95118,1.00,1.00
2015.08.06 23:38:19.447,0.95112,0.95121,1.00,1.50
2015.08.06 23:38:19.952,0.95112,0.95121,1.00,1.37
2015.08.06 23:38:20.015,0.95112,0.95121,1.00,1.12
2015.08.06 23:38:21.336,0.95112,0.95121,1.00,1.37
2015.08.06 23:38:22.462,0.95112,0.95121,1.00,1.12
2015.08.06 23:38:22.865,0.95117,0.95121,1.00,1.00
2015.08.06 23:38:23.219,0.95117,0.95125,1.00,1.00
2015.08.06 23:38:26.977,0.95122,0.95126,1.00,1.00
2015.08.06 23:38:27.028,0.95122,0.95127,1.00,1.00
2015.08.06 23:38:27.483,0.95122,0.95131,1.00,1.00
2015.08.06 23:38:27.535,0.95127,0.95131,1.00,1.00
2015.08.06 23:38:27.687,0.95127,0.95136,1.00,1.00
2015.08.06 23:38:27.738,0.95131,0.95136,1.00,1.00
2015.08.06 23:38:35.652,0.95127,0.95136,1.00,1.00
2015.08.06 23:38:36.251,0.95122,0.95134,1.00,1.00
2015.08.06 23:38:39.871,0.95122,0.95133,1.00,1.00
2015.08.06 23:38:47.089,0.95122,0.95134,1.00,1.50
2015.08.06 23:38:48.647,0.95128,0.95134,1.00,1.00
2015.08.06 23:38:48.749,0.95123,0.95134,1.00,1.00
2015.08.06 23:38:49.334,0.95122,0.95134,1.00,1.00
2015.08.06 23:38:49.854,0.95123,0.95134,1.00,1.00
2015.08.06 23:38:50.377,0.95122,0.95134,1.00,1.00
2015.08.06 23:38:54.920,0.95122,0.95134,1.00,1.87
2015.08.06 23:38:56.412,0.95122,0.95134,1.00,1.37
2015.08.06 23:38:59.853,0.95123,0.95134,1.00,1.87
2015.08.06 23:39:01.862,0.95123,0.95134,1.00,1.00
2015.08.06 23:39:03.345,0.95123,0.95134,1.00,1.37
2015.08.06 23:39:03.623,0.95118,0.95132,1.12,1.00
2015.08.06 23:39:03.674,0.95117,0.9513,1.37,1.00
2015.08.06 23:39:04.181,0.95117,0.95129,1.12,1.00
2015.08.06 23:39:05.926,0.95117,0.95129,1.37,1.00
2015.08.06 23:39:16.575,0.95115,0.95129,1.75,1.50
2015.08.06 23:39:16.626,0.95113,0.95129,1.87,1.50
2015.08.06 23:39:17.131,0.95116,0.95128,1.00,1.00
2015.08.06 23:39:17.657,0.95116,0.95129,1.00,1.00
2015.08.06 23:39:18.189,0.95116,0.95128,1.37,1.00
2015.08.06 23:39:18.492,0.95114,0.95128,1.12,1.37
2015.08.06 23:39:19.002,0.95115,0.95128,1.00,1.00
2015.08.06 23:39:19.283,0.95114,0.95128,2.25,1.00
2015.08.06 23:39:19.586,0.95118,0.95128,1.37,1.00
2015.08.06 23:39:19.847,0.9512,0.95133,1.37,1.00
2015.08.06 23:39:19.899,0.9512,0.95131,1.12,1.00
2015.08.06 23:39:20.101,0.95117,0.95131,1.50,1.00
2015.08.06 23:39:20.607,0.95119,0.95132,1.87,1.00
2015.08.06 23:39:21.120,0.95119,0.95132,1.37,1.00
2015.08.06 23:39:21.894,0.95118,0.95132,1.37,1.50
2015.08.06 23:39:21.946,0.95117,0.9513,1.87,1.00
2015.08.06 23:39:22.453,0.95117,0.95129,1.87,1.00
2015.08.06 23:39:22.992,0.95117,0.95129,1.87,1.00
2015.08.06 23:39:25.084,0.95118,0.95129,1.87,1.00
2015.08.06 23:39:26.113,0.95118,0.95129,1.87,1.00
2015.08.06 23:39:33.425,0.95118,0.95129,1.50,1.00
2015.08.06 23:39:34.127,0.95118,0.95129,1.87,1.00
2015.08.06 23:39:35.617,0.95117,0.95129,3.37,1.00
2015.08.06 23:39:35.668,0.95117,0.95129,3.00,1.00
2015.08.06 23:39:37.061,0.95118,0.95131,1.00,1.00
2015.08.06 23:39:37.213,0.95118,0.95131,1.37,1.00
2015.08.06 23:39:37.785,0.95117,0.95131,3.75,1.00
2015.08.06 23:39:38.323,0.95117,0.95131,2.25,1.00
2015.08.06 23:39:44.487,0.95117,0.95131,1.37,1.00
2015.08.06 23:39:45.211,0.95117,0.95131,1.37,1.00
2015.08.06 23:39:45.812,0.95117,0.95131,1.37,1.00
2015.08.06 23:39:50.156,0.95117,0.95131,1.37,1.00
2015.08.06 23:39:50.706,0.95117,0.95131,1.37,1.00
2015.08.06 23:39:51.277,0.95117,0.95131,1.37,1.00
2015.08.06 23:39:51.379,0.95117,0.95131,1.37,1.00
2015.08.06 23:39:52.003,0.95116,0.95131,1.35,1.00
2015.08.06 23:39:52.259,0.95116,0.95131,1.72,1.00
2015.08.06 23:39:52.779,0.95115,0.95131,3.97,1.00
2015.08.06 23:39:53.316,0.95115,0.95131,3.97,1.00
2015.08.06 23:39:55.281,0.95115,0.95131,3.97,1.00
2015.08.06 23:39:55.818,0.95115,0.95131,3.97,1.00
2015.08.06 23:39:56.560,0.95115,0.95131,3.97,1.00
2015.08.06 23:39:57.134,0.95115,0.95131,3.97,1.00
2015.08.06 23:39:58.298,0.95115,0.95131,3.97,1.00
2015.08.06 23:39:58.823,0.95115,0.95131,3.97,1.00
2015.08.06 23:40:00.483,0.95115,0.95131,4.35,1.00
2015.08.06 23:40:04.129,0.95116,0.95131,1.72,1.00
2015.08.06 23:40:04.659,0.95116,0.95131,1.72,1.00
2015.08.06 23:40:05.512,0.95116,0.95131,1.35,1.00
2015.08.06 23:40:06.299,0.95115,0.95128,1.37,1.00
2015.08.06 23:40:06.400,0.95114,0.95127,1.50,1.00
2015.08.06 23:40:06.603,0.95113,0.95123,1.87,1.00
2015.08.06 23:40:06.805,0.95114,0.95125,1.37,1.00
2015.08.06 23:40:06.957,0.95115,0.95128,1.37,1.00
2015.08.06 23:40:07.109,0.95115,0.9513,2.25,1.00
2015.08.06 23:40:08.571,0.95116,0.95128,1.87,1.00
2015.08.06 23:40:08.622,0.95116,0.95128,1.00,1.00
2015.08.06 23:40:08.724,0.95114,0.95123,1.12,1.00
2015.08.06 23:40:09.039,0.95108,0.95117,1.00,1.00
2015.08.06 23:40:09.141,0.95106,0.95116,1.00,1.00
2015.08.06 23:40:09.192,0.95106,0.95112,1.00,1.00
2015.08.06 23:40:09.243,0.95101,0.95112,1.87,1.00
2015.08.06 23:40:09.446,0.95101,0.95114,1.00,1.00
2015.08.06 23:40:09.547,0.95099,0.95112,1.50,1.00
2015.08.06 23:40:10.511,0.95099,0.95112,1.50,1.00
2015.08.06 23:40:10.665,0.95101,0.95114,1.12,1.00
2015.08.06 23:40:10.819,0.951,0.95114,3.37,1.00
2015.08.06 23:40:10.971,0.95101,0.95116,1.50,1.00
2015.08.06 23:40:12.613,0.95102,0.95116,2.25,1.00
2015.08.06 23:40:13.328,0.95102,0.95116,1.50,1.00
2015.08.06 23:40:13.746,0.95102,0.95116,3.00,1.00
2015.08.06 23:40:14.253,0.95105,0.95116,1.12,1.00
2015.08.06 23:40:14.758,0.95104,0.95116,1.37,1.00
2015.08.06 23:40:15.523,0.95103,0.95116,3.00,1.00
2015.08.06 23:40:15.625,0.95103,0.95119,1.50,1.12
2015.08.06 23:40:15.828,0.95103,0.95115,1.37,1.00
2015.08.06 23:40:15.930,0.95103,0.95115,1.12,1.00
2015.08.06 23:40:16.134,0.95099,0.95113,2.25,1.00
2015.08.06 23:40:17.045,0.95097,0.95113,2.25,1.87
2015.08.06 23:40:17.626,0.95097,0.95113,2.25,1.50
2015.08.06 23:40:18.931,0.951,0.95115,1.00,1.12
2015.08.06 23:40:18.982,0.951,0.95115,2.62,1.00
2015.08.06 23:40:19.286,0.95099,0.95113,2.25,1.00
2015.08.06 23:40:19.795,0.951,0.95113,1.37,1.00
2015.08.06 23:40:22.698,0.951,0.95112,1.37,1.00
2015.08.06 23:40:23.003,0.95101,0.95112,1.37,1.00
2015.08.06 23:40:23.369,0.95101,0.95117,1.37,1.00
2015.08.06 23:40:23.604,0.95101,0.95113,1.37,1.00
2015.08.06 23:40:23.655,0.95101,0.95113,1.12,1.00
2015.08.06 23:40:24.227,0.951,0.95113,1.37,1.00
2015.08.06 23:40:25.583,0.95098,0.95115,1.37,1.12
2015.08.06 23:40:33.670,0.95098,0.95115,1.37,1.00
2015.08.06 23:40:34.250,0.95098,0.95115,1.37,1.12
2015.08.06 23:40:43.685,0.95098,0.95115,1.37,1.37
2015.08.06 23:40:49.637,0.95097,0.95113,1.87,1.00
2015.08.06 23:40:53.701,0.95097,0.95113,2.25,1.12
2015.08.06 23:41:00.342,0.95096,0.95113,2.25,1.87
2015.08.06 23:41:00.953,0.95097,0.95113,1.87,1.50
2015.08.06 23:41:07.503,0.95096,0.95113,3.37,1.50
2015.08.06 23:41:12.529,0.95098,0.95113,1.37,1.00
2015.08.06 23:41:24.751,0.95098,0.95113,1.87,1.00
2015.08.06 23:41:29.421,0.95097,0.95113,3.00,1.87
2015.08.06 23:41:29.573,0.95096,0.95111,1.87,1.00
2015.08.06 23:41:29.675,0.95096,0.95111,1.12,1.37
2015.08.06 23:41:29.777,0.95093,0.95108,1.50,1.00
2015.08.06 23:41:29.828,0.95093,0.95104,1.50,1.00
2015.08.06 23:41:29.980,0.9509,0.95104,1.12,1.00
2015.08.06 23:41:30.283,0.95088,0.95104,1.12,1.00
2015.08.06 23:41:30.587,0.95089,0.95104,1.37,1.00
2015.08.06 23:41:30.739,0.95089,0.95107,2.25,1.00
2015.08.06 23:41:31.283,0.95092,0.95106,1.00,1.00
2015.08.06 23:41:31.687,0.9509,0.95106,1.50,1.00
2015.08.06 23:41:31.991,0.9509,0.95102,1.00,1.00
2015.08.06 23:41:32.584,0.95089,0.95102,1.12,1.00
2015.08.06 23:41:33.261,0.9509,0.95102,1.00,1.00
2015.08.06 23:41:37.906,0.95089,0.95102,1.87,1.00
2015.08.06 23:41:39.928,0.95089,0.95102,1.87,1.00
2015.08.06 23:41:42.785,0.95089,0.95102,1.12,1.00
2015.08.06 23:41:43.427,0.95089,0.95102,1.37,1.00
2015.08.06 23:41:44.688,0.95089,0.95102,1.37,1.00
2015.08.06 23:41:47.433,0.95088,0.95102,1.50,1.00
2015.08.06 23:41:47.946,0.95086,0.95102,2.25,1.00
2015.08.06 23:41:48.404,0.95085,0.951,1.37,1.00
2015.08.06 23:41:52.920,0.95085,0.951,1.75,1.12
2015.08.06 23:41:53.425,0.95086,0.95101,1.37,1.00
2015.08.06 23:41:53.805,0.95086,0.95101,1.37,1.00
2015.08.06 23:41:54.654,0.95087,0.95101,1.50,1.00
2015.08.06 23:41:55.161,0.95087,0.95101,3.75,1.00
2015.08.06 23:41:56.614,0.95088,0.95101,1.87,1.00
2015.08.06 23:41:58.146,0.95088,0.95101,1.87,1.00
2015.08.06 23:42:01.529,0.95087,0.95101,2.62,1.00
2015.08.06 23:42:01.631,0.95087,0.95101,1.87,1.00
2015.08.06 23:42:01.834,0.95085,0.95101,1.12,1.12
2015.08.06 23:42:01.986,0.95083,0.95098,1.37,1.00
2015.08.06 23:42:02.492,0.95081,0.95098,1.37,1.00
2015.08.06 23:42:09.116,0.95082,0.951,1.87,1.00
2015.08.06 23:42:11.477,0.95083,0.951,1.37,1.00
2015.08.06 23:42:15.646,0.95082,0.951,1.87,1.00
2015.08.06 23:42:16.416,0.95082,0.951,1.87,1.12
2015.08.06 23:42:22.574,0.95086,0.951,1.00,1.00
2015.08.06 23:42:22.878,0.95088,0.95102,1.37,1.00
2015.08.06 23:42:23.383,0.95088,0.95103,1.87,1.00
2015.08.06 23:42:33.031,0.95092,0.95103,1.00,1.00
2015.08.06 23:42:33.183,0.95092,0.95106,1.50,1.00
2015.08.06 23:42:33.234,0.95092,0.95108,1.87,1.12
2015.08.06 23:42:33.487,0.95091,0.95105,1.37,1.00
2015.08.06 23:42:33.791,0.95089,0.95103,1.50,1.00
2015.08.06 23:42:35.556,0.95091,0.95103,1.87,1.00
2015.08.06 23:42:35.658,0.95092,0.95107,1.12,1.00
2015.08.06 23:42:35.709,0.95092,0.95107,1.50,1.00
2015.08.06 23:42:36.214,0.95093,0.95107,1.00,1.50
2015.08.06 23:42:36.739,0.95092,0.95107,2.25,1.00
2015.08.06 23:42:40.287,0.95093,0.95107,1.00,1.00
2015.08.06 23:42:48.599,0.95092,0.95107,2.25,1.00
2015.08.06 23:42:52.134,0.95093,0.95105,1.50,1.00
2015.08.06 23:42:52.366,0.95099,0.95113,1.00,1.37
2015.08.06 23:42:52.417,0.95099,0.95113,1.12,1.00
2015.08.06 23:42:52.772,0.95099,0.95117,2.62,1.50
2015.08.06 23:42:53.007,0.951,0.95117,1.50,1.50
2015.08.06 23:42:54.175,0.95104,0.95117,1.00,1.50
2015.08.06 23:42:54.625,0.95104,0.95117,1.37,1.00
2015.08.06 23:42:55.700,0.95104,0.95119,1.50,1.00
2015.08.06 23:42:56.626,0.95104,0.95119,1.50,1.00
2015.08.06 23:42:58.213,0.95103,0.95116,1.12,1.00
2015.08.06 23:42:58.314,0.95102,0.95116,2.25,1.00
2015.08.06 23:42:59.174,0.951,0.95114,1.50,1.00
2015.08.06 23:42:59.679,0.95098,0.95114,1.37,1.00
2015.08.06 23:43:00.852,0.95098,0.95114,1.37,1.00
2015.08.06 23:43:01.617,0.95098,0.95114,1.37,1.37
2015.08.06 23:43:02.268,0.95099,0.95114,1.37,1.00
2015.08.06 23:43:04.326,0.95102,0.95114,1.00,1.00
2015.08.06 23:43:04.731,0.95102,0.95116,1.87,1.00
2015.08.06 23:43:09.434,0.95102,0.95116,1.37,1.00
2015.08.06 23:43:13.944,0.95102,0.95116,1.37,1.00
2015.08.06 23:43:14.500,0.95102,0.95116,1.87,1.00
2015.08.06 23:43:15.774,0.95102,0.95116,1.37,1.00
2015.08.06 23:43:20.555,0.95102,0.95116,1.00,1.50
2015.08.06 23:43:20.606,0.951,0.95113,1.00,1.37
2015.08.06 23:43:20.709,0.951,0.95114,1.00,1.00
2015.08.06 23:43:20.760,0.95102,0.95114,1.00,1.12
2015.08.06 23:43:20.862,0.951,0.95114,1.00,1.37
2015.08.06 23:43:21.389,0.95099,0.95114,1.50,1.37
2015.08.06 23:43:28.573,0.95099,0.9511,1.50,1.00
2015.08.06 23:43:28.725,0.95096,0.9511,1.50,1.00
2015.08.06 23:43:28.927,0.95094,0.95109,1.00,1.00
2015.08.06 23:43:29.231,0.95092,0.95108,1.00,1.00
2015.08.06 23:43:29.723,0.95091,0.95106,1.50,1.00
2015.08.06 23:43:30.077,0.95091,0.95109,2.25,1.00
2015.08.06 23:43:30.229,0.95092,0.95107,1.12,1.00
2015.08.06 23:43:31.328,0.95092,0.95108,1.12,1.00
2015.08.06 23:43:31.784,0.95091,0.95105,2.25,1.00
2015.08.06 23:43:45.782,0.95092,0.95105,1.37,1.00
2015.08.06 23:43:54.726,0.95093,0.95105,1.37,1.00
2015.08.06 23:44:03.036,0.95093,0.95105,1.12,1.00
2015.08.06 23:44:03.558,0.95092,0.95105,1.12,1.00
2015.08.06 23:44:08.058,0.95093,0.95105,1.00,1.00
2015.08.06 23:44:10.342,0.95092,0.95105,1.12,1.00
2015.08.06 23:44:11.933,0.95092,0.95105,2.25,1.00
2015.08.06 23:44:12.237,0.95095,0.95105,1.00,1.00
2015.08.06 23:44:13.108,0.95093,0.95105,1.87,1.00
2015.08.06 23:44:15.147,0.95092,0.95105,2.62,1.00
2015.08.06 23:44:20.557,0.95095,0.95105,1.00,1.00
2015.08.06 23:44:20.609,0.95096,0.95108,1.00,1.00
2015.08.06 23:44:20.710,0.95095,0.95106,1.00,1.00
2015.08.06 23:44:20.912,0.95092,0.95106,1.87,1.12
2015.08.06 23:44:21.453,0.95092,0.95106,3.37,1.12
2015.08.06 23:44:21.554,0.95092,0.95103,2.62,1.00
2015.08.06 23:44:23.044,0.95091,0.95103,1.87,1.50
2015.08.06 23:44:24.884,0.95091,0.95103,1.37,1.50
2015.08.06 23:44:33.076,0.95091,0.95103,1.37,1.50
2015.08.06 23:44:34.427,0.9509,0.95103,2.62,1.50
2015.08.06 23:44:38.332,0.95092,0.95103,1.37,1.50
2015.08.06 23:44:45.203,0.9509,0.95103,2.62,1.50
2015.08.06 23:44:47.623,0.9509,0.95103,1.87,1.87
2015.08.06 23:44:48.128,0.95088,0.95103,3.00,1.87
2015.08.06 23:44:55.619,0.9509,0.95102,1.37,1.12
2015.08.06 23:44:59.693,0.9509,0.95103,1.00,1.87
2015.08.06 23:45:08.638,0.9509,0.95103,1.87,1.00
2015.08.06 23:45:08.789,0.95093,0.95103,1.00,1.00
2015.08.06 23:45:09.318,0.95093,0.95103,1.37,1.00
2015.08.06 23:45:12.357,0.95093,0.95102,1.87,1.00
2015.08.06 23:45:12.965,0.95093,0.95103,1.37,1.00
2015.08.06 23:45:18.343,0.95093,0.95105,1.37,1.37
2015.08.06 23:45:18.997,0.95093,0.95103,1.37,1.00
2015.08.06 23:45:20.305,0.95093,0.95105,1.87,1.00
2015.08.06 23:45:21.058,0.95093,0.95103,1.37,1.00
2015.08.06 23:45:21.400,0.95093,0.95105,1.37,1.00
2015.08.06 23:45:44.035,0.95093,0.95102,1.37,1.00
2015.08.06 23:45:45.575,0.95093,0.95105,1.87,1.00
2015.08.06 23:45:46.125,0.95093,0.95103,1.37,1.00
2015.08.06 23:45:46.378,0.95093,0.95105,1.37,1.00
2015.08.06 23:45:46.581,0.95093,0.95103,1.37,1.00
2015.08.06 23:45:47.555,0.95093,0.95105,1.37,1.00
2015.08.06 23:45:48.106,0.95093,0.95102,1.37,1.00
2015.08.06 23:45:49.568,0.95093,0.95105,1.37,1.00
2015.08.06 23:45:50.085,0.95093,0.95103,1.37,1.00
2015.08.06 23:45:51.625,0.95093,0.95105,1.37,1.00
2015.08.06 23:45:52.065,0.95093,0.95103,1.37,1.00
2015.08.06 23:45:52.983,0.95092,0.95103,1.87,1.00
2015.08.06 23:45:53.565,0.95093,0.95103,1.37,1.00
2015.08.06 23:45:54.267,0.95093,0.95105,1.87,1.00
2015.08.06 23:45:54.722,0.95093,0.95108,1.87,1.87
2015.08.06 23:45:55.232,0.95094,0.95106,1.12,1.12
2015.08.06 23:46:00.681,0.95093,0.95106,1.37,1.00
2015.08.06 23:46:00.987,0.95095,0.95107,1.87,1.00
2015.08.06 23:46:01.291,0.95098,0.95108,1.50,1.00
2015.08.06 23:46:01.443,0.95099,0.9511,1.37,1.00
2015.08.06 23:46:01.797,0.95101,0.9511,1.37,1.00
2015.08.06 23:46:02.011,0.95101,0.95113,1.37,1.50
2015.08.06 23:46:03.991,0.95103,0.95113,1.37,1.00
2015.08.06 23:46:04.193,0.95104,0.95117,2.62,1.00
2015.08.06 23:46:04.749,0.95106,0.95117,1.87,1.00
2015.08.06 23:46:05.003,0.95107,0.95119,1.87,1.00
2015.08.06 23:46:05.155,0.95108,0.95121,1.37,1.12
2015.08.06 23:46:06.214,0.95109,0.95121,2.62,1.00
2015.08.06 23:46:06.417,0.95111,0.95121,1.37,1.00
2015.08.06 23:46:06.721,0.95114,0.95127,1.37,1.00
2015.08.06 23:46:07.250,0.95114,0.95127,1.50,1.50
2015.08.06 23:46:07.668,0.95115,0.95127,1.87,1.00
2015.08.06 23:46:07.770,0.95116,0.95128,1.50,1.00
2015.08.06 23:46:08.591,0.95115,0.95128,1.00,1.12
2015.08.06 23:46:09.346,0.95115,0.95127,1.00,1.00
2015.08.06 23:46:09.870,0.95115,0.95128,1.00,1.12
2015.08.06 23:46:10.496,0.95114,0.95128,1.75,1.00
2015.08.06 23:46:10.648,0.95115,0.9513,1.37,1.00
2015.08.06 23:46:10.699,0.95115,0.9513,1.50,1.12
2015.08.06 23:46:10.907,0.95118,0.9513,1.00,1.37
2015.08.06 23:46:11.161,0.95115,0.9513,1.12,1.12
2015.08.06 23:46:11.363,0.95118,0.95128,1.00,1.00
2015.08.06 23:46:11.465,0.95114,0.95126,1.37,1.00
2015.08.06 23:46:11.516,0.95114,0.95122,1.37,1.00
2015.08.06 23:46:11.568,0.95109,0.95122,1.37,1.00
2015.08.06 23:46:11.669,0.95109,0.9512,1.87,1.00
2015.08.06 23:46:11.720,0.95109,0.95122,1.87,1.00
2015.08.06 23:46:11.772,0.95112,0.95122,1.00,1.00
2015.08.06 23:46:12.162,0.95109,0.95123,1.50,1.00
2015.08.06 23:46:12.768,0.95107,0.95123,1.12,1.50
2015.08.06 23:46:13.021,0.95105,0.95121,1.12,1.00
2015.08.06 23:46:13.072,0.95104,0.95121,2.25,1.00
2015.08.06 23:46:13.607,0.95102,0.95121,1.87,1.00
2015.08.06 23:46:13.658,0.95102,0.95118,1.12,1.00
2015.08.06 23:46:17.305,0.95102,0.95117,1.12,1.00
2015.08.06 23:46:20.477,0.95101,0.95117,1.00,1.50
2015.08.06 23:46:25.342,0.951,0.95117,1.50,1.37
2015.08.06 23:46:25.392,0.95102,0.95117,1.37,1.37
2015.08.06 23:46:25.838,0.95103,0.95118,1.87,1.37
2015.08.06 23:46:29.840,0.95103,0.95117,1.50,1.00
2015.08.06 23:46:30.349,0.95099,0.95116,1.50,1.00
2015.08.06 23:46:32.446,0.95099,0.95116,2.62,1.12
2015.08.06 23:46:32.947,0.95099,0.95115,1.87,1.00
2015.08.06 23:46:38.365,0.95099,0.95115,1.37,1.12
2015.08.06 23:46:39.825,0.95101,0.95115,1.37,1.12
2015.08.06 23:46:39.926,0.95102,0.95117,1.50,1.12
2015.08.06 23:46:40.280,0.95103,0.95117,1.37,1.00
2015.08.06 23:46:50.326,0.95103,0.95117,1.87,1.00
2015.08.06 23:46:53.603,0.95103,0.95117,1.87,1.00
2015.08.06 23:47:03.649,0.95103,0.95117,2.25,1.00
2015.08.06 23:47:10.853,0.95104,0.95117,1.00,1.00
2015.08.06 23:47:15.569,0.95104,0.95117,1.37,1.00
2015.08.06 23:47:21.074,0.95106,0.95117,1.00,1.00
2015.08.06 23:47:21.582,0.95107,0.95117,1.00,1.00
2015.08.06 23:47:21.634,0.95105,0.95117,1.12,1.00
2015.08.06 23:47:25.282,0.95105,0.95117,2.62,1.00
2015.08.06 23:47:28.095,0.95105,0.95117,1.87,1.00
2015.08.06 23:47:28.197,0.95108,0.95119,1.00,1.00
2015.08.06 23:47:28.416,0.95108,0.95121,1.50,1.12
2015.08.06 23:47:29.150,0.9511,0.95121,1.00,1.12
2015.08.06 23:47:31.016,0.95109,0.95121,1.00,1.12
2015.08.06 23:47:32.660,0.95111,0.95123,1.00,1.37
2015.08.06 23:47:32.711,0.95111,0.95123,1.00,1.00
2015.08.06 23:47:33.242,0.95112,0.95125,1.00,1.37
2015.08.06 23:47:34.715,0.95111,0.95125,1.50,1.37
2015.08.06 23:47:36.401,0.95112,0.95125,1.00,1.37
2015.08.06 23:47:37.070,0.95111,0.95125,1.50,1.37
2015.08.06 23:47:37.579,0.95112,0.95125,1.00,1.37
2015.08.06 23:47:38.413,0.95112,0.95125,1.00,1.37
2015.08.06 23:47:38.919,0.95112,0.95125,1.00,1.37
2015.08.06 23:47:43.317,0.95112,0.95125,1.00,1.37
2015.08.06 23:47:44.397,0.95112,0.95125,1.00,1.37
2015.08.06 23:47:44.948,0.95112,0.95125,1.00,1.12
2015.08.06 23:47:45.702,0.95112,0.95125,1.00,1.37
2015.08.06 23:47:48.426,0.95112,0.95125,1.00,1.12
2015.08.06 23:47:49.070,0.95112,0.95125,1.00,1.37
2015.08.06 23:47:49.677,0.95112,0.95125,1.00,1.37
2015.08.06 23:47:59.400,0.95111,0.95125,1.00,1.37
2015.08.06 23:48:00.237,0.95111,0.95125,1.00,1.37
2015.08.06 23:48:02.637,0.95111,0.95125,1.00,1.37
2015.08.06 23:48:07.834,0.9511,0.95123,1.00,1.12
2015.08.06 23:48:08.521,0.95111,0.95125,1.00,1.37
2015.08.06 23:48:09.291,0.9511,0.95125,1.00,1.37
2015.08.06 23:48:09.804,0.95111,0.95125,1.00,1.37
2015.08.06 23:48:12.663,0.95113,0.95125,1.00,1.37
2015.08.06 23:48:15.083,0.95112,0.95125,1.00,1.37
2015.08.06 23:48:22.342,0.95111,0.95123,1.00,1.12
2015.08.06 23:48:24.898,0.95112,0.95123,1.00,1.12
2015.08.06 23:48:24.999,0.9511,0.95123,1.00,1.12
2015.08.06 23:48:25.526,0.95111,0.95123,1.00,1.12
2015.08.06 23:48:26.184,0.95111,0.95123,1.00,1.37
2015.08.06 23:48:27.096,0.95111,0.95123,1.00,1.12
2015.08.06 23:48:27.601,0.95112,0.95123,1.00,1.37
2015.08.06 23:48:27.652,0.9511,0.95123,1.00,1.37
2015.08.06 23:48:28.288,0.95111,0.95123,1.00,1.37
2015.08.06 23:48:29.823,0.9511,0.95123,1.12,1.37
2015.08.06 23:48:30.965,0.95111,0.95123,1.00,1.37
2015.08.06 23:48:31.467,0.95112,0.95123,1.00,1.37
2015.08.06 23:48:31.970,0.95111,0.95123,1.00,1.37
2015.08.06 23:48:32.493,0.95112,0.95123,1.00,1.37
2015.08.06 23:48:33.892,0.95111,0.95123,1.00,1.37
2015.08.06 23:48:34.406,0.95112,0.95123,1.00,1.37
2015.08.06 23:48:34.683,0.9511,0.95123,1.00,1.37
2015.08.06 23:48:35.202,0.95111,0.95123,1.00,1.37
2015.08.06 23:48:37.722,0.95111,0.95123,1.00,1.37
2015.08.06 23:48:39.833,0.95111,0.95123,1.00,1.37
2015.08.06 23:48:41.412,0.95111,0.95123,1.00,1.37
2015.08.06 23:48:41.985,0.95111,0.95123,1.00,1.37
2015.08.06 23:48:44.168,0.9511,0.95123,1.00,1.37
2015.08.06 23:48:52.483,0.95111,0.95123,1.00,1.37
2015.08.06 23:48:55.025,0.95113,0.95123,1.00,1.37
2015.08.06 23:48:55.379,0.95115,0.95123,1.00,1.00
2015.08.06 23:48:55.955,0.95115,0.95127,1.00,1.37
2015.08.06 23:48:56.506,0.95116,0.95128,1.00,1.37
2015.08.06 23:48:56.607,0.95118,0.95129,1.00,1.37
2015.08.06 23:49:00.362,0.95118,0.95129,1.50,1.37
2015.08.06 23:49:02.232,0.95117,0.95128,1.00,1.37
2015.08.06 23:49:03.146,0.95117,0.95128,1.00,1.37
2015.08.06 23:49:03.198,0.95115,0.95128,1.50,1.37
2015.08.06 23:49:03.859,0.95114,0.95122,1.50,1.00
2015.08.06 23:49:04.011,0.95112,0.95121,1.12,1.00
2015.08.06 23:49:04.113,0.95108,0.95121,1.12,1.00
2015.08.06 23:49:04.164,0.95107,0.95119,1.50,1.00
2015.08.06 23:49:04.676,0.95106,0.95118,1.87,1.00
2015.08.06 23:49:06.316,0.95107,0.95116,1.00,1.00
2015.08.06 23:49:06.864,0.95106,0.95116,1.00,1.00
2015.08.06 23:49:07.016,0.95104,0.95116,1.00,1.00
2015.08.06 23:49:07.519,0.95103,0.95116,1.50,1.00
2015.08.06 23:49:08.218,0.95104,0.95116,1.00,1.00
2015.08.06 23:49:10.786,0.95105,0.95116,1.00,1.00
2015.08.06 23:49:18.486,0.95104,0.95116,1.00,1.00
2015.08.06 23:49:18.921,0.95103,0.95114,1.00,1.00
2015.08.06 23:49:19.174,0.95101,0.95113,1.00,1.00
2015.08.06 23:49:19.427,0.951,0.95111,1.12,1.00
2015.08.06 23:49:19.943,0.95099,0.95111,1.00,1.00
2015.08.06 23:49:24.513,0.951,0.95111,1.00,1.00
2015.08.06 23:49:26.043,0.95099,0.95111,1.00,1.00
2015.08.06 23:49:32.506,0.95099,0.95111,1.00,1.37
2015.08.06 23:49:33.045,0.95098,0.95111,1.12,1.37
2015.08.06 23:49:33.631,0.95099,0.95111,1.00,1.37
2015.08.06 23:49:34.744,0.95098,0.95111,1.00,1.37
2015.08.06 23:49:35.337,0.95099,0.95111,1.00,1.37
2015.08.06 23:49:41.112,0.95099,0.95111,1.00,1.12
2015.08.06 23:49:45.032,0.95099,0.95111,1.00,1.37
2015.08.06 23:49:50.925,0.95099,0.95108,1.00,1.00
2015.08.06 23:49:51.563,0.95099,0.95107,1.00,1.00
2015.08.06 23:49:53.343,0.95099,0.95111,1.00,1.37
2015.08.06 23:49:54.852,0.95098,0.95111,1.00,1.37
2015.08.06 23:49:55.393,0.95099,0.95108,1.00,1.00
2015.08.06 23:50:00.928,0.95098,0.95108,1.00,1.12
2015.08.06 23:50:01.223,0.95096,0.95111,1.00,1.37
2015.08.06 23:50:01.752,0.95096,0.95107,1.00,1.00
2015.08.06 23:50:02.883,0.95094,0.95107,1.87,1.00
2015.08.06 23:50:04.312,0.95095,0.95107,1.00,1.00
2015.08.06 23:50:04.860,0.95094,0.95107,1.87,1.00
2015.08.06 23:50:05.302,0.95096,0.95107,1.00,1.00
2015.08.06 23:50:09.281,0.95097,0.95107,1.00,1.00
2015.08.06 23:50:11.164,0.95098,0.95107,1.00,1.00
2015.08.06 23:50:52.271,0.95099,0.95107,1.00,1.00
2015.08.06 23:51:01.703,0.95099,0.95113,1.00,1.37
2015.08.06 23:51:02.303,0.95099,0.95113,1.12,1.37
2015.08.06 23:51:02.922,0.95099,0.95113,1.00,1.37
2015.08.06 23:51:11.711,0.95099,0.95113,1.00,1.00
2015.08.06 23:51:13.433,0.95099,0.95113,1.00,1.37
2015.08.06 23:51:15.438,0.95099,0.95113,1.00,1.37
2015.08.06 23:51:19.871,0.95099,0.95113,1.00,1.00
2015.08.06 23:51:23.954,0.95099,0.95113,1.12,1.37
2015.08.06 23:51:27.081,0.95097,0.95112,1.87,1.37
2015.08.06 23:51:27.423,0.95097,0.9511,1.37,1.37
2015.08.06 23:51:28.075,0.95097,0.9511,1.00,1.37
2015.08.06 23:51:35.183,0.95097,0.95112,1.37,1.87
2015.08.06 23:51:42.504,0.95097,0.95112,1.00,1.87
2015.08.06 23:51:47.206,0.95096,0.95111,1.12,1.37
2015.08.06 23:51:48.089,0.95096,0.95111,1.00,1.37
2015.08.06 23:51:49.192,0.95096,0.95112,1.00,1.37
2015.08.06 23:51:49.495,0.95097,0.9511,1.00,1.50
2015.08.06 23:51:49.698,0.95095,0.95107,1.00,1.37
2015.08.06 23:51:50.217,0.95094,0.95105,1.12,1.12
2015.08.06 23:51:51.022,0.95095,0.95105,1.00,1.12
2015.08.06 23:51:55.273,0.95097,0.95105,1.00,1.12
2015.08.06 23:51:56.140,0.95095,0.95105,1.00,1.12
2015.08.06 23:52:01.798,0.95098,0.95105,1.00,1.12
2015.08.06 23:52:01.849,0.95098,0.95107,1.00,1.00
2015.08.06 23:52:02.661,0.95097,0.95107,1.00,1.12
2015.08.06 23:52:04.087,0.95096,0.95107,1.00,1.12
2015.08.06 23:52:04.189,0.95098,0.95107,1.00,1.12
2015.08.06 23:52:05.427,0.951,0.95107,1.00,1.00
2015.08.06 23:52:05.579,0.951,0.9511,1.00,1.00
2015.08.06 23:52:06.677,0.95099,0.9511,1.00,1.00
2015.08.06 23:52:09.647,0.95098,0.95107,1.50,1.00
2015.08.06 23:52:53.963,0.95096,0.95107,1.00,1.00
2015.08.06 23:52:54.923,0.95095,0.95107,1.50,1.00
2015.08.06 23:52:55.320,0.95097,0.95107,1.00,1.00
2015.08.06 23:52:55.771,0.95094,0.95106,1.12,1.37
2015.08.06 23:52:56.495,0.95092,0.95106,1.87,1.37
2015.08.06 23:52:57.047,0.95092,0.95106,1.87,1.37
2015.08.06 23:52:57.672,0.95093,0.95106,1.12,1.12
2015.08.06 23:52:59.298,0.95097,0.95106,1.00,1.12
2015.08.06 23:53:01.816,0.95098,0.95106,1.00,1.12
2015.08.06 23:53:03.600,0.95098,0.95108,1.00,1.00
2015.08.06 23:53:03.856,0.951,0.9511,1.00,1.12
2015.08.06 23:53:04.160,0.95102,0.9511,1.00,1.00
2015.08.06 23:53:04.464,0.951,0.9511,1.00,1.00
2015.08.06 23:53:04.616,0.95098,0.9511,1.12,1.00
2015.08.06 23:53:05.208,0.95098,0.9511,1.37,1.00
2015.08.06 23:53:05.714,0.95101,0.9511,1.00,1.00
2015.08.06 23:53:05.917,0.95101,0.95112,1.00,1.00
2015.08.06 23:53:06.422,0.95101,0.95114,1.00,1.00
2015.08.06 23:53:06.473,0.95101,0.95112,1.00,1.00
2015.08.06 23:53:07.948,0.95102,0.95112,1.00,1.00
2015.08.06 23:53:13.843,0.95101,0.95112,1.00,1.12
2015.08.06 23:53:16.605,0.95101,0.95112,1.00,1.37
2015.08.06 23:53:17.128,0.951,0.95112,1.00,1.37
2015.08.06 23:53:17.679,0.95099,0.95112,1.00,1.37
2015.08.06 23:53:18.214,0.95098,0.95112,1.00,1.37
2015.08.06 23:53:23.107,0.95098,0.95112,1.00,1.37
2015.08.06 23:53:23.848,0.951,0.95112,1.00,1.37
2015.08.06 23:53:27.720,0.951,0.95112,1.00,1.37
2015.08.06 23:53:38.057,0.95098,0.95112,1.00,1.37
2015.08.06 23:53:38.429,0.95098,0.95112,1.12,1.37
2015.08.06 23:53:39.270,0.95099,0.95112,1.00,1.37
2015.08.06 23:53:41.118,0.95098,0.95112,1.12,1.37
2015.08.06 23:53:41.639,0.95098,0.95112,1.00,1.37
2015.08.06 23:53:43.980,0.95098,0.95112,1.00,1.37
2015.08.06 23:53:46.646,0.95098,0.95112,1.50,1.37
2015.08.06 23:53:53.439,0.95099,0.95112,1.00,1.37
2015.08.06 23:53:55.081,0.95099,0.95112,1.00,1.37
2015.08.06 23:53:55.284,0.95098,0.95112,1.00,1.37
2015.08.06 23:53:55.386,0.95097,0.95107,1.00,1.00
2015.08.06 23:53:55.604,0.95095,0.95107,1.50,1.12
2015.08.06 23:53:55.810,0.95094,0.95107,1.00,1.37
2015.08.06 23:53:56.332,0.95093,0.95105,1.00,1.00
2015.08.06 23:54:00.448,0.95094,0.95107,1.00,1.00
2015.08.06 23:54:00.600,0.95094,0.95104,1.87,1.00
2015.08.06 23:54:00.955,0.95093,0.95104,2.25,1.00
2015.08.06 23:54:01.056,0.95095,0.95104,1.00,1.00
2015.08.06 23:54:01.511,0.95093,0.95104,1.12,1.00
2015.08.06 23:54:02.038,0.95091,0.95104,1.12,1.37
2015.08.06 23:54:02.291,0.9509,0.95102,1.12,1.37
2015.08.06 23:54:04.885,0.95092,0.95102,1.00,1.00
2015.08.06 23:54:05.401,0.95091,0.95102,1.00,1.12
2015.08.06 23:54:06.499,0.95091,0.95102,1.37,1.00
2015.08.06 23:54:06.803,0.95094,0.95104,1.37,1.00
2015.08.06 23:54:07.208,0.95096,0.95107,1.12,1.00
2015.08.06 23:54:07.522,0.95098,0.95107,1.00,1.00
2015.08.06 23:54:07.775,0.95098,0.95109,1.00,1.00
2015.08.06 23:54:07.877,0.951,0.95109,1.00,1.00
2015.08.06 23:54:15.231,0.95099,0.95109,1.00,1.00
2015.08.06 23:54:15.694,0.95097,0.95109,1.50,1.00
2015.08.06 23:54:15.897,0.95095,0.95109,1.12,1.00
2015.08.06 23:54:16.130,0.95097,0.95109,1.00,1.00
2015.08.06 23:54:16.646,0.95096,0.95109,1.12,1.00
2015.08.06 23:54:17.189,0.95097,0.95109,1.00,1.00
2015.08.06 23:54:18.049,0.95097,0.95107,1.00,1.00
2015.08.06 23:54:19.702,0.95097,0.95107,1.37,1.00
2015.08.06 23:54:20.934,0.95097,0.95107,1.00,1.00
2015.08.06 23:54:21.453,0.95096,0.95107,1.50,1.00
2015.08.06 23:54:21.986,0.95097,0.95107,1.00,1.00
2015.08.06 23:54:25.701,0.95098,0.95107,1.00,1.00
2015.08.06 23:54:27.648,0.95097,0.95107,1.00,1.00
2015.08.06 23:54:28.156,0.95098,0.95107,1.00,1.00
2015.08.06 23:54:31.642,0.95099,0.95107,1.00,1.00
2015.08.06 23:54:32.350,0.95099,0.95109,1.37,1.00
2015.08.06 23:54:32.502,0.95102,0.95109,1.00,1.00
2015.08.06 23:54:33.028,0.95101,0.95109,1.12,1.00
2015.08.06 23:54:33.079,0.95101,0.95112,1.12,1.00
2015.08.06 23:54:51.232,0.951,0.95112,1.12,1.00
2015.08.06 23:54:51.558,0.95098,0.95112,1.12,1.37
2015.08.06 23:54:52.067,0.95098,0.95112,1.00,1.00
2015.08.06 23:54:53.649,0.951,0.95112,1.00,1.12
2015.08.06 23:55:00.759,0.95102,0.95112,1.00,1.00
2015.08.06 23:55:01.218,0.951,0.95112,1.12,1.00
2015.08.06 23:55:01.268,0.95102,0.95112,1.00,1.00
2015.08.06 23:55:01.774,0.95103,0.95112,1.00,1.00
2015.08.06 23:55:02.533,0.95104,0.95112,1.00,1.00
2015.08.06 23:55:03.254,0.95103,0.95113,1.00,1.00
2015.08.06 23:55:05.047,0.95104,0.95113,1.00,1.00
2015.08.06 23:55:05.281,0.95102,0.95113,1.00,1.00
2015.08.06 23:55:06.634,0.95103,0.95113,1.00,1.00
2015.08.06 23:55:27.279,0.95102,0.95113,1.00,1.00
2015.08.06 23:55:29.291,0.95103,0.95113,1.00,1.00
2015.08.06 23:55:32.795,0.95102,0.95107,1.00,1.00
2015.08.06 23:55:32.847,0.95103,0.95108,1.00,1.00
2015.08.06 23:55:32.898,0.951,0.95105,1.00,1.00
2015.08.06 23:55:32.999,0.95094,0.95105,1.50,1.00
2015.08.06 23:55:33.380,0.95094,0.95103,1.00,1.00
2015.08.06 23:55:33.583,0.95092,0.95102,1.12,1.00
2015.08.06 23:55:34.140,0.9509,0.95102,1.12,1.00
2015.08.06 23:55:34.646,0.9509,0.95101,1.00,1.00
2015.08.06 23:55:34.747,0.95088,0.95101,1.00,1.00
2015.08.06 23:55:35.277,0.95087,0.951,1.00,1.50
2015.08.06 23:55:45.601,0.95087,0.95096,1.12,1.00
2015.08.06 23:55:45.753,0.95083,0.95097,1.12,1.00
2015.08.06 23:55:45.854,0.95082,0.95096,1.12,1.50
2015.08.06 23:55:46.057,0.95081,0.95092,1.12,1.00
2015.08.06 23:55:46.567,0.95082,0.95092,1.00,1.00
2015.08.06 23:55:48.016,0.95082,0.95095,1.00,1.00
2015.08.06 23:55:50.775,0.95081,0.95095,1.00,1.00
2015.08.06 23:55:51.989,0.95082,0.95095,1.00,1.00
2015.08.06 23:55:52.492,0.95081,0.95095,1.00,1.00
2015.08.06 23:55:52.543,0.95083,0.95095,1.00,1.00
2015.08.06 23:55:52.740,0.95081,0.95095,1.00,1.00
2015.08.06 23:55:53.440,0.95082,0.95095,1.00,1.00
2015.08.06 23:55:57.031,0.95083,0.95095,1.00,1.00
2015.08.06 23:56:00.346,0.95084,0.95095,1.00,1.00
2015.08.06 23:56:00.397,0.95084,0.95097,1.00,1.00
2015.08.06 23:56:00.549,0.95086,0.95097,1.00,1.00
2015.08.06 23:56:00.873,0.95087,0.95097,1.37,1.00
2015.08.06 23:56:00.927,0.95087,0.951,1.37,1.00
2015.08.06 23:56:02.354,0.95092,0.951,1.00,1.00
2015.08.06 23:56:02.506,0.95092,0.95106,2.62,1.00
2015.08.06 23:56:03.021,0.95095,0.95107,1.37,1.00
2015.08.06 23:56:03.628,0.95094,0.95105,1.50,1.00
2015.08.06 23:56:04.169,0.95095,0.95105,1.12,1.00
2015.08.06 23:56:09.346,0.95094,0.95105,1.12,1.00
2015.08.06 23:56:14.676,0.95094,0.95105,1.37,1.00
2015.08.06 23:56:18.273,0.95096,0.95105,1.50,1.00
2015.08.06 23:56:18.476,0.95099,0.9511,1.00,1.00
2015.08.06 23:56:18.628,0.95101,0.9511,1.87,1.00
2015.08.06 23:56:18.909,0.95105,0.95116,1.00,1.00
2015.08.06 23:56:19.421,0.95104,0.95117,1.00,1.00
2015.08.06 23:56:19.573,0.95104,0.95119,1.00,1.00
2015.08.06 23:56:20.222,0.95104,0.95119,1.37,1.37
2015.08.06 23:56:21.988,0.95104,0.95117,1.37,1.00
2015.08.06 23:56:25.208,0.95103,0.95117,1.37,1.12
2015.08.06 23:56:25.736,0.95103,0.95117,1.87,1.00
2015.08.06 23:56:26.946,0.95101,0.95117,2.62,1.12
2015.08.06 23:56:28.297,0.95105,0.95119,1.00,1.37
2015.08.06 23:56:28.550,0.95108,0.95124,1.37,1.37
2015.08.06 23:56:28.944,0.95107,0.95124,2.25,1.37
2015.08.06 23:56:29.147,0.95106,0.95121,1.87,1.37
2015.08.06 23:56:29.400,0.95104,0.95121,1.87,1.37
2015.08.06 23:56:30.057,0.95103,0.9512,1.00,1.37
2015.08.06 23:56:30.293,0.951,0.95111,1.12,1.00
2015.08.06 23:56:30.344,0.95099,0.95111,1.50,1.00
2015.08.06 23:56:30.850,0.95098,0.9511,1.50,1.00
2015.08.06 23:56:31.393,0.95098,0.95113,1.00,1.37
2015.08.06 23:56:32.005,0.95097,0.95113,1.00,1.37
2015.08.06 23:56:32.639,0.95097,0.95113,1.12,1.37
2015.08.06 23:56:33.848,0.95097,0.95113,1.00,1.37
2015.08.06 23:56:34.858,0.95097,0.95113,1.12,1.37
2015.08.06 23:56:35.473,0.95098,0.95113,1.00,1.37
2015.08.06 23:56:35.961,0.95098,0.95113,1.00,1.37
2015.08.06 23:56:37.078,0.95097,0.95113,1.12,1.37
2015.08.06 23:56:37.628,0.95098,0.95113,1.00,1.37
2015.08.06 23:56:41.700,0.95097,0.95113,1.12,1.37
2015.08.06 23:56:42.242,0.95098,0.95113,1.00,1.37
2015.08.06 23:56:42.933,0.95098,0.95112,1.00,1.37
2015.08.06 23:56:46.658,0.95098,0.95112,1.00,1.37
2015.08.06 23:56:49.514,0.95098,0.95112,1.00,1.00
2015.08.06 23:56:50.199,0.95099,0.95113,1.12,1.00
2015.08.06 23:56:52.061,0.95099,0.95113,1.37,1.50
2015.08.06 23:56:52.576,0.95101,0.95113,1.00,1.50
2015.08.06 23:56:53.183,0.95101,0.95113,1.50,1.00
2015.08.06 23:56:53.512,0.95105,0.95113,1.00,1.00
2015.08.06 23:56:54.019,0.95107,0.95113,1.00,1.00
2015.08.06 23:56:54.120,0.95105,0.95113,1.12,1.00
2015.08.06 23:56:54.476,0.95107,0.95113,1.00,1.00
2015.08.06 23:56:57.585,0.95107,0.95117,1.12,1.00
2015.08.06 23:56:57.647,0.95107,0.95119,1.12,1.00
2015.08.06 23:56:59.453,0.95107,0.95118,1.12,1.00
2015.08.06 23:57:03.338,0.95105,0.95118,1.37,1.00
2015.08.06 23:57:03.628,0.95104,0.95118,1.12,1.00
2015.08.06 23:57:04.134,0.95102,0.95118,1.37,1.00
2015.08.06 23:57:05.392,0.95103,0.95117,1.12,1.00
2015.08.06 23:57:10.954,0.95102,0.95118,1.37,1.12
2015.08.06 23:57:14.950,0.95103,0.95118,1.37,1.00
2015.08.06 23:57:16.501,0.95102,0.95118,1.37,1.00
2015.08.06 23:57:17.452,0.95102,0.95118,1.12,1.00
2015.08.06 23:57:19.255,0.95102,0.95118,1.37,1.00
2015.08.06 23:57:19.761,0.95104,0.95118,1.37,1.00
2015.08.06 23:57:21.359,0.95104,0.95118,1.12,1.00
2015.08.06 23:57:21.880,0.95104,0.95118,1.37,1.00
2015.08.06 23:57:22.660,0.95106,0.95118,1.00,1.00
2015.08.06 23:57:24.035,0.95105,0.95118,1.12,1.00
2015.08.06 23:57:26.187,0.95104,0.95118,1.37,1.00
2015.08.06 23:57:26.575,0.95104,0.95118,1.12,1.00
2015.08.06 23:57:26.790,0.95104,0.95118,1.37,1.00
2015.08.06 23:57:35.789,0.95104,0.95118,1.12,1.00
2015.08.06 23:57:36.308,0.95104,0.95118,1.37,1.00
2015.08.06 23:57:36.818,0.95104,0.95118,1.12,1.00
2015.08.06 23:57:41.399,0.95102,0.95118,1.37,1.00
2015.08.06 23:57:43.510,0.95103,0.95118,1.37,1.00
2015.08.06 23:57:47.163,0.95103,0.95118,1.12,1.00
2015.08.06 23:57:54.399,0.95105,0.95118,1.00,1.00
2015.08.06 23:57:55.429,0.95105,0.95118,1.37,1.00
2015.08.06 23:57:56.115,0.95106,0.95118,1.37,1.00
2015.08.06 23:57:56.636,0.95107,0.95117,1.12,1.00
2015.08.06 23:57:57.154,0.95107,0.95117,1.37,1.00
2015.08.06 23:57:57.844,0.95107,0.95117,1.37,1.00
2015.08.06 23:57:57.945,0.95107,0.95117,1.12,1.00
2015.08.06 23:58:08.876,0.95107,0.95117,1.37,1.00
2015.08.06 23:58:14.584,0.95106,0.95117,1.37,1.00
2015.08.06 23:58:15.108,0.95108,0.95117,1.00,1.00
2015.08.06 23:58:15.964,0.95106,0.95117,1.37,1.00
2015.08.06 23:58:16.218,0.95107,0.95117,1.37,1.00
2015.08.06 23:58:16.319,0.95109,0.95119,1.37,1.00
2015.08.06 23:58:16.839,0.9511,0.9512,1.12,1.00
2015.08.06 23:58:18.974,0.9511,0.9512,1.37,1.00
2015.08.06 23:58:25.104,0.95112,0.9512,1.37,1.00
2015.08.06 23:58:26.832,0.9511,0.9512,1.50,1.00
2015.08.06 23:58:27.910,0.9511,0.9512,1.37,1.00
2015.08.06 23:58:28.356,0.95108,0.9512,1.50,1.00
2015.08.06 23:58:28.862,0.95109,0.95119,1.00,1.00
2015.08.06 23:58:29.367,0.9511,0.95118,1.12,1.00
2015.08.06 23:58:29.877,0.9511,0.95119,1.37,1.00
2015.08.06 23:58:29.978,0.95111,0.95121,1.12,1.00
2015.08.06 23:58:31.366,0.95111,0.95121,1.37,1.00
2015.08.06 23:58:38.738,0.9511,0.95121,1.37,1.00
2015.08.06 23:58:39.471,0.9511,0.95121,1.12,1.00
2015.08.06 23:58:39.825,0.95112,0.95121,1.00,1.00
2015.08.06 23:58:47.194,0.9511,0.95121,1.00,1.00
2015.08.06 23:58:50.288,0.9511,0.95118,1.12,1.00
2015.08.06 23:58:50.477,0.95108,0.95118,1.12,1.00
2015.08.06 23:58:51.726,0.95106,0.95117,1.87,1.00
2015.08.06 23:58:51.827,0.95106,0.95119,1.87,1.00
2015.08.06 23:58:52.140,0.95109,0.95119,1.00,1.00
2015.08.06 23:58:52.646,0.95108,0.95119,1.12,1.00
2015.08.06 23:58:54.397,0.95107,0.95119,1.37,1.00
2015.08.06 23:58:54.599,0.95109,0.95121,1.37,1.00
2015.08.06 23:58:55.224,0.95111,0.95121,1.00,1.00
2015.08.06 23:59:01.625,0.95109,0.95121,1.12,1.00
2015.08.06 23:59:03.556,0.95109,0.95121,1.37,1.00
2015.08.06 23:59:11.248,0.95109,0.95121,1.00,1.37
2015.08.06 23:59:11.543,0.95104,0.95116,1.12,1.00
2015.08.06 23:59:12.049,0.95104,0.95115,1.12,1.00
2015.08.06 23:59:13.118,0.95106,0.95115,1.00,1.00
2015.08.06 23:59:13.445,0.95111,0.95121,1.37,1.00
2015.08.06 23:59:13.850,0.95114,0.95122,1.00,1.00
2015.08.06 23:59:14.053,0.95114,0.95124,1.00,1.00
2015.08.06 23:59:14.559,0.95114,0.95123,1.12,1.00
2015.08.06 23:59:14.993,0.95112,0.9512,1.37,1.00
2015.08.06 23:59:16.964,0.95112,0.9512,1.37,1.00
2015.08.06 23:59:17.558,0.95112,0.9512,1.12,1.00
2015.08.06 23:59:18.899,0.9511,0.9512,1.37,1.00
2015.08.06 23:59:19.001,0.95108,0.9512,1.37,1.00
2015.08.06 23:59:19.548,0.95108,0.9512,1.12,1.00
2015.08.06 23:59:19.918,0.95109,0.95118,1.00,1.00
2015.08.06 23:59:20.171,0.95107,0.95118,1.12,1.00
2015.08.06 23:59:23.756,0.95107,0.95118,1.37,1.00
2015.08.06 23:59:23.943,0.95107,0.9512,1.37,1.00
2015.08.06 23:59:27.262,0.95108,0.9512,1.37,1.00
2015.08.06 23:59:27.663,0.95108,0.9512,3.37,1.00
2015.08.06 23:59:27.765,0.95108,0.9512,1.50,1.00
2015.08.06 23:59:29.078,0.95109,0.9512,1.37,1.00
2015.08.06 23:59:29.180,0.95108,0.9512,1.50,1.00
2015.08.06 23:59:30.589,0.95108,0.9512,1.37,1.00
2015.08.06 23:59:30.792,0.95113,0.95125,1.37,1.00
2015.08.06 23:59:30.893,0.95114,0.95125,1.37,1.00
2015.08.06 23:59:31.298,0.95114,0.95125,1.37,1.00
2015.08.06 23:59:31.807,0.95114,0.95123,1.00,1.00
2015.08.06 23:59:31.858,0.9511,0.95123,1.37,1.00
2015.08.06 23:59:31.960,0.9511,0.95121,1.37,1.00
2015.08.06 23:59:32.011,0.95108,0.95121,1.12,1.00
2015.08.06 23:59:32.315,0.95106,0.95119,1.37,1.00
2015.08.06 23:59:33.023,0.95106,0.95119,1.37,1.00
2015.08.06 23:59:33.556,0.95107,0.95119,1.00,1.00
2015.08.06 23:59:38.922,0.95105,0.95118,1.00,1.00
2015.08.06 23:59:39.945,0.95105,0.95118,1.37,1.00
2015.08.06 23:59:40.321,0.95108,0.95119,1.50,1.00
2015.08.06 23:59:40.372,0.95108,0.95119,1.37,1.00
2015.08.06 23:59:40.844,0.95108,0.95119,1.00,1.00
2015.08.06 23:59:41.547,0.95109,0.95119,1.37,1.00
2015.08.06 23:59:41.598,0.95109,0.95121,1.37,1.00
2015.08.06 23:59:41.800,0.95108,0.95118,1.37,1.00
2015.08.06 23:59:41.851,0.95108,0.95118,1.37,1.00
2015.08.06 23:59:41.953,0.95109,0.95118,1.37,1.00
2015.08.06 23:59:42.670,0.95108,0.95118,2.25,1.00
