2013.08.02 10:00:00.374,0.95986,0.96,1.43,1.99
2013.08.02 10:00:00.935,0.95983,0.95999,1.43,2.29
2013.08.02 10:00:02.645,0.95983,0.95999,1.43,3.42
2013.08.02 10:00:05.446,0.95985,0.96,1.50,1.99
2013.08.02 10:00:06.013,0.95985,0.96,1.50,1.99
2013.08.02 10:00:08.584,0.95985,0.96,1.50,1.99
2013.08.02 10:00:08.704,0.95984,0.95999,1.43,2.07
2013.08.02 10:00:09.064,0.95985,0.95998,1.50,1.32
2013.08.02 10:00:09.384,0.95985,0.96,2.18,1.99
2013.08.02 10:00:11.814,0.95986,0.96003,1.43,3.42
2013.08.02 10:00:14.858,0.95987,0.96002,1.50,2.74
2013.08.02 10:00:16.184,0.95989,0.96001,1.13,1.54
2013.08.02 10:00:16.305,0.95992,0.96004,1.43,1.88
2013.08.02 10:00:16.545,0.95992,0.96008,2.48,2.44
2013.08.02 10:00:17.634,0.95992,0.96008,2.10,1.32
2013.08.02 10:00:17.755,0.95992,0.96009,2.10,1.92
2013.08.02 10:00:17.815,0.95992,0.96009,2.10,1.54
2013.08.02 10:00:18.135,0.95995,0.9601,1.13,1.35
2013.08.02 10:00:18.694,0.95996,0.96012,1.43,1.62
2013.08.02 10:00:19.235,0.95996,0.96013,2.67,1.62
2013.08.02 10:00:20.016,0.95996,0.96012,2.67,1.69
2013.08.02 10:00:20.554,0.95994,0.9601,2.18,2.67
2013.08.02 10:00:21.856,0.95994,0.96009,2.18,1.24
2013.08.02 10:00:23.564,0.95995,0.9601,1.50,1.54
2013.08.02 10:00:24.084,0.95996,0.96011,1.50,2.29
2013.08.02 10:00:24.384,0.95997,0.96013,1.43,2.29
2013.08.02 10:00:24.884,0.95998,0.96015,2.10,4.17
2013.08.02 10:00:25.194,0.96,0.96015,1.35,3.12
2013.08.02 10:00:29.885,0.96,0.96015,1.35,2.37
2013.08.02 10:00:30.794,0.96001,0.96015,1.43,1.62
2013.08.02 10:00:32.817,0.96002,0.96017,1.43,2.29
2013.08.02 10:00:33.354,0.96002,0.96018,1.43,3.79
2013.08.02 10:00:34.696,0.96002,0.96018,2.10,3.12
2013.08.02 10:00:35.416,0.96003,0.96018,2.10,1.69
2013.08.02 10:00:35.774,0.96004,0.9602,1.50,2.29
2013.08.02 10:00:36.074,0.96007,0.96022,1.35,1.62
2013.08.02 10:00:36.374,0.96006,0.96021,1.50,2.29
2013.08.02 10:00:36.924,0.96003,0.96019,2.37,1.92
2013.08.02 10:00:37.104,0.96003,0.96018,1.62,1.62
2013.08.02 10:00:37.344,0.96002,0.96017,2.10,1.54
2013.08.02 10:00:41.236,0.96001,0.96017,2.85,1.62
2013.08.02 10:00:41.538,0.96004,0.96021,1.43,2.37
2013.08.02 10:00:41.596,0.96004,0.96021,1.62,1.62
2013.08.02 10:00:42.184,0.96008,0.96023,1.35,1.69
2013.08.02 10:00:44.654,0.96008,0.96022,1.43,1.62
2013.08.02 10:00:45.985,0.96008,0.96021,1.50,1.62
2013.08.02 10:00:46.104,0.96008,0.96022,1.35,1.54
2013.08.02 10:00:46.165,0.96006,0.96022,2.18,1.54
2013.08.02 10:00:46.225,0.96009,0.96025,1.35,3.04
2013.08.02 10:00:46.924,0.96009,0.96025,2.10,2.29
2013.08.02 10:00:48.024,0.96009,0.96025,2.10,1.54
2013.08.02 10:00:49.658,0.96009,0.96025,2.10,3.04
2013.08.02 10:00:50.208,0.9601,0.96026,1.43,1.62
2013.08.02 10:00:50.506,0.96011,0.96027,1.35,1.62
2013.08.02 10:00:50.625,0.96012,0.96028,1.35,3.12
2013.08.02 10:00:51.619,0.96014,0.96028,1.35,1.50
2013.08.02 10:00:51.685,0.96021,0.9603,1.13,1.35
2013.08.02 10:00:51.805,0.96022,0.96036,1.43,1.50
2013.08.02 10:00:51.866,0.96022,0.96037,1.43,2.18
2013.08.02 10:00:51.986,0.96024,0.9604,1.43,1.62
2013.08.02 10:00:52.827,0.96026,0.96042,1.43,1.99
2013.08.02 10:00:54.885,0.96026,0.96041,2.18,1.05
2013.08.02 10:00:57.486,0.96026,0.96043,2.85,1.62
2013.08.02 10:00:57.856,0.96028,0.96043,1.43,1.62
2013.08.02 10:00:58.274,0.9603,0.96044,1.43,1.62
2013.08.02 10:00:58.394,0.9603,0.96046,1.43,2.29
2013.08.02 10:01:00.617,0.96029,0.96045,1.50,1.54
2013.08.02 10:01:00.855,0.96031,0.96046,2.44,1.35
2013.08.02 10:01:00.915,0.96031,0.96048,3.19,1.54
2013.08.02 10:01:01.456,0.96033,0.9605,2.29,1.92
2013.08.02 10:01:01.958,0.96033,0.96048,1.43,1.54
2013.08.02 10:01:04.174,0.96033,0.96049,1.62,1.69
2013.08.02 10:01:05.385,0.96033,0.96047,1.62,1.05
2013.08.02 10:01:06.389,0.96033,0.96048,1.62,2.48
2013.08.02 10:01:06.864,0.96033,0.96047,1.62,1.05
2013.08.02 10:01:07.415,0.96032,0.96047,1.69,1.73
2013.08.02 10:01:09.585,0.96032,0.96048,3.04,2.67
2013.08.02 10:01:10.504,0.96032,0.96048,2.85,3.04
2013.08.02 10:01:11.066,0.96031,0.96047,1.43,1.54
2013.08.02 10:01:11.614,0.9603,0.96045,1.50,1.54
2013.08.02 10:01:22.604,0.9603,0.96046,2.18,1.24
2013.08.02 10:01:24.225,0.96031,0.96048,2.29,3.42
2013.08.02 10:01:24.285,0.96032,0.96048,1.62,2.74
2013.08.02 10:01:24.795,0.96033,0.9605,2.29,1.80
2013.08.02 10:01:25.385,0.96032,0.96048,2.85,2.67
2013.08.02 10:01:26.067,0.96032,0.96048,2.85,2.67
2013.08.02 10:01:26.739,0.96032,0.96048,2.85,2.29
2013.08.02 10:01:28.346,0.96032,0.96047,1.50,1.35
2013.08.02 10:01:30.185,0.96032,0.96047,1.35,2.22
2013.08.02 10:01:30.605,0.9603,0.96045,2.10,1.99
2013.08.02 10:01:31.213,0.96029,0.96045,1.13,2.67
2013.08.02 10:01:31.724,0.9603,0.96044,1.43,1.13
2013.08.02 10:01:33.565,0.96029,0.96045,1.43,1.62
2013.08.02 10:01:34.179,0.96028,0.96045,1.80,2.37
2013.08.02 10:01:34.794,0.96028,0.96043,1.43,1.54
2013.08.02 10:01:35.907,0.9603,0.96043,1.13,1.54
2013.08.02 10:01:35.966,0.9603,0.96043,1.13,1.54
2013.08.02 10:01:36.026,0.9603,0.96045,1.13,2.37
2013.08.02 10:01:36.088,0.9603,0.96046,3.42,1.35
2013.08.02 10:01:36.396,0.96032,0.96049,2.74,5.14
2013.08.02 10:01:37.085,0.96034,0.96049,1.05,3.12
2013.08.02 10:01:37.454,0.96034,0.96049,1.62,1.99
2013.08.02 10:01:37.634,0.96031,0.96045,1.62,1.35
2013.08.02 10:01:37.754,0.96029,0.96044,2.67,1.73
2013.08.02 10:01:37.814,0.96029,0.96043,1.73,1.43
2013.08.02 10:01:37.934,0.96027,0.9604,1.24,1.43
2013.08.02 10:01:38.474,0.96024,0.9604,1.92,2.10
2013.08.02 10:01:39.216,0.96024,0.9604,1.92,2.10
2013.08.02 10:01:39.455,0.96026,0.9604,1.13,1.43
2013.08.02 10:01:40.124,0.96029,0.96044,1.13,4.39
2013.08.02 10:01:40.835,0.96028,0.96041,2.10,1.54
2013.08.02 10:01:40.895,0.96026,0.9604,1.32,1.13
2013.08.02 10:01:40.957,0.96026,0.96039,1.13,1.50
2013.08.02 10:01:41.075,0.96026,0.9604,1.13,1.13
2013.08.02 10:01:41.135,0.96025,0.96037,1.05,1.50
2013.08.02 10:01:41.195,0.96022,0.96037,2.67,3.30
2013.08.02 10:01:41.435,0.96023,0.96037,1.05,2.18
2013.08.02 10:01:41.614,0.96026,0.96038,1.13,1.62
2013.08.02 10:01:41.916,0.96029,0.96043,1.13,1.62
2013.08.02 10:01:42.274,0.96034,0.96048,1.50,1.54
2013.08.02 10:01:42.814,0.96034,0.96049,1.35,3.12
2013.08.02 10:01:43.211,0.96035,0.96049,1.43,1.62
2013.08.02 10:01:43.774,0.96032,0.96049,3.04,1.54
2013.08.02 10:01:45.204,0.96036,0.96052,2.10,1.54
2013.08.02 10:01:46.165,0.96036,0.96054,2.97,1.32
2013.08.02 10:01:46.705,0.96038,0.96056,1.73,1.99
2013.08.02 10:01:47.251,0.96038,0.96054,1.92,1.54
2013.08.02 10:01:50.756,0.96038,0.96053,2.10,1.99
2013.08.02 10:01:52.216,0.96038,0.96054,2.29,1.54
2013.08.02 10:01:54.794,0.96039,0.96053,1.43,1.24
2013.08.02 10:01:55.035,0.96036,0.96052,2.29,1.92
2013.08.02 10:01:55.712,0.96036,0.96052,3.04,1.92
2013.08.02 10:01:57.455,0.96036,0.96052,2.85,1.92
2013.08.02 10:01:57.515,0.96036,0.96052,2.85,1.92
2013.08.02 10:01:58.104,0.96036,0.96052,2.10,1.92
2013.08.02 10:01:58.798,0.96036,0.96052,2.85,1.92
2013.08.02 10:01:59.378,0.96037,0.96054,2.10,3.42
2013.08.02 10:02:00.715,0.96037,0.96054,2.10,3.42
2013.08.02 10:02:01.074,0.96039,0.96055,2.70,1.69
2013.08.02 10:02:02.994,0.9604,0.96056,1.50,2.67
2013.08.02 10:02:03.496,0.96038,0.96055,2.55,2.67
2013.08.02 10:02:04.804,0.96037,0.96053,3.04,1.73
2013.08.02 10:02:04.925,0.96037,0.96053,3.04,2.33
2013.08.02 10:02:05.464,0.96036,0.96051,1.69,1.73
2013.08.02 10:02:05.944,0.96036,0.9605,1.88,1.54
2013.08.02 10:02:06.065,0.96038,0.96054,1.35,2.29
2013.08.02 10:02:06.246,0.96038,0.96051,1.35,1.54
2013.08.02 10:02:06.366,0.96035,0.96051,1.43,2.22
2013.08.02 10:02:06.664,0.96035,0.96051,2.37,2.22
2013.08.02 10:02:06.905,0.96037,0.96053,1.35,1.62
2013.08.02 10:02:07.265,0.96039,0.96055,1.80,1.24
2013.08.02 10:02:07.624,0.9604,0.96055,1.50,1.24
2013.08.02 10:02:07.932,0.9604,0.96055,1.50,1.24
2013.08.02 10:02:08.295,0.96039,0.96056,2.55,1.92
2013.08.02 10:02:08.835,0.96044,0.96059,1.13,1.54
2013.08.02 10:02:08.957,0.96046,0.96064,2.48,4.84
2013.08.02 10:02:09.135,0.9605,0.96064,1.35,2.67
2013.08.02 10:02:10.065,0.9605,0.96064,1.35,2.07
2013.08.02 10:02:10.545,0.96054,0.96066,1.35,1.69
2013.08.02 10:02:10.604,0.96049,0.96065,1.50,1.73
2013.08.02 10:02:11.024,0.96051,0.96067,1.43,2.22
2013.08.02 10:02:11.445,0.96046,0.96062,1.50,1.92
2013.08.02 10:02:11.505,0.96046,0.96062,1.50,2.29
2013.08.02 10:02:11.745,0.96046,0.96064,2.29,2.22
2013.08.02 10:02:11.864,0.96046,0.96064,2.29,1.47
2013.08.02 10:02:11.925,0.96048,0.96064,1.43,1.47
2013.08.02 10:02:12.285,0.96051,0.96065,1.35,1.54
2013.08.02 10:02:12.825,0.96051,0.96065,1.35,1.54
2013.08.02 10:02:13.434,0.96051,0.96067,2.10,2.44
2013.08.02 10:02:14.424,0.96051,0.96067,2.10,3.79
2013.08.02 10:02:18.837,0.96051,0.96065,2.18,1.13
2013.08.02 10:02:19.687,0.96051,0.96065,2.18,1.13
2013.08.02 10:02:20.167,0.96047,0.96062,1.35,1.73
2013.08.02 10:02:20.585,0.96043,0.9606,1.54,1.05
2013.08.02 10:02:21.152,0.96043,0.96059,1.54,1.05
2013.08.02 10:02:21.904,0.96045,0.96058,1.43,1.50
2013.08.02 10:02:22.144,0.9604,0.96056,1.73,1.62
2013.08.02 10:02:22.565,0.96039,0.96055,1.99,1.43
2013.08.02 10:02:23.234,0.96039,0.96055,1.99,1.43
2013.08.02 10:02:23.414,0.96038,0.96054,2.67,1.43
2013.08.02 10:02:25.464,0.96038,0.96053,1.05,1.54
2013.08.02 10:02:25.824,0.96035,0.96051,3.04,1.73
2013.08.02 10:02:26.185,0.96034,0.96048,1.69,1.05
2013.08.02 10:02:27.205,0.96033,0.96048,1.62,1.43
2013.08.02 10:02:32.070,0.96033,0.96049,2.37,1.54
2013.08.02 10:02:32.318,0.96036,0.9605,1.99,1.43
2013.08.02 10:02:32.377,0.96037,0.96051,1.32,2.10
2013.08.02 10:02:33.235,0.96039,0.96055,1.43,2.29
2013.08.02 10:02:35.865,0.96037,0.96053,2.29,1.35
2013.08.02 10:02:36.044,0.96037,0.96053,2.29,1.35
2013.08.02 10:02:36.165,0.96037,0.96051,1.50,1.54
2013.08.02 10:02:38.444,0.96037,0.96052,1.50,1.54
2013.08.02 10:02:39.574,0.96036,0.96052,2.07,1.54
2013.08.02 10:02:40.436,0.96036,0.96053,1.69,1.62
2013.08.02 10:02:40.499,0.96036,0.96053,2.37,3.72
2013.08.02 10:02:40.685,0.96035,0.96049,1.35,1.54
2013.08.02 10:02:48.335,0.96035,0.96051,1.43,2.37
2013.08.02 10:02:48.640,0.96046,0.96061,2.10,4.88
2013.08.02 10:02:48.705,0.96052,0.96063,1.13,1.47
2013.08.02 10:02:48.885,0.96052,0.96065,1.35,2.37
2013.08.02 10:02:48.945,0.96052,0.96065,1.35,1.62
2013.08.02 10:02:49.128,0.96052,0.96065,1.35,1.35
2013.08.02 10:02:49.304,0.96052,0.96065,1.13,1.54
2013.08.02 10:02:49.425,0.96052,0.96065,1.13,1.54
2013.08.02 10:02:49.615,0.96052,0.96065,1.13,1.54
2013.08.02 10:02:50.455,0.96051,0.96065,1.32,1.35
2013.08.02 10:02:50.874,0.96051,0.96063,1.13,1.35
2013.08.02 10:02:51.438,0.96051,0.96062,1.13,1.35
2013.08.02 10:02:53.644,0.96048,0.96062,1.32,1.35
2013.08.02 10:02:53.826,0.96047,0.96061,1.62,2.10
2013.08.02 10:02:54.065,0.96045,0.9606,1.43,2.78
2013.08.02 10:02:54.424,0.96041,0.96057,2.07,1.35
2013.08.02 10:02:56.137,0.96042,0.96057,2.07,1.35
2013.08.02 10:02:56.315,0.96041,0.96055,1.13,1.35
2013.08.02 10:02:56.646,0.96041,0.96055,1.88,1.35
2013.08.02 10:02:56.765,0.96042,0.96055,1.13,2.03
2013.08.02 10:02:56.887,0.96042,0.96053,1.50,1.35
2013.08.02 10:02:57.064,0.96042,0.96055,1.50,1.54
2013.08.02 10:02:58.695,0.96042,0.96056,1.50,1.54
2013.08.02 10:02:59.545,0.9604,0.96056,1.54,1.92
2013.08.02 10:02:59.854,0.96042,0.96056,1.50,1.92
2013.08.02 10:03:00.675,0.9604,0.96054,1.54,1.35
2013.08.02 10:03:00.985,0.9604,0.96054,1.54,1.35
2013.08.02 10:03:01.524,0.96041,0.96056,2.44,1.35
2013.08.02 10:03:01.585,0.96043,0.96057,1.62,1.35
2013.08.02 10:03:07.119,0.96041,0.96057,1.69,2.18
2013.08.02 10:03:07.186,0.96041,0.96054,1.69,1.50
2013.08.02 10:03:07.304,0.96036,0.96053,7.62,1.35
2013.08.02 10:03:07.605,0.96036,0.96053,5.74,1.73
2013.08.02 10:03:08.705,0.96036,0.96052,1.62,1.05
2013.08.02 10:03:08.914,0.96036,0.96052,1.62,1.05
2013.08.02 10:03:09.035,0.96036,0.96052,2.37,1.05
2013.08.02 10:03:09.394,0.96032,0.96048,1.62,1.80
2013.08.02 10:03:09.875,0.96029,0.96043,2.44,1.35
2013.08.02 10:03:12.845,0.9603,0.96045,1.50,2.48
2013.08.02 10:03:15.975,0.9603,0.96045,1.50,1.73
2013.08.02 10:03:16.591,0.9603,0.96043,1.50,1.73
2013.08.02 10:03:17.252,0.96027,0.96043,2.59,1.73
2013.08.02 10:03:17.715,0.96027,0.96042,2.22,1.05
2013.08.02 10:03:17.775,0.96027,0.96042,2.22,1.05
2013.08.02 10:03:17.835,0.96027,0.96042,2.22,1.05
2013.08.02 10:03:17.895,0.96026,0.96042,2.37,1.05
2013.08.02 10:03:18.255,0.96027,0.96041,1.69,1.05
2013.08.02 10:03:18.937,0.96026,0.96041,1.69,1.05
2013.08.02 10:03:19.695,0.96026,0.96041,1.69,1.05
2013.08.02 10:03:20.205,0.96026,0.96041,1.69,1.05
2013.08.02 10:03:20.265,0.96024,0.96041,2.37,1.05
2013.08.02 10:03:21.875,0.96021,0.96036,2.37,1.05
2013.08.02 10:03:22.925,0.96021,0.96037,2.67,1.05
2013.08.02 10:03:23.668,0.96022,0.96037,1.80,1.05
2013.08.02 10:03:27.784,0.96022,0.96037,1.80,1.05
2013.08.02 10:03:28.265,0.96023,0.96037,1.50,1.05
2013.08.02 10:03:38.167,0.96022,0.96037,1.80,1.05
2013.08.02 10:03:38.405,0.96021,0.96036,2.74,1.35
2013.08.02 10:03:45.295,0.96022,0.96037,1.80,1.24
2013.08.02 10:03:45.475,0.96024,0.96039,1.13,2.67
2013.08.02 10:03:46.752,0.96024,0.96038,1.35,1.32
2013.08.02 10:03:47.055,0.96019,0.96034,2.37,1.05
2013.08.02 10:03:47.360,0.96021,0.96034,1.69,1.05
2013.08.02 10:03:48.555,0.96021,0.96034,1.69,1.05
2013.08.02 10:03:49.085,0.96021,0.96034,1.69,1.05
2013.08.02 10:03:51.045,0.9602,0.96033,1.50,1.35
2013.08.02 10:03:51.105,0.9602,0.96033,1.50,1.35
2013.08.02 10:03:51.165,0.96021,0.96035,1.50,1.92
2013.08.02 10:03:51.285,0.9602,0.96035,1.50,1.92
2013.08.02 10:03:51.345,0.9602,0.96033,1.50,1.35
2013.08.02 10:03:52.184,0.9602,0.96034,1.50,1.24
2013.08.02 10:03:53.116,0.96018,0.96033,1.62,1.62
2013.08.02 10:03:53.178,0.96019,0.96033,1.50,1.99
2013.08.02 10:03:53.296,0.96018,0.96032,1.43,1.24
2013.08.02 10:03:53.715,0.96016,0.96031,1.50,1.92
2013.08.02 10:03:54.255,0.96016,0.96029,1.50,1.35
2013.08.02 10:03:54.615,0.96016,0.96029,1.50,1.35
2013.08.02 10:03:55.824,0.96018,0.96031,1.50,1.54
2013.08.02 10:03:57.674,0.96018,0.9603,1.50,1.24
2013.08.02 10:03:58.205,0.96017,0.96029,1.50,1.05
2013.08.02 10:03:58.745,0.96015,0.9603,1.50,1.54
2013.08.02 10:04:02.446,0.96012,0.96028,2.29,1.99
2013.08.02 10:04:02.666,0.96012,0.96028,1.62,1.99
2013.08.02 10:04:02.845,0.96011,0.96026,2.37,1.54
2013.08.02 10:04:04.556,0.96011,0.96025,2.18,1.05
2013.08.02 10:04:13.594,0.96011,0.96026,2.18,1.92
2013.08.02 10:04:14.151,0.96011,0.96028,3.60,3.42
2013.08.02 10:04:16.795,0.96011,0.96026,2.18,1.24
2013.08.02 10:04:17.485,0.9601,0.96026,3.04,1.92
2013.08.02 10:04:25.937,0.9601,0.96026,3.04,1.92
2013.08.02 10:04:27.766,0.96012,0.96028,1.50,3.42
2013.08.02 10:04:29.315,0.96012,0.96028,1.50,2.67
2013.08.02 10:04:29.975,0.96013,0.96028,2.10,1.32
2013.08.02 10:04:30.645,0.96014,0.9603,1.43,1.32
2013.08.02 10:04:31.005,0.96017,0.96031,1.43,1.24
2013.08.02 10:04:33.416,0.96017,0.96031,1.43,1.24
2013.08.02 10:04:34.064,0.96017,0.96031,1.43,1.24
2013.08.02 10:04:34.584,0.96018,0.96033,1.35,2.74
2013.08.02 10:04:39.477,0.9602,0.96034,1.50,2.52
2013.08.02 10:04:39.865,0.96022,0.96038,2.10,1.32
2013.08.02 10:04:40.354,0.96023,0.96038,1.35,1.32
2013.08.02 10:04:40.474,0.96022,0.96036,1.43,1.24
2013.08.02 10:04:41.085,0.96022,0.96035,1.43,1.73
2013.08.02 10:04:41.974,0.96022,0.96035,1.43,1.73
2013.08.02 10:04:43.502,0.96022,0.96035,1.43,1.73
2013.08.02 10:04:43.568,0.96022,0.96035,1.43,1.73
2013.08.02 10:04:43.866,0.96022,0.96036,2.37,1.24
2013.08.02 10:04:44.046,0.96024,0.96038,1.35,1.92
2013.08.02 10:04:45.163,0.96024,0.96038,2.10,1.92
2013.08.02 10:04:47.295,0.96022,0.96038,3.04,2.67
2013.08.02 10:04:47.717,0.96018,0.96034,2.29,2.78
2013.08.02 10:04:47.778,0.96018,0.96034,1.35,3.64
2013.08.02 10:04:48.198,0.96016,0.96033,2.85,3.04
2013.08.02 10:04:48.745,0.96016,0.96031,1.50,1.35
2013.08.02 10:04:49.195,0.96017,0.96031,1.13,1.35
2013.08.02 10:04:49.774,0.96017,0.96033,1.13,2.37
2013.08.02 10:04:50.325,0.96016,0.96022,1.43,2.10
2013.08.02 10:04:50.455,0.96013,0.96021,2.29,2.48
2013.08.02 10:04:50.575,0.9601,0.9602,2.29,1.73
2013.08.02 10:04:50.639,0.9601,0.9602,1.54,1.73
2013.08.02 10:04:50.815,0.96003,0.96019,1.54,1.43
2013.08.02 10:04:51.175,0.96001,0.96015,2.29,1.35
2013.08.02 10:04:51.295,0.96001,0.96013,1.35,1.50
2013.08.02 10:04:51.475,0.95996,0.96012,2.37,1.35
2013.08.02 10:04:51.595,0.95997,0.96013,2.29,1.50
2013.08.02 10:04:51.658,0.95997,0.96014,2.29,2.67
2013.08.02 10:04:55.765,0.95997,0.96013,1.62,1.43
2013.08.02 10:04:56.125,0.95994,0.96009,1.62,1.35
2013.08.02 10:04:59.395,0.95995,0.96011,1.69,1.43
2013.08.02 10:04:59.911,0.95996,0.9601,1.69,1.13
2013.08.02 10:05:00.398,0.95994,0.96008,2.37,1.05
2013.08.02 10:05:01.100,0.95994,0.96008,1.62,1.05
2013.08.02 10:05:01.174,0.95992,0.96008,2.29,1.05
2013.08.02 10:05:01.297,0.95991,0.96005,1.62,1.13
2013.08.02 10:05:01.835,0.95989,0.96005,1.62,1.80
2013.08.02 10:05:02.375,0.95989,0.96005,1.62,1.80
2013.08.02 10:05:08.935,0.95991,0.96002,1.50,1.73
2013.08.02 10:05:09.055,0.95987,0.96,1.69,1.73
2013.08.02 10:05:11.214,0.95989,0.96,1.50,1.35
2013.08.02 10:05:11.474,0.95987,0.96002,1.50,1.43
2013.08.02 10:05:11.616,0.95986,0.96001,1.99,1.43
2013.08.02 10:05:11.735,0.95984,0.96,1.62,1.35
2013.08.02 10:05:11.855,0.95983,0.95998,1.43,2.40
2013.08.02 10:05:11.915,0.95982,0.95996,1.50,2.78
2013.08.02 10:05:12.334,0.95978,0.95994,1.99,1.35
2013.08.02 10:05:14.205,0.95981,0.95995,1.50,1.62
2013.08.02 10:05:15.236,0.95981,0.95995,1.50,1.62
2013.08.02 10:05:16.714,0.95981,0.95996,1.50,1.54
2013.08.02 10:05:23.946,0.95981,0.95996,1.69,1.35
2013.08.02 10:05:24.185,0.95981,0.95996,1.69,1.54
2013.08.02 10:05:27.126,0.95981,0.95997,1.69,1.54
2013.08.02 10:05:27.837,0.95981,0.95998,1.69,2.29
2013.08.02 10:05:28.367,0.95982,0.95998,1.62,1.62
2013.08.02 10:05:28.895,0.95982,0.95998,1.62,2.37
2013.08.02 10:05:30.485,0.95984,0.96001,1.80,3.04
2013.08.02 10:05:30.605,0.95986,0.96002,1.62,1.62
2013.08.02 10:05:31.976,0.95988,0.96003,1.32,1.35
2013.08.02 10:05:32.542,0.95988,0.96005,1.99,1.54
2013.08.02 10:05:33.484,0.9599,0.96005,1.43,1.54
2013.08.02 10:05:34.875,0.95989,0.96004,2.18,1.35
2013.08.02 10:05:35.405,0.95986,0.96003,3.04,2.29
2013.08.02 10:05:35.465,0.95986,0.96001,1.69,1.35
2013.08.02 10:05:35.885,0.95981,0.95997,1.99,1.35
2013.08.02 10:05:47.895,0.95983,0.95998,1.43,2.29
2013.08.02 10:05:48.935,0.95985,0.96,1.43,1.32
2013.08.02 10:05:57.625,0.95983,0.96,2.37,2.37
2013.08.02 10:05:59.075,0.95983,0.96,2.18,1.62
2013.08.02 10:06:01.235,0.95983,0.96001,2.37,2.29
2013.08.02 10:06:01.735,0.95983,0.96,2.37,1.05
2013.08.02 10:06:02.258,0.95983,0.96,2.37,1.05
2013.08.02 10:06:02.844,0.95983,0.96001,2.37,1.92
2013.08.02 10:06:03.195,0.95983,0.96001,2.37,1.24
2013.08.02 10:06:03.435,0.95992,0.96004,1.50,1.43
2013.08.02 10:06:03.495,0.95994,0.96008,1.13,1.54
2013.08.02 10:06:03.615,0.95996,0.96009,1.13,1.54
2013.08.02 10:06:04.372,0.95996,0.96011,1.62,2.67
2013.08.02 10:06:04.907,0.95997,0.96011,1.43,2.59
2013.08.02 10:06:05.448,0.95994,0.96009,1.73,1.62
2013.08.02 10:06:05.506,0.95994,0.96009,1.05,1.62
2013.08.02 10:06:09.585,0.95994,0.96009,1.05,2.37
2013.08.02 10:06:10.695,0.95995,0.96009,2.18,1.62
2013.08.02 10:06:11.116,0.95997,0.96011,1.13,1.54
2013.08.02 10:06:11.656,0.95997,0.96013,1.80,3.57
2013.08.02 10:06:12.098,0.95997,0.96013,1.80,3.57
2013.08.02 10:06:12.665,0.95997,0.96012,1.99,1.24
2013.08.02 10:06:20.025,0.95996,0.96011,1.69,1.35
2013.08.02 10:06:20.579,0.95996,0.96012,2.37,1.35
2013.08.02 10:06:21.222,0.95996,0.96013,2.37,3.04
2013.08.02 10:06:22.145,0.95996,0.96012,1.62,1.43
2013.08.02 10:06:22.325,0.95993,0.96008,1.99,1.43
2013.08.02 10:06:22.505,0.95991,0.96007,1.62,1.05
2013.08.02 10:06:23.145,0.95992,0.96008,1.32,2.29
2013.08.02 10:06:23.205,0.95994,0.9601,1.80,1.24
2013.08.02 10:06:23.325,0.95996,0.96011,2.67,2.07
2013.08.02 10:06:23.712,0.95994,0.9601,1.32,2.85
2013.08.02 10:06:25.098,0.95994,0.9601,1.32,2.29
2013.08.02 10:06:25.456,0.95997,0.96011,1.24,1.13
2013.08.02 10:06:25.637,0.95996,0.96011,1.73,1.32
2013.08.02 10:06:26.095,0.95993,0.96009,1.73,2.29
2013.08.02 10:06:26.605,0.95993,0.96009,1.73,2.29
2013.08.02 10:06:27.302,0.95993,0.96009,2.48,2.29
2013.08.02 10:06:29.735,0.95993,0.96009,2.67,2.29
2013.08.02 10:06:30.155,0.95993,0.96007,1.32,1.35
2013.08.02 10:06:30.722,0.95993,0.96007,1.32,1.35
2013.08.02 10:06:31.245,0.95993,0.96007,1.32,1.35
2013.08.02 10:06:32.230,0.95993,0.96007,1.13,1.54
2013.08.02 10:06:32.670,0.95991,0.96005,1.43,2.10
2013.08.02 10:06:32.795,0.9599,0.96006,1.32,1.73
2013.08.02 10:06:33.336,0.95991,0.96006,1.13,1.35
2013.08.02 10:06:34.785,0.95992,0.96006,1.13,1.54
2013.08.02 10:06:35.145,0.95997,0.96011,1.13,2.89
2013.08.02 10:06:35.205,0.95997,0.96011,1.13,2.14
2013.08.02 10:06:35.507,0.95994,0.9601,1.73,1.13
2013.08.02 10:06:35.805,0.95992,0.96007,1.50,1.84
2013.08.02 10:06:36.363,0.95992,0.96007,1.43,1.84
2013.08.02 10:06:37.295,0.95993,0.96007,1.80,1.84
2013.08.02 10:06:37.355,0.95993,0.96007,3.30,1.47
2013.08.02 10:06:37.595,0.95997,0.96013,1.13,3.04
2013.08.02 10:06:38.115,0.95997,0.96013,1.13,3.04
2013.08.02 10:06:38.178,0.95996,0.9601,2.10,2.48
2013.08.02 10:06:38.297,0.95994,0.96008,1.13,1.35
2013.08.02 10:06:38.835,0.95996,0.9601,1.13,2.97
2013.08.02 10:06:46.215,0.95995,0.96011,1.88,1.54
2013.08.02 10:06:46.636,0.95995,0.96011,2.85,3.04
2013.08.02 10:06:47.905,0.95996,0.96009,1.50,1.54
2013.08.02 10:06:48.145,0.96001,0.96015,1.13,3.04
2013.08.02 10:06:48.204,0.96001,0.96015,1.13,2.29
2013.08.02 10:06:48.505,0.95998,0.96013,1.05,1.35
2013.08.02 10:06:48.626,0.95997,0.96013,3.98,1.35
2013.08.02 10:06:49.155,0.95997,0.96012,3.12,1.95
2013.08.02 10:06:49.806,0.95997,0.96012,3.12,1.28
2013.08.02 10:06:54.826,0.95998,0.96013,1.80,1.35
2013.08.02 10:06:54.946,0.96,0.96015,2.10,2.67
2013.08.02 10:06:55.245,0.96005,0.96021,2.10,1.17
2013.08.02 10:06:55.785,0.96007,0.96018,1.35,1.13
2013.08.02 10:06:56.335,0.96005,0.96018,1.35,1.32
2013.08.02 10:06:57.366,0.96007,0.96021,1.13,3.64
2013.08.02 10:06:57.426,0.96008,0.96021,1.05,1.62
2013.08.02 10:06:57.545,0.96009,0.96023,1.05,1.69
2013.08.02 10:06:58.018,0.96011,0.96027,2.10,2.29
2013.08.02 10:07:00.075,0.96011,0.96027,2.10,3.04
2013.08.02 10:07:06.976,0.96011,0.96027,2.10,3.79
2013.08.02 10:07:08.277,0.9601,0.96025,1.13,2.29
2013.08.02 10:07:09.089,0.96011,0.96024,1.13,1.35
2013.08.02 10:07:09.447,0.96017,0.96028,1.13,1.54
2013.08.02 10:07:09.568,0.96017,0.96031,1.13,2.29
2013.08.02 10:07:09.747,0.96014,0.9603,1.92,1.43
2013.08.02 10:07:09.865,0.96014,0.96029,1.54,1.88
2013.08.02 10:07:10.045,0.96011,0.96027,2.67,1.43
2013.08.02 10:07:10.165,0.96011,0.96028,2.67,1.92
2013.08.02 10:07:10.225,0.96015,0.96028,1.13,1.54
2013.08.02 10:07:10.406,0.96017,0.96029,1.13,1.43
2013.08.02 10:07:10.945,0.96017,0.9603,1.13,2.29
2013.08.02 10:07:11.445,0.96014,0.9603,1.43,2.29
2013.08.02 10:07:12.064,0.96015,0.96029,1.13,1.35
2013.08.02 10:07:12.596,0.96017,0.96029,1.50,1.35
2013.08.02 10:07:15.505,0.96018,0.96029,1.50,1.35
2013.08.02 10:07:15.565,0.96018,0.96033,1.50,2.29
2013.08.02 10:07:15.865,0.96017,0.96032,1.50,1.54
2013.08.02 10:07:16.311,0.96016,0.9603,2.07,1.35
2013.08.02 10:07:16.375,0.96016,0.9603,1.13,1.35
2013.08.02 10:07:16.495,0.96016,0.9603,1.13,1.35
2013.08.02 10:07:16.555,0.96016,0.9603,1.13,1.35
2013.08.02 10:07:16.615,0.96016,0.9603,1.50,1.35
2013.08.02 10:07:16.855,0.96016,0.96033,1.99,2.29
2013.08.02 10:07:16.975,0.96016,0.96033,1.32,3.34
2013.08.02 10:07:17.287,0.96012,0.96027,2.29,1.13
2013.08.02 10:07:17.526,0.96009,0.96025,1.62,1.35
2013.08.02 10:07:18.069,0.96007,0.96024,2.59,1.35
2013.08.02 10:07:22.907,0.9601,0.96025,1.54,1.35
2013.08.02 10:07:23.445,0.9601,0.96025,1.54,1.35
2013.08.02 10:07:23.715,0.9601,0.96025,2.29,1.35
2013.08.02 10:07:26.895,0.96011,0.96027,2.18,1.62
2013.08.02 10:07:27.135,0.96011,0.96027,3.79,2.10
2013.08.02 10:07:28.155,0.96013,0.96028,3.04,1.50
2013.08.02 10:07:28.453,0.96016,0.96029,1.13,1.35
2013.08.02 10:07:28.521,0.96016,0.96032,1.13,1.35
2013.08.02 10:07:32.336,0.9602,0.96034,1.43,1.54
2013.08.02 10:07:32.896,0.9602,0.96036,1.43,1.92
2013.08.02 10:07:32.974,0.9602,0.96036,1.43,1.92
2013.08.02 10:07:33.155,0.9602,0.96036,1.43,2.29
2013.08.02 10:07:33.635,0.9602,0.96034,1.43,1.43
2013.08.02 10:07:34.795,0.96019,0.96032,1.50,1.13
2013.08.02 10:07:40.246,0.96022,0.96035,1.13,1.43
2013.08.02 10:07:40.305,0.96022,0.96036,1.13,1.69
2013.08.02 10:07:40.737,0.96023,0.96037,1.54,1.13
2013.08.02 10:07:41.295,0.96021,0.96035,1.69,1.43
2013.08.02 10:07:41.836,0.96021,0.96035,2.44,1.43
2013.08.02 10:07:43.945,0.96021,0.96037,2.44,2.29
2013.08.02 10:07:47.015,0.96022,0.96036,1.43,1.32
2013.08.02 10:07:47.246,0.96022,0.96035,1.43,1.13
2013.08.02 10:07:47.581,0.96022,0.96036,1.43,1.32
2013.08.02 10:07:48.416,0.96021,0.96035,3.04,1.43
2013.08.02 10:07:50.816,0.96021,0.96035,2.37,1.43
2013.08.02 10:07:51.055,0.96016,0.96033,1.62,1.43
2013.08.02 10:07:52.377,0.96016,0.96033,2.37,1.99
2013.08.02 10:07:52.696,0.96017,0.96033,1.69,1.99
2013.08.02 10:07:52.815,0.96017,0.96033,1.69,1.99
2013.08.02 10:07:54.066,0.96016,0.96032,1.62,1.80
2013.08.02 10:07:56.955,0.96016,0.96032,1.43,1.69
2013.08.02 10:07:57.326,0.96016,0.96032,1.43,2.37
2013.08.02 10:07:59.075,0.96015,0.96028,1.62,1.50
2013.08.02 10:07:59.315,0.96012,0.96027,2.37,1.43
2013.08.02 10:07:59.375,0.96012,0.96026,2.18,2.10
2013.08.02 10:08:00.065,0.9601,0.96024,1.62,1.43
2013.08.02 10:08:00.956,0.9601,0.96026,1.43,1.54
2013.08.02 10:08:01.429,0.96014,0.96029,1.62,2.10
2013.08.02 10:08:02.256,0.96014,0.96029,2.37,1.43
2013.08.02 10:08:02.695,0.96016,0.96033,2.10,3.04
2013.08.02 10:08:02.756,0.9602,0.96033,1.43,1.43
2013.08.02 10:08:03.587,0.9602,0.96036,1.43,2.29
2013.08.02 10:08:03.656,0.9602,0.96036,1.99,1.43
2013.08.02 10:08:04.875,0.96023,0.96038,1.62,1.62
2013.08.02 10:08:06.225,0.96024,0.96039,1.43,1.43
2013.08.02 10:08:06.466,0.96026,0.9604,1.43,1.54
2013.08.02 10:08:06.985,0.96026,0.96041,1.43,1.62
2013.08.02 10:08:08.135,0.96026,0.9604,1.43,1.80
2013.08.02 10:08:08.196,0.96023,0.96034,1.54,1.50
2013.08.02 10:08:08.376,0.96018,0.96034,3.79,1.50
2013.08.02 10:08:08.496,0.96017,0.96028,2.18,1.43
2013.08.02 10:08:08.555,0.96017,0.96028,1.50,1.43
2013.08.02 10:08:08.736,0.96015,0.96032,3.04,1.43
2013.08.02 10:08:09.046,0.96017,0.96034,2.29,1.43
2013.08.02 10:08:09.166,0.96018,0.96035,2.14,2.18
2013.08.02 10:08:09.585,0.96021,0.96036,1.73,1.92
2013.08.02 10:08:09.705,0.96021,0.96036,1.35,1.92
2013.08.02 10:08:10.126,0.96021,0.96036,1.73,1.92
2013.08.02 10:08:10.395,0.96021,0.96036,1.35,1.92
2013.08.02 10:08:10.635,0.96018,0.96033,1.54,1.43
2013.08.02 10:08:10.815,0.96017,0.96032,2.67,1.43
2013.08.02 10:08:10.935,0.96017,0.96033,2.29,2.67
2013.08.02 10:08:11.357,0.96017,0.96032,2.29,1.43
2013.08.02 10:08:11.477,0.96015,0.96031,1.62,1.43
2013.08.02 10:08:11.597,0.96015,0.96031,1.24,1.43
2013.08.02 10:08:11.716,0.96015,0.96031,1.99,1.35
2013.08.02 10:08:11.986,0.96015,0.96032,1.24,2.29
2013.08.02 10:08:12.617,0.96014,0.96032,3.04,2.29
2013.08.02 10:08:14.038,0.96014,0.96031,3.04,1.62
2013.08.02 10:08:14.745,0.96012,0.96026,1.99,1.43
2013.08.02 10:08:15.505,0.96012,0.96026,1.62,1.43
2013.08.02 10:08:16.045,0.9601,0.96025,1.32,1.43
2013.08.02 10:08:16.405,0.96007,0.96024,3.64,1.99
2013.08.02 10:08:16.587,0.96007,0.96022,2.22,1.80
2013.08.02 10:08:16.828,0.96004,0.96021,1.62,1.43
2013.08.02 10:08:16.887,0.96003,0.96021,2.52,1.62
2013.08.02 10:08:17.308,0.96003,0.96018,1.47,1.50
2013.08.02 10:08:17.818,0.96004,0.9602,1.35,1.62
2013.08.02 10:08:18.175,0.96004,0.96018,2.40,1.62
2013.08.02 10:08:19.075,0.96004,0.96018,1.62,1.43
2013.08.02 10:08:20.486,0.96007,0.96021,2.29,1.13
2013.08.02 10:08:21.115,0.96007,0.96021,2.29,1.13
2013.08.02 10:08:26.227,0.96007,0.96023,4.17,2.85
2013.08.02 10:08:26.535,0.96008,0.96023,2.67,1.50
2013.08.02 10:08:26.776,0.96011,0.96026,1.62,1.43
2013.08.02 10:08:26.955,0.96009,0.96025,2.22,1.80
2013.08.02 10:08:27.342,0.96006,0.96021,3.04,1.43
2013.08.02 10:08:29.147,0.96006,0.9602,2.29,1.13
2013.08.02 10:08:29.268,0.96003,0.96019,1.54,1.43
2013.08.02 10:08:29.387,0.96002,0.96017,1.62,1.43
2013.08.02 10:08:29.567,0.96002,0.96017,1.62,1.62
2013.08.02 10:08:30.335,0.96002,0.96017,1.54,1.62
2013.08.02 10:08:30.456,0.96004,0.96018,2.03,2.07
2013.08.02 10:08:30.575,0.96005,0.96021,1.35,3.04
2013.08.02 10:08:30.695,0.96006,0.96021,2.10,1.69
2013.08.02 10:08:31.235,0.96007,0.96023,1.54,2.29
2013.08.02 10:08:31.296,0.96007,0.96023,1.54,2.29
2013.08.02 10:08:32.365,0.96007,0.96023,2.22,2.10
2013.08.02 10:08:32.485,0.96007,0.96023,2.22,1.43
2013.08.02 10:08:32.786,0.96013,0.9603,2.18,2.29
2013.08.02 10:08:32.846,0.96017,0.96033,1.43,2.10
2013.08.02 10:08:33.026,0.96016,0.96032,1.35,1.13
2013.08.02 10:08:33.582,0.96016,0.96032,1.35,2.29
2013.08.02 10:08:33.946,0.96014,0.9603,1.54,1.35
2013.08.02 10:08:34.496,0.96013,0.96026,1.69,1.43
2013.08.02 10:08:34.676,0.9601,0.96026,2.97,1.43
2013.08.02 10:08:34.856,0.96011,0.96027,2.07,1.54
2013.08.02 10:08:34.976,0.96012,0.96025,1.32,1.35
2013.08.02 10:08:35.035,0.96012,0.96026,1.32,1.35
2013.08.02 10:08:35.155,0.96012,0.96027,1.13,1.35
2013.08.02 10:08:35.396,0.96014,0.96027,1.13,1.35
2013.08.02 10:08:35.875,0.96014,0.96031,1.99,1.62
2013.08.02 10:08:35.935,0.96014,0.96032,1.54,3.12
2013.08.02 10:08:37.067,0.96014,0.9603,1.54,1.54
2013.08.02 10:08:39.347,0.96013,0.96029,2.22,2.10
2013.08.02 10:08:41.035,0.96012,0.96029,3.12,2.29
2013.08.02 10:08:47.846,0.96013,0.96029,1.47,2.29
2013.08.02 10:08:48.585,0.96012,0.96029,1.43,2.29
2013.08.02 10:08:49.085,0.9601,0.96027,1.62,1.62
2013.08.02 10:08:50.986,0.9601,0.96027,1.43,2.37
2013.08.02 10:08:51.495,0.96009,0.96024,1.35,1.69
2013.08.02 10:08:51.675,0.96007,0.96024,2.29,3.04
2013.08.02 10:08:51.796,0.96005,0.96022,2.74,1.54
2013.08.02 10:08:52.035,0.96003,0.96021,2.37,1.54
2013.08.02 10:08:53.165,0.96002,0.9602,2.74,1.62
2013.08.02 10:08:53.525,0.96,0.96017,2.37,1.35
2013.08.02 10:08:53.585,0.95999,0.96017,2.97,1.35
2013.08.02 10:08:54.106,0.96,0.96017,1.69,1.35
2013.08.02 10:08:54.227,0.96,0.96015,1.69,1.35
2013.08.02 10:08:54.346,0.95999,0.96014,2.07,1.35
2013.08.02 10:08:54.465,0.95999,0.96017,2.37,1.54
2013.08.02 10:08:55.455,0.95999,0.96016,3.87,1.43
2013.08.02 10:08:55.695,0.96003,0.96021,3.42,2.29
2013.08.02 10:08:55.829,0.96003,0.96021,3.42,1.35
2013.08.02 10:08:56.510,0.96003,0.96021,3.79,1.35
2013.08.02 10:08:57.409,0.96003,0.96021,2.29,2.29
2013.08.02 10:08:58.037,0.96003,0.96021,2.29,2.29
2013.08.02 10:08:58.375,0.96003,0.96021,1.92,2.85
2013.08.02 10:08:58.928,0.96004,0.9602,1.17,1.54
2013.08.02 10:08:59.645,0.96006,0.9602,1.32,1.35
2013.08.02 10:08:59.765,0.96006,0.96022,1.32,1.35
2013.08.02 10:09:00.335,0.96005,0.96022,2.29,1.35
2013.08.02 10:09:00.396,0.96005,0.96022,2.29,1.35
2013.08.02 10:09:00.635,0.96011,0.96025,1.73,1.35
2013.08.02 10:09:02.025,0.96011,0.96026,2.10,1.62
2013.08.02 10:09:03.675,0.96012,0.96027,1.50,2.10
2013.08.02 10:09:03.795,0.96012,0.96028,1.50,2.29
2013.08.02 10:09:03.975,0.96013,0.96031,1.99,1.54
2013.08.02 10:09:04.037,0.96015,0.96031,1.35,1.54
2013.08.02 10:09:04.616,0.96016,0.96031,2.37,1.35
2013.08.02 10:09:04.676,0.96018,0.96034,1.54,1.54
2013.08.02 10:09:06.365,0.96017,0.96033,1.62,1.35
2013.08.02 10:09:08.597,0.96016,0.96031,3.19,1.35
2013.08.02 10:09:08.656,0.96016,0.96031,2.44,1.35
2013.08.02 10:09:09.226,0.96016,0.96031,1.69,1.54
2013.08.02 10:09:09.285,0.96016,0.96031,1.69,1.54
2013.08.02 10:09:09.676,0.96016,0.9603,1.69,2.03
2013.08.02 10:09:10.037,0.96013,0.96028,1.69,1.35
2013.08.02 10:09:10.575,0.96016,0.96028,2.25,1.35
2013.08.02 10:09:10.636,0.96016,0.96029,1.50,1.35
2013.08.02 10:09:11.907,0.96014,0.96029,1.69,1.35
2013.08.02 10:09:12.007,0.96014,0.96029,2.44,1.35
2013.08.02 10:09:13.929,0.96014,0.9603,3.12,1.35
2013.08.02 10:09:19.935,0.96014,0.96029,2.29,1.65
2013.08.02 10:09:20.297,0.96009,0.96024,1.47,1.35
2013.08.02 10:09:20.656,0.96006,0.96023,2.37,1.35
2013.08.02 10:09:21.195,0.96006,0.96021,1.69,1.35
2013.08.02 10:09:21.980,0.96006,0.96021,1.69,1.35
2013.08.02 10:09:23.585,0.96006,0.96021,1.69,1.35
2013.08.02 10:09:24.105,0.96007,0.96023,1.62,1.54
2013.08.02 10:09:24.905,0.96007,0.96023,1.99,1.54
2013.08.02 10:09:25.145,0.96009,0.96025,1.43,3.04
2013.08.02 10:09:26.356,0.96008,0.96023,1.50,2.10
2013.08.02 10:09:26.875,0.96007,0.96023,2.37,2.10
2013.08.02 10:09:27.822,0.96008,0.96024,2.18,1.62
2013.08.02 10:09:28.404,0.96008,0.96025,2.18,2.29
2013.08.02 10:09:29.905,0.96008,0.96025,2.18,2.29
2013.08.02 10:09:31.076,0.96011,0.96027,1.62,1.54
2013.08.02 10:09:32.936,0.96011,0.96025,1.62,1.43
2013.08.02 10:09:33.501,0.96011,0.96025,2.37,1.43
2013.08.02 10:09:33.995,0.96009,0.96023,1.69,1.50
2013.08.02 10:09:34.845,0.96006,0.96019,2.44,1.43
2013.08.02 10:09:35.026,0.96006,0.96021,1.69,1.43
2013.08.02 10:09:35.086,0.96006,0.9602,1.69,1.35
2013.08.02 10:09:36.665,0.96006,0.96021,1.69,2.10
2013.08.02 10:09:38.405,0.96007,0.96023,2.37,1.43
2013.08.02 10:09:41.186,0.96007,0.96023,2.37,1.62
2013.08.02 10:09:41.367,0.96007,0.96021,1.50,1.43
2013.08.02 10:09:44.135,0.96006,0.96021,2.37,1.43
2013.08.02 10:09:45.235,0.96006,0.96021,2.37,1.43
2013.08.02 10:09:45.355,0.96006,0.96021,2.37,1.43
2013.08.02 10:09:46.735,0.96004,0.96021,3.87,1.35
2013.08.02 10:09:46.857,0.96004,0.96019,3.12,2.18
2013.08.02 10:09:46.977,0.96004,0.96019,3.12,2.18
2013.08.02 10:09:47.276,0.96004,0.96021,2.37,1.35
2013.08.02 10:09:47.817,0.96006,0.96022,2.37,2.29
2013.08.02 10:09:48.987,0.96006,0.96022,3.12,2.29
2013.08.02 10:09:52.395,0.96006,0.96021,2.44,1.35
2013.08.02 10:09:53.585,0.96007,0.96022,1.32,1.62
2013.08.02 10:09:53.886,0.96011,0.96023,2.85,1.62
2013.08.02 10:09:54.196,0.96015,0.96027,1.50,2.29
2013.08.02 10:09:55.195,0.96015,0.96027,1.50,2.29
2013.08.02 10:09:55.831,0.96014,0.96027,1.35,2.10
2013.08.02 10:09:58.845,0.96014,0.96027,2.10,2.10
2013.08.02 10:09:58.966,0.96014,0.96025,1.35,1.35
2013.08.02 10:10:00.636,0.96014,0.96027,1.35,1.35
2013.08.02 10:10:00.695,0.96014,0.96029,1.54,2.10
2013.08.02 10:10:01.286,0.96016,0.96031,1.62,2.29
2013.08.02 10:10:02.061,0.96014,0.96028,1.54,1.50
2013.08.02 10:10:03.276,0.96014,0.96027,2.67,1.43
2013.08.02 10:10:03.335,0.96014,0.96028,2.29,1.43
2013.08.02 10:10:03.398,0.96014,0.9603,1.35,2.10
2013.08.02 10:10:03.455,0.96014,0.9603,1.35,1.35
2013.08.02 10:10:03.826,0.96014,0.96029,1.35,1.43
2013.08.02 10:10:05.198,0.96014,0.96029,1.54,1.43
2013.08.02 10:10:06.955,0.96017,0.96029,1.50,1.43
2013.08.02 10:10:07.195,0.96017,0.96032,1.50,2.10
2013.08.02 10:10:09.185,0.96015,0.9603,1.69,1.43
2013.08.02 10:10:10.885,0.96015,0.96032,1.69,2.29
2013.08.02 10:10:11.828,0.96017,0.96034,2.18,1.54
2013.08.02 10:10:12.355,0.96018,0.96034,2.29,2.29
2013.08.02 10:10:13.465,0.96019,0.96036,1.54,1.54
2013.08.02 10:10:14.007,0.96019,0.96036,2.29,2.29
2013.08.02 10:10:14.546,0.9602,0.96037,1.54,1.35
2013.08.02 10:10:15.585,0.96021,0.96038,1.62,1.54
2013.08.02 10:10:16.125,0.96022,0.96038,2.37,1.43
2013.08.02 10:10:17.076,0.96022,0.96038,3.12,1.43
2013.08.02 10:10:18.605,0.96022,0.96039,2.37,1.54
2013.08.02 10:10:19.029,0.96024,0.96039,2.10,2.29
2013.08.02 10:10:19.155,0.96024,0.96039,2.10,2.29
2013.08.02 10:10:19.514,0.96025,0.96042,1.62,1.54
2013.08.02 10:10:20.060,0.96027,0.96043,2.29,1.54
2013.08.02 10:10:20.618,0.96027,0.96043,2.29,2.29
2013.08.02 10:10:20.978,0.96027,0.96043,2.29,1.05
2013.08.02 10:10:21.275,0.96025,0.96041,1.54,1.13
2013.08.02 10:10:21.996,0.96025,0.96041,1.54,1.13
2013.08.02 10:10:22.976,0.96023,0.9604,2.37,2.10
2013.08.02 10:10:23.515,0.96023,0.96038,1.43,1.99
2013.08.02 10:10:23.878,0.96021,0.96037,2.29,1.35
2013.08.02 10:10:24.056,0.96021,0.96038,2.29,2.29
2013.08.02 10:10:24.782,0.96022,0.96038,1.35,1.62
2013.08.02 10:10:26.587,0.96024,0.9604,1.43,3.04
2013.08.02 10:10:26.885,0.96025,0.96042,2.29,3.04
2013.08.02 10:10:27.462,0.96027,0.96043,2.10,1.54
2013.08.02 10:10:29.265,0.96027,0.96042,1.43,1.92
2013.08.02 10:10:29.797,0.96025,0.9604,1.69,1.35
2013.08.02 10:10:29.976,0.96025,0.96042,3.04,2.29
2013.08.02 10:10:31.078,0.96026,0.96042,2.10,2.29
2013.08.02 10:10:33.395,0.96026,0.96042,2.10,2.29
2013.08.02 10:10:34.967,0.96027,0.96042,1.69,1.35
2013.08.02 10:10:35.505,0.96028,0.96043,1.54,1.43
2013.08.02 10:10:35.864,0.9603,0.96044,1.35,1.69
2013.08.02 10:10:36.408,0.96032,0.96048,2.10,3.04
2013.08.02 10:10:37.166,0.9603,0.96047,1.99,1.62
2013.08.02 10:10:38.455,0.96031,0.96048,1.69,2.29
2013.08.02 10:10:39.747,0.96031,0.96048,1.69,2.29
2013.08.02 10:10:40.106,0.96035,0.96048,1.13,1.35
2013.08.02 10:10:40.225,0.96036,0.96052,2.10,3.04
2013.08.02 10:10:40.466,0.96036,0.96052,3.04,1.54
2013.08.02 10:10:40.946,0.96037,0.96052,1.62,2.48
2013.08.02 10:10:41.125,0.96037,0.96052,1.62,1.35
2013.08.02 10:10:41.605,0.96038,0.96055,2.18,1.92
2013.08.02 10:10:43.971,0.96038,0.96053,1.69,1.35
2013.08.02 10:10:45.425,0.96037,0.96052,2.44,1.80
2013.08.02 10:10:45.545,0.96036,0.96052,2.44,1.43
2013.08.02 10:10:45.785,0.96032,0.96048,3.79,2.85
2013.08.02 10:10:49.405,0.96032,0.96045,1.69,1.43
2013.08.02 10:10:50.795,0.96032,0.96046,1.69,2.10
2013.08.02 10:10:51.355,0.96032,0.96047,1.69,2.10
2013.08.02 10:10:51.655,0.9603,0.96043,2.37,1.50
2013.08.02 10:10:51.715,0.9603,0.96043,1.62,1.50
2013.08.02 10:10:53.012,0.96027,0.96043,2.37,2.93
2013.08.02 10:10:54.415,0.96028,0.96043,1.69,2.18
2013.08.02 10:10:54.955,0.96028,0.96043,1.69,1.43
2013.08.02 10:10:59.235,0.96029,0.96045,1.69,1.99
2013.08.02 10:11:01.265,0.96029,0.96045,1.69,1.24
2013.08.02 10:11:02.146,0.96026,0.96043,2.29,2.55
2013.08.02 10:11:03.215,0.96026,0.96043,3.64,1.50
2013.08.02 10:11:03.776,0.96026,0.96043,2.29,3.60
2013.08.02 10:11:05.905,0.96027,0.96043,1.62,2.18
2013.08.02 10:11:07.735,0.96028,0.96043,1.54,1.50
2013.08.02 10:11:08.265,0.96026,0.96043,1.54,2.85
2013.08.02 10:11:08.325,0.96026,0.96042,1.54,1.43
2013.08.02 10:11:08.627,0.9602,0.96035,2.37,1.43
2013.08.02 10:11:08.686,0.96017,0.96033,2.44,1.43
2013.08.02 10:11:09.206,0.96016,0.96033,3.12,1.43
2013.08.02 10:11:09.445,0.96017,0.96033,1.69,1.43
2013.08.02 10:11:09.505,0.96018,0.96034,2.29,2.29
2013.08.02 10:11:09.757,0.96017,0.96032,1.69,1.35
2013.08.02 10:11:13.365,0.96018,0.96033,1.62,1.35
2013.08.02 10:11:19.485,0.96018,0.96033,1.62,1.54
2013.08.02 10:11:19.607,0.96021,0.96036,1.35,2.10
2013.08.02 10:11:19.728,0.96025,0.96041,2.10,2.29
2013.08.02 10:11:20.027,0.96027,0.96038,1.35,1.43
2013.08.02 10:11:20.091,0.9602,0.96035,2.22,1.43
2013.08.02 10:11:20.568,0.96015,0.96031,1.54,1.43
2013.08.02 10:11:21.116,0.96018,0.96034,1.35,2.44
2013.08.02 10:11:21.488,0.96018,0.96034,2.22,1.50
2013.08.02 10:11:21.606,0.96021,0.96037,2.03,2.29
2013.08.02 10:11:21.726,0.96024,0.96039,1.35,3.19
2013.08.02 10:11:22.898,0.9602,0.96038,2.29,1.62
2013.08.02 10:11:23.436,0.96022,0.96039,2.29,1.62
2013.08.02 10:11:23.856,0.96024,0.9604,1.35,1.62
2013.08.02 10:11:24.515,0.96026,0.96042,1.35,2.07
2013.08.02 10:11:25.858,0.96028,0.96039,1.35,1.69
2013.08.02 10:11:25.985,0.96028,0.96041,1.35,1.69
2013.08.02 10:11:26.105,0.9603,0.96041,1.73,1.69
2013.08.02 10:11:26.166,0.96034,0.96048,2.10,1.92
2013.08.02 10:11:26.287,0.96035,0.96049,1.43,1.43
2013.08.02 10:11:26.468,0.96037,0.96052,1.54,1.35
2013.08.02 10:11:26.946,0.96038,0.96052,2.03,1.35
2013.08.02 10:11:27.187,0.96038,0.96052,1.35,1.35
2013.08.02 10:11:27.245,0.96041,0.96052,1.35,1.35
2013.08.02 10:11:27.567,0.96038,0.96051,1.43,1.35
2013.08.02 10:11:27.630,0.96036,0.96052,1.35,1.43
2013.08.02 10:11:27.926,0.96034,0.96052,1.35,1.99
2013.08.02 10:11:28.405,0.96037,0.96052,1.35,2.37
2013.08.02 10:11:29.073,0.96037,0.96052,2.10,2.37
2013.08.02 10:11:30.095,0.96037,0.9605,1.62,1.43
2013.08.02 10:11:30.155,0.96033,0.96048,1.54,1.50
2013.08.02 10:11:30.275,0.96033,0.96048,1.54,1.88
2013.08.02 10:11:30.336,0.96033,0.96048,1.54,2.07
2013.08.02 10:11:30.575,0.9603,0.96044,2.29,2.10
2013.08.02 10:11:30.996,0.96028,0.96038,1.35,1.50
2013.08.02 10:11:31.296,0.96028,0.96044,1.92,2.29
2013.08.02 10:11:31.417,0.96029,0.96044,1.54,2.29
2013.08.02 10:11:31.715,0.96032,0.96046,1.73,1.69
2013.08.02 10:11:31.776,0.96034,0.96048,1.35,1.69
2013.08.02 10:11:31.895,0.96035,0.96049,1.43,1.43
2013.08.02 10:11:35.796,0.96036,0.9605,1.13,1.54
2013.08.02 10:11:36.485,0.96037,0.9605,1.13,1.35
2013.08.02 10:11:38.555,0.96038,0.96051,1.92,1.50
2013.08.02 10:11:40.296,0.96038,0.96051,1.92,1.50
2013.08.02 10:11:40.655,0.9604,0.96053,1.13,1.50
2013.08.02 10:11:40.716,0.9604,0.96053,1.80,1.50
2013.08.02 10:11:43.927,0.96042,0.96056,1.80,1.62
2013.08.02 10:11:44.013,0.96044,0.9606,1.32,2.10
2013.08.02 10:11:44.079,0.96045,0.9606,1.43,1.43
2013.08.02 10:11:44.387,0.96046,0.96062,3.08,2.29
2013.08.02 10:11:44.746,0.96046,0.96062,3.27,2.10
2013.08.02 10:11:44.927,0.96046,0.96062,2.89,2.10
2013.08.02 10:11:45.047,0.96046,0.96062,2.29,2.48
2013.08.02 10:11:47.055,0.96046,0.96062,2.29,3.04
2013.08.02 10:11:51.118,0.96047,0.96062,1.13,2.10
2013.08.02 10:11:51.596,0.96052,0.96065,1.13,1.62
2013.08.02 10:11:52.136,0.96052,0.96067,1.32,1.62
2013.08.02 10:11:54.115,0.9605,0.96063,1.50,1.43
2013.08.02 10:11:59.715,0.96051,0.96061,1.35,1.13
2013.08.02 10:11:59.778,0.96047,0.96061,2.37,1.13
2013.08.02 10:11:59.956,0.96046,0.9606,2.10,1.32
2013.08.02 10:12:00.016,0.96045,0.9606,2.10,1.32
2013.08.02 10:12:07.026,0.96044,0.96057,1.50,1.50
2013.08.02 10:12:07.086,0.96044,0.96057,1.13,1.50
2013.08.02 10:12:07.146,0.96044,0.96057,1.88,1.50
2013.08.02 10:12:07.386,0.96043,0.96057,1.62,1.50
2013.08.02 10:12:07.626,0.96041,0.96049,3.04,1.13
2013.08.02 10:12:07.806,0.96036,0.96047,1.43,1.05
2013.08.02 10:12:07.926,0.96032,0.96047,3.42,1.05
2013.08.02 10:12:07.985,0.96033,0.96047,1.62,1.05
2013.08.02 10:12:08.166,0.96032,0.96048,3.12,1.43
2013.08.02 10:12:08.286,0.96032,0.96048,2.37,1.62
2013.08.02 10:12:08.345,0.96032,0.96048,2.37,2.37
2013.08.02 10:12:08.851,0.96032,0.96047,1.50,2.29
2013.08.02 10:12:08.918,0.96032,0.96044,1.50,1.43
2013.08.02 10:12:10.405,0.96032,0.96048,3.12,2.18
2013.08.02 10:12:10.645,0.96032,0.96048,2.37,1.43
2013.08.02 10:12:10.706,0.96032,0.96049,3.12,2.85
2013.08.02 10:12:11.369,0.96032,0.96049,2.37,2.85
2013.08.02 10:12:11.556,0.96034,0.96047,1.54,1.13
2013.08.02 10:12:11.915,0.96033,0.96047,1.35,1.13
2013.08.02 10:12:12.446,0.96033,0.96049,1.73,4.39
2013.08.02 10:12:14.016,0.96033,0.96049,1.54,3.23
2013.08.02 10:12:15.375,0.96032,0.96046,1.62,1.13
2013.08.02 10:12:16.575,0.96032,0.96046,2.29,1.13
2013.08.02 10:12:21.048,0.96032,0.96045,1.32,2.10
2013.08.02 10:12:22.215,0.96031,0.96045,2.44,2.10
2013.08.02 10:12:24.291,0.96032,0.96047,1.69,1.43
2013.08.02 10:12:27.496,0.96032,0.96047,1.69,1.43
2013.08.02 10:12:27.675,0.96032,0.96047,1.32,1.43
2013.08.02 10:12:30.015,0.96034,0.96049,1.69,1.43
2013.08.02 10:12:31.226,0.96036,0.9605,1.50,1.43
2013.08.02 10:12:40.196,0.96036,0.9605,1.69,1.35
2013.08.02 10:12:43.936,0.96035,0.96051,3.19,1.05
2013.08.02 10:12:44.506,0.96036,0.96051,2.37,1.73
2013.08.02 10:12:48.066,0.96036,0.96051,2.18,2.10
2013.08.02 10:12:48.577,0.96036,0.96051,1.50,1.35
2013.08.02 10:12:54.005,0.96036,0.96049,1.88,1.35
2013.08.02 10:12:54.467,0.96036,0.96049,1.88,1.35
2013.08.02 10:12:56.505,0.96036,0.96049,1.88,1.35
2013.08.02 10:12:57.437,0.96036,0.96049,1.88,1.35
2013.08.02 10:13:02.845,0.96036,0.96049,1.88,1.35
2013.08.02 10:13:03.218,0.96036,0.9605,2.07,1.43
2013.08.02 10:13:03.276,0.96036,0.9605,2.74,1.43
2013.08.02 10:13:03.816,0.96038,0.96053,1.35,2.37
2013.08.02 10:13:05.015,0.96036,0.96051,2.74,1.43
2013.08.02 10:13:11.026,0.96036,0.9605,1.32,2.85
2013.08.02 10:13:11.086,0.96036,0.96049,1.32,1.50
2013.08.02 10:13:11.387,0.96034,0.96043,1.13,1.50
2013.08.02 10:13:11.686,0.96028,0.9604,1.32,1.43
2013.08.02 10:13:12.397,0.96029,0.9604,1.13,1.43
2013.08.02 10:13:12.576,0.96028,0.96042,1.24,1.43
2013.08.02 10:13:13.461,0.96028,0.96042,1.62,1.43
2013.08.02 10:13:15.815,0.96028,0.96042,1.99,1.43
2013.08.02 10:13:17.576,0.96028,0.96042,1.99,1.43
2013.08.02 10:13:17.936,0.96035,0.96047,1.50,2.37
2013.08.02 10:13:18.115,0.96035,0.96048,1.50,1.35
2013.08.02 10:13:18.235,0.96035,0.9605,1.50,2.29
2013.08.02 10:13:20.352,0.96033,0.96049,2.93,1.24
2013.08.02 10:13:20.416,0.96033,0.96048,1.43,1.13
2013.08.02 10:13:20.535,0.96032,0.96047,2.18,1.62
2013.08.02 10:13:21.666,0.96032,0.96047,1.43,1.62
2013.08.02 10:13:22.025,0.9603,0.96043,1.62,1.50
2013.08.02 10:13:22.388,0.96027,0.96034,1.54,1.50
2013.08.02 10:13:22.447,0.96027,0.96035,1.35,1.88
2013.08.02 10:13:22.507,0.96023,0.96035,1.62,1.88
2013.08.02 10:13:22.566,0.96023,0.96034,1.62,1.50
2013.08.02 10:13:22.934,0.96022,0.96034,1.54,1.50
2013.08.02 10:13:23.546,0.96023,0.96037,1.35,1.43
2013.08.02 10:13:24.108,0.96023,0.96037,2.29,1.13
2013.08.02 10:13:30.135,0.96023,0.96038,1.35,1.50
2013.08.02 10:13:31.815,0.96023,0.96033,1.35,1.50
2013.08.02 10:13:32.356,0.96021,0.96033,1.99,1.50
2013.08.02 10:13:33.068,0.96021,0.96033,1.99,1.50
2013.08.02 10:13:33.431,0.96019,0.96028,1.35,1.50
2013.08.02 10:13:33.556,0.96016,0.96028,1.54,1.50
2013.08.02 10:13:33.795,0.96015,0.96029,2.29,1.50
2013.08.02 10:13:34.346,0.96016,0.96031,1.62,1.80
2013.08.02 10:13:36.295,0.96015,0.96028,2.29,1.50
2013.08.02 10:13:39.029,0.96015,0.96026,1.35,2.10
2013.08.02 10:13:39.387,0.96009,0.96019,1.35,1.50
2013.08.02 10:13:39.447,0.96008,0.96019,1.35,1.50
2013.08.02 10:13:39.566,0.96008,0.96016,1.35,1.13
2013.08.02 10:13:39.686,0.96003,0.96016,1.43,1.32
2013.08.02 10:13:40.785,0.96001,0.96017,2.29,1.32
2013.08.02 10:13:41.316,0.96001,0.96013,1.35,1.35
2013.08.02 10:13:41.736,0.95997,0.96013,1.43,2.40
2013.08.02 10:13:42.356,0.95998,0.96013,1.05,2.03
2013.08.02 10:13:42.887,0.95998,0.96013,1.05,2.03
2013.08.02 10:13:43.356,0.95998,0.96013,1.05,2.78
2013.08.02 10:13:45.027,0.95997,0.96013,1.24,2.10
2013.08.02 10:13:45.089,0.95999,0.96013,1.13,2.10
2013.08.02 10:13:45.388,0.95998,0.96014,1.80,3.12
2013.08.02 10:13:45.626,0.96002,0.96014,1.35,1.50
2013.08.02 10:13:46.165,0.96,0.96013,1.35,1.13
2013.08.02 10:13:46.525,0.95998,0.96013,2.10,1.13
2013.08.02 10:13:50.367,0.95998,0.96013,2.29,1.13
2013.08.02 10:13:50.426,0.95998,0.96014,2.29,2.78
2013.08.02 10:13:50.486,0.96,0.96014,1.62,1.43
2013.08.02 10:13:50.787,0.96006,0.96018,1.43,1.13
2013.08.02 10:13:51.326,0.96005,0.96019,1.32,2.10
2013.08.02 10:13:51.386,0.96004,0.96019,1.62,2.10
2013.08.02 10:13:51.566,0.96004,0.9602,2.18,1.80
2013.08.02 10:13:52.105,0.96006,0.96021,2.29,1.43
2013.08.02 10:13:52.556,0.96006,0.96021,2.29,1.43
2013.08.02 10:13:52.918,0.96003,0.96015,1.54,1.35
2013.08.02 10:13:53.445,0.96002,0.96015,1.62,1.35
2013.08.02 10:13:55.236,0.96002,0.96015,1.62,1.35
2013.08.02 10:13:55.357,0.96001,0.96013,1.54,2.10
2013.08.02 10:13:55.476,0.96,0.96015,1.80,2.10
2013.08.02 10:13:55.537,0.96001,0.96015,1.62,1.43
2013.08.02 10:13:55.896,0.96004,0.96017,1.43,1.54
2013.08.02 10:13:56.136,0.96002,0.96017,3.04,1.35
2013.08.02 10:13:56.255,0.96002,0.96017,3.04,1.73
2013.08.02 10:13:56.436,0.96002,0.96014,1.62,1.13
2013.08.02 10:13:58.455,0.96,0.96011,1.92,1.50
2013.08.02 10:13:58.515,0.96,0.96013,1.92,1.50
2013.08.02 10:13:58.756,0.95999,0.96013,1.62,1.50
2013.08.02 10:13:58.875,0.95999,0.96014,1.69,2.10
2013.08.02 10:14:03.116,0.96001,0.96009,1.05,1.50
2013.08.02 10:14:03.296,0.95997,0.96012,1.32,1.43
2013.08.02 10:14:03.476,0.95999,0.96013,1.24,1.35
2013.08.02 10:14:04.446,0.96,0.96013,1.88,1.35
2013.08.02 10:14:05.716,0.96001,0.96015,1.80,1.62
2013.08.02 10:14:06.136,0.96003,0.96016,1.05,1.92
2013.08.02 10:14:06.676,0.96001,0.96016,2.10,1.92
2013.08.02 10:14:07.007,0.96001,0.96009,1.35,1.50
2013.08.02 10:14:07.250,0.95997,0.96012,1.13,2.10
2013.08.02 10:14:07.812,0.95997,0.96013,3.04,2.85
2013.08.02 10:14:10.657,0.96,0.96013,1.13,2.10
2013.08.02 10:14:10.716,0.96,0.96013,1.13,2.10
2013.08.02 10:14:11.135,0.96,0.96013,1.73,1.50
2013.08.02 10:14:13.406,0.96,0.96013,2.10,1.35
2013.08.02 10:14:13.925,0.96001,0.96013,1.13,1.35
2013.08.02 10:14:14.176,0.96001,0.96016,1.13,3.27
2013.08.02 10:14:14.237,0.96001,0.96016,2.48,1.99
2013.08.02 10:14:14.298,0.96004,0.96018,1.43,2.97
2013.08.02 10:14:14.359,0.96004,0.96018,1.62,1.43
2013.08.02 10:14:14.486,0.96006,0.96021,2.10,2.18
2013.08.02 10:14:15.025,0.96007,0.96023,2.29,2.07
2013.08.02 10:14:18.785,0.96006,0.96023,2.37,2.37
2013.08.02 10:14:19.516,0.96006,0.96019,1.62,1.35
2013.08.02 10:14:19.636,0.96005,0.96019,1.24,2.10
2013.08.02 10:14:19.756,0.96006,0.96019,1.13,1.35
2013.08.02 10:14:20.874,0.96001,0.96014,2.29,1.13
2013.08.02 10:14:20.936,0.96,0.96014,2.29,1.13
2013.08.02 10:14:21.238,0.96001,0.96016,1.13,2.10
2013.08.02 10:14:21.418,0.96001,0.96015,2.07,1.35
2013.08.02 10:14:21.776,0.96003,0.96018,2.18,1.43
2013.08.02 10:14:22.257,0.96001,0.96018,2.29,2.85
2013.08.02 10:14:22.436,0.96001,0.96016,1.62,1.35
2013.08.02 10:14:22.737,0.96,0.96013,2.29,1.13
2013.08.02 10:14:22.856,0.95996,0.96013,2.37,2.10
2013.08.02 10:14:24.906,0.95996,0.9601,1.54,1.50
2013.08.02 10:14:24.965,0.95996,0.96009,1.54,1.50
2013.08.02 10:14:25.145,0.95994,0.96009,1.54,1.50
2013.08.02 10:14:25.687,0.95993,0.96009,2.37,2.18
2013.08.02 10:14:26.216,0.95994,0.96009,1.35,1.50
2013.08.02 10:14:26.395,0.95993,0.96008,1.62,1.43
2013.08.02 10:14:31.556,0.95993,0.96008,1.99,1.80
2013.08.02 10:14:33.807,0.95993,0.96008,2.37,1.43
2013.08.02 10:14:33.990,0.95994,0.96011,2.29,2.29
2013.08.02 10:14:35.625,0.95997,0.96012,1.62,1.43
2013.08.02 10:14:39.017,0.95996,0.96009,1.62,1.88
2013.08.02 10:14:39.136,0.95994,0.96009,3.04,2.55
2013.08.02 10:14:39.257,0.95991,0.96,1.62,1.13
2013.08.02 10:14:39.316,0.95989,0.96,1.24,1.13
2013.08.02 10:14:39.556,0.95989,0.96002,1.05,1.35
2013.08.02 10:14:40.035,0.95987,0.96002,1.84,1.80
2013.08.02 10:14:40.826,0.95988,0.96002,1.32,1.43
2013.08.02 10:14:41.507,0.95987,0.96003,1.32,3.42
2013.08.02 10:14:44.526,0.95987,0.96003,1.32,3.42
2013.08.02 10:14:47.396,0.95987,0.96003,1.32,3.42
2013.08.02 10:14:49.525,0.95988,0.96003,1.05,2.74
2013.08.02 10:14:54.626,0.95989,0.96003,1.43,1.24
2013.08.02 10:14:55.666,0.95991,0.96005,2.93,2.97
2013.08.02 10:14:55.786,0.95997,0.96009,1.50,1.69
2013.08.02 10:14:56.146,0.95997,0.96013,2.48,3.12
2013.08.02 10:14:56.206,0.96001,0.96013,1.88,1.62
2013.08.02 10:14:56.266,0.96001,0.96014,1.50,1.54
2013.08.02 10:14:56.327,0.96001,0.96015,2.37,1.35
2013.08.02 10:14:56.449,0.96001,0.96017,2.74,1.35
2013.08.02 10:14:56.886,0.96003,0.96018,1.24,1.43
2013.08.02 10:14:57.402,0.96004,0.96019,1.24,2.18
2013.08.02 10:14:58.335,0.96004,0.96019,1.92,1.50
2013.08.02 10:14:58.971,0.96006,0.9602,1.43,1.43
2013.08.02 10:15:00.296,0.96006,0.9602,1.43,1.62
2013.08.02 10:15:01.659,0.96006,0.96018,1.24,1.50
2013.08.02 10:15:01.967,0.96007,0.96018,1.35,1.50
2013.08.02 10:15:06.326,0.96006,0.96018,1.35,1.50
2013.08.02 10:15:07.047,0.96003,0.96018,1.99,1.50
2013.08.02 10:15:07.715,0.96005,0.96018,1.73,1.50
2013.08.02 10:15:09.937,0.96,0.96014,1.62,1.88
2013.08.02 10:15:09.998,0.95999,0.96014,2.29,1.88
2013.08.02 10:15:10.057,0.95999,0.96014,2.29,1.88
2013.08.02 10:15:11.405,0.95999,0.96014,1.35,2.07
2013.08.02 10:15:11.886,0.95996,0.96009,1.54,1.50
2013.08.02 10:15:12.527,0.95996,0.96009,2.29,1.50
2013.08.02 10:15:12.646,0.95995,0.96009,3.04,1.50
2013.08.02 10:15:17.746,0.95995,0.96008,1.05,1.43
2013.08.02 10:15:17.866,0.95992,0.96008,1.92,2.10
2013.08.02 10:15:17.926,0.95992,0.96008,1.54,2.10
2013.08.02 10:15:19.836,0.95992,0.96008,2.29,2.10
2013.08.02 10:15:25.257,0.95992,0.96008,3.04,2.10
2013.08.02 10:15:25.767,0.95992,0.96003,1.35,1.50
2013.08.02 10:15:25.827,0.95992,0.96003,1.35,1.50
2013.08.02 10:15:26.187,0.95988,0.95997,2.85,1.13
2013.08.02 10:15:26.426,0.95989,0.95998,1.35,1.24
2013.08.02 10:15:26.786,0.95981,0.95996,2.85,1.43
2013.08.02 10:15:26.846,0.95979,0.95995,2.22,1.43
2013.08.02 10:15:30.995,0.95981,0.95994,1.69,1.43
2013.08.02 10:15:31.505,0.95979,0.95993,2.29,2.10
2013.08.02 10:15:36.666,0.9598,0.95994,2.44,1.35
2013.08.02 10:15:49.577,0.95981,0.95995,2.07,1.35
2013.08.02 10:15:49.636,0.95981,0.95997,3.42,1.62
2013.08.02 10:15:50.195,0.95984,0.95999,1.43,1.69
2013.08.02 10:15:52.986,0.95984,0.95999,2.18,1.69
2013.08.02 10:15:53.287,0.95992,0.96006,1.80,1.62
2013.08.02 10:15:53.661,0.95992,0.96008,1.73,2.37
2013.08.02 10:15:54.469,0.9599,0.96005,2.78,1.13
2013.08.02 10:15:54.528,0.9599,0.96005,1.35,1.32
2013.08.02 10:15:54.587,0.9599,0.96002,1.35,1.13
2013.08.02 10:15:55.060,0.95987,0.96002,1.35,1.13
2013.08.02 10:15:55.366,0.95985,0.96002,1.35,2.74
2013.08.02 10:15:55.486,0.95984,0.95999,1.54,1.69
2013.08.02 10:15:55.728,0.95986,0.96001,2.10,1.62
2013.08.02 10:15:55.847,0.95988,0.96001,1.13,1.35
2013.08.02 10:15:56.355,0.95989,0.96006,2.10,4.17
2013.08.02 10:16:00.045,0.95992,0.96006,1.62,1.43
2013.08.02 10:16:00.170,0.95993,0.9601,1.92,1.62
2013.08.02 10:16:00.476,0.95992,0.96009,1.54,3.04
2013.08.02 10:16:01.657,0.95993,0.96008,1.62,1.54
2013.08.02 10:16:01.778,0.95998,0.96008,1.35,1.35
2013.08.02 10:16:01.896,0.95997,0.96008,1.54,1.35
2013.08.02 10:16:01.957,0.95997,0.96013,1.62,2.55
2013.08.02 10:16:02.258,0.95994,0.96008,1.69,1.35
2013.08.02 10:16:02.380,0.95993,0.96008,2.44,1.35
2013.08.02 10:16:02.736,0.95993,0.96006,2.44,1.43
2013.08.02 10:16:03.037,0.95994,0.96006,1.50,1.43
2013.08.02 10:16:03.397,0.95992,0.96004,1.32,1.35
2013.08.02 10:16:03.936,0.95989,0.96003,1.32,2.10
2013.08.02 10:16:04.376,0.95987,0.96003,1.32,2.85
2013.08.02 10:16:04.615,0.95987,0.96003,1.13,3.04
2013.08.02 10:16:04.975,0.95983,0.95999,1.54,3.83
2013.08.02 10:16:05.366,0.95982,0.95998,2.29,1.05
2013.08.02 10:16:06.093,0.95982,0.95996,1.24,1.43
2013.08.02 10:16:06.907,0.95983,0.95995,1.13,1.50
2013.08.02 10:16:07.266,0.9598,0.95993,1.32,1.50
2013.08.02 10:16:08.818,0.9598,0.95993,2.29,1.50
2013.08.02 10:16:09.226,0.95981,0.95993,1.13,1.50
2013.08.02 10:16:09.827,0.95979,0.95993,1.99,2.18
2013.08.02 10:16:10.877,0.95979,0.95991,2.18,1.13
2013.08.02 10:16:11.236,0.95974,0.95988,1.05,2.18
2013.08.02 10:16:11.298,0.95972,0.95986,2.44,1.43
2013.08.02 10:16:11.722,0.95976,0.95989,1.13,1.43
2013.08.02 10:16:11.907,0.95975,0.9599,2.59,1.35
2013.08.02 10:16:12.086,0.95977,0.95991,1.13,1.62
2013.08.02 10:16:13.237,0.95977,0.95991,1.13,1.62
2013.08.02 10:16:16.675,0.95976,0.95991,1.05,2.93
2013.08.02 10:16:16.976,0.95975,0.95988,1.92,1.50
2013.08.02 10:16:17.522,0.95974,0.95988,1.32,1.50
2013.08.02 10:16:20.037,0.95973,0.95988,1.92,1.43
2013.08.02 10:16:21.195,0.95973,0.95986,1.62,1.13
2013.08.02 10:16:21.376,0.95971,0.95986,2.37,1.80
2013.08.02 10:16:21.677,0.95968,0.95978,1.54,1.50
2013.08.02 10:16:21.736,0.95966,0.95977,1.62,1.13
2013.08.02 10:16:21.797,0.95965,0.95977,1.69,1.13
2013.08.02 10:16:22.380,0.95962,0.95977,3.04,1.13
2013.08.02 10:16:25.308,0.95964,0.95978,1.62,1.43
2013.08.02 10:16:28.609,0.95964,0.95978,1.62,1.80
2013.08.02 10:16:28.796,0.95963,0.95976,1.54,1.13
2013.08.02 10:16:28.976,0.95961,0.95973,2.37,1.13
2013.08.02 10:16:29.156,0.95961,0.95973,1.50,1.99
2013.08.02 10:16:31.466,0.95958,0.95973,1.47,2.29
2013.08.02 10:16:31.586,0.95957,0.95973,1.92,1.43
2013.08.02 10:16:31.646,0.95956,0.95969,1.62,1.13
2013.08.02 10:16:32.177,0.95955,0.95967,1.62,1.13
2013.08.02 10:16:33.306,0.95955,0.95968,1.62,1.13
2013.08.02 10:16:33.426,0.95956,0.95971,2.10,1.69
2013.08.02 10:16:38.366,0.95956,0.95971,1.62,1.99
2013.08.02 10:16:38.426,0.95955,0.95971,1.13,1.99
2013.08.02 10:16:38.545,0.95954,0.9597,1.43,1.32
2013.08.02 10:16:39.187,0.95954,0.95971,1.80,1.99
2013.08.02 10:16:39.246,0.95954,0.95968,1.05,1.50
2013.08.02 10:16:39.426,0.95952,0.95968,2.85,5.22
2013.08.02 10:16:39.786,0.95947,0.95963,2.74,2.18
2013.08.02 10:16:40.026,0.95949,0.95965,1.05,1.99
2013.08.02 10:16:40.146,0.9595,0.95966,1.43,1.32
2013.08.02 10:16:40.506,0.95955,0.95969,2.10,1.69
2013.08.02 10:16:40.566,0.95955,0.95969,2.10,1.69
2013.08.02 10:16:40.805,0.95955,0.95969,2.10,1.69
2013.08.02 10:16:41.109,0.9595,0.95965,1.80,2.10
2013.08.02 10:16:41.167,0.95951,0.95965,1.43,1.43
2013.08.02 10:16:41.226,0.95952,0.95967,1.95,1.50
2013.08.02 10:16:41.285,0.95954,0.95967,1.43,1.69
2013.08.02 10:16:42.015,0.95952,0.95967,3.04,1.50
2013.08.02 10:16:42.196,0.95952,0.95967,4.47,1.88
2013.08.02 10:16:43.076,0.95954,0.95966,1.35,1.13
2013.08.02 10:16:43.137,0.95952,0.95967,2.29,2.07
2013.08.02 10:16:43.197,0.95952,0.95967,2.29,2.74
2013.08.02 10:16:43.776,0.95952,0.95967,2.29,2.07
2013.08.02 10:16:47.770,0.95954,0.95967,1.35,1.50
2013.08.02 10:16:48.006,0.95956,0.95969,1.80,1.50
2013.08.02 10:16:48.546,0.95953,0.95971,1.32,2.29
2013.08.02 10:16:49.227,0.95954,0.95972,1.92,3.42
2013.08.02 10:16:49.587,0.95956,0.95972,2.48,1.69
2013.08.02 10:16:49.890,0.95959,0.95974,1.05,2.25
2013.08.02 10:16:50.256,0.95962,0.95977,1.80,1.62
2013.08.02 10:16:50.376,0.95962,0.95977,1.80,1.43
2013.08.02 10:16:50.957,0.95962,0.95978,1.13,3.04
2013.08.02 10:16:51.478,0.95961,0.95974,1.13,2.18
2013.08.02 10:16:52.189,0.95961,0.95974,1.13,2.18
2013.08.02 10:16:53.436,0.95961,0.95974,1.88,1.43
2013.08.02 10:16:54.787,0.95962,0.95974,1.50,1.43
2013.08.02 10:16:55.326,0.95961,0.95974,1.69,1.43
2013.08.02 10:16:57.156,0.95958,0.95974,2.37,1.43
2013.08.02 10:16:57.696,0.95957,0.95972,1.69,1.43
2013.08.02 10:16:58.288,0.95956,0.95972,4.24,1.43
2013.08.02 10:16:58.587,0.95957,0.95972,1.32,1.43
2013.08.02 10:16:58.648,0.95957,0.95974,2.07,2.29
2013.08.02 10:16:58.767,0.95962,0.95976,1.73,3.79
2013.08.02 10:16:58.826,0.95964,0.95976,1.35,1.62
2013.08.02 10:16:58.948,0.95965,0.95978,1.32,1.35
2013.08.02 10:16:59.127,0.95967,0.95983,1.47,1.43
2013.08.02 10:17:01.957,0.95967,0.95983,2.37,1.43
2013.08.02 10:17:02.486,0.95969,0.95985,1.47,2.18
2013.08.02 10:17:03.517,0.95969,0.95985,2.97,2.18
2013.08.02 10:17:06.616,0.9597,0.95985,2.44,1.43
2013.08.02 10:17:06.736,0.9597,0.95988,3.79,2.29
2013.08.02 10:17:06.856,0.95977,0.9599,1.50,1.62
2013.08.02 10:17:12.666,0.95977,0.95989,1.50,1.43
2013.08.02 10:17:13.226,0.95973,0.9599,3.12,2.10
2013.08.02 10:17:14.186,0.95975,0.95991,1.62,1.62
2013.08.02 10:17:14.724,0.95976,0.95993,2.29,2.44
2013.08.02 10:17:21.057,0.95976,0.95992,2.29,1.50
2013.08.02 10:17:21.592,0.95977,0.95992,3.12,1.50
2013.08.02 10:17:21.657,0.95977,0.95994,3.12,1.43
2013.08.02 10:17:21.717,0.95982,0.95997,2.85,3.12
2013.08.02 10:17:21.896,0.95983,0.95997,2.29,1.43
2013.08.02 10:17:22.256,0.95987,0.96002,2.10,1.43
2013.08.02 10:17:22.818,0.95986,0.96003,2.29,2.29
2013.08.02 10:17:23.116,0.95987,0.96003,1.50,2.29
2013.08.02 10:17:24.805,0.95988,0.96003,2.29,2.18
2013.08.02 10:17:25.170,0.95989,0.96003,1.62,1.43
2013.08.02 10:17:25.716,0.95989,0.96002,1.62,1.50
2013.08.02 10:17:26.357,0.95988,0.96002,3.04,1.50
2013.08.02 10:17:29.587,0.95989,0.96003,1.05,1.43
2013.08.02 10:17:31.668,0.95989,0.96003,1.80,1.43
2013.08.02 10:17:32.027,0.95992,0.96004,1.13,1.43
2013.08.02 10:17:32.146,0.95992,0.96006,1.13,1.43
2013.08.02 10:17:32.206,0.95992,0.96006,1.80,1.43
2013.08.02 10:17:32.636,0.95992,0.96006,1.80,1.43
2013.08.02 10:17:32.756,0.95992,0.96006,1.80,2.18
2013.08.02 10:17:33.057,0.95992,0.96007,1.13,3.04
2013.08.02 10:17:33.178,0.95991,0.96003,1.35,1.50
2013.08.02 10:17:33.356,0.95986,0.95999,2.25,1.35
2013.08.02 10:17:33.418,0.95986,0.95998,1.50,1.43
2013.08.02 10:17:33.716,0.95982,0.95997,1.35,1.35
2013.08.02 10:17:33.777,0.9598,0.95995,1.69,1.35
2013.08.02 10:17:34.257,0.9598,0.95995,1.50,1.35
2013.08.02 10:17:34.439,0.95981,0.95997,2.29,1.35
2013.08.02 10:17:34.986,0.95982,0.95999,3.04,2.29
2013.08.02 10:17:35.226,0.95983,0.95998,1.69,1.35
2013.08.02 10:17:35.406,0.95981,0.95998,1.99,1.54
2013.08.02 10:17:35.977,0.95981,0.95996,1.62,2.18
2013.08.02 10:17:38.706,0.95984,0.95996,1.35,1.43
2013.08.02 10:17:39.502,0.95984,0.95995,1.35,1.43
2013.08.02 10:17:42.226,0.9598,0.95995,2.37,1.43
2013.08.02 10:17:42.746,0.9598,0.95994,1.69,1.35
2013.08.02 10:17:47.427,0.95976,0.95993,2.97,2.10
2013.08.02 10:17:47.487,0.95976,0.95992,2.97,1.43
2013.08.02 10:17:48.257,0.95976,0.95992,2.29,2.10
2013.08.02 10:17:48.407,0.95976,0.95992,2.29,2.10
2013.08.02 10:17:49.626,0.95976,0.95991,2.29,1.43
2013.08.02 10:17:50.176,0.95976,0.9599,1.54,2.10
2013.08.02 10:17:50.635,0.95976,0.95992,2.22,1.62
2013.08.02 10:17:51.007,0.95981,0.95994,1.43,2.74
2013.08.02 10:17:51.068,0.9598,0.95995,1.35,1.99
2013.08.02 10:17:51.487,0.95981,0.95995,2.03,1.43
2013.08.02 10:17:51.667,0.95981,0.95996,2.03,1.43
2013.08.02 10:17:52.037,0.95981,0.95996,2.03,1.43
2013.08.02 10:17:53.586,0.95981,0.95996,2.22,1.43
2013.08.02 10:17:54.146,0.95982,0.95998,2.29,2.18
2013.08.02 10:17:54.325,0.95984,0.95998,2.14,1.88
2013.08.02 10:17:54.689,0.95984,0.96,2.89,2.67
2013.08.02 10:17:55.176,0.95984,0.96,2.89,2.67
2013.08.02 10:17:55.599,0.95986,0.96,1.43,1.99
2013.08.02 10:17:56.243,0.95986,0.96003,2.10,1.99
2013.08.02 10:17:56.366,0.95986,0.96003,2.78,1.69
2013.08.02 10:17:56.427,0.95988,0.96004,1.35,4.17
2013.08.02 10:17:56.486,0.95988,0.96004,4.20,2.44
2013.08.02 10:17:56.847,0.95993,0.96006,1.35,1.13
2013.08.02 10:17:57.146,0.95992,0.96007,1.35,1.32
2013.08.02 10:17:57.697,0.95991,0.96005,1.43,1.05
2013.08.02 10:17:58.136,0.95991,0.96005,1.62,1.80
2013.08.02 10:18:01.300,0.95992,0.96006,1.43,1.32
2013.08.02 10:18:01.426,0.95992,0.96007,3.53,2.07
2013.08.02 10:18:01.667,0.95993,0.96005,1.35,1.50
2013.08.02 10:18:02.226,0.95991,0.96005,1.54,1.50
2013.08.02 10:18:02.766,0.95991,0.96005,2.22,1.50
2013.08.02 10:18:03.383,0.95991,0.96006,2.22,1.69
2013.08.02 10:18:04.037,0.95991,0.96006,1.54,3.04
2013.08.02 10:18:04.156,0.9599,0.96005,2.29,1.50
2013.08.02 10:18:04.277,0.95989,0.96003,2.29,3.23
2013.08.02 10:18:04.397,0.95987,0.95998,1.35,1.05
2013.08.02 10:18:04.456,0.95986,0.95998,1.50,1.05
2013.08.02 10:18:05.266,0.95984,0.95998,1.35,1.05
2013.08.02 10:18:06.188,0.95983,0.95998,1.54,1.80
2013.08.02 10:18:06.377,0.95983,0.95997,1.35,1.43
2013.08.02 10:18:06.496,0.95982,0.95996,1.69,1.43
2013.08.02 10:18:06.736,0.95979,0.95993,2.22,2.18
2013.08.02 10:18:07.608,0.95979,0.95993,1.47,3.42
2013.08.02 10:18:07.919,0.95978,0.9599,1.50,1.35
2013.08.02 10:18:08.040,0.95976,0.95991,1.69,1.35
2013.08.02 10:18:08.592,0.95977,0.95993,1.62,1.54
2013.08.02 10:18:09.436,0.95978,0.95993,3.19,2.10
2013.08.02 10:18:09.796,0.95982,0.95995,1.32,2.10
2013.08.02 10:18:09.857,0.95984,0.95997,1.32,1.35
2013.08.02 10:18:09.976,0.95985,0.96002,1.24,1.24
2013.08.02 10:18:10.276,0.95985,0.96003,1.24,1.54
2013.08.02 10:18:11.006,0.95985,0.96002,1.24,1.62
2013.08.02 10:18:11.186,0.95985,0.96,1.24,1.35
2013.08.02 10:18:12.002,0.95985,0.96,1.24,1.35
2013.08.02 10:18:12.846,0.95985,0.96,1.24,1.54
2013.08.02 10:18:14.425,0.95987,0.96001,1.05,1.62
2013.08.02 10:18:15.186,0.95989,0.96004,1.35,1.32
2013.08.02 10:18:16.217,0.95989,0.96004,1.35,1.32
2013.08.02 10:18:16.735,0.95987,0.96004,2.37,1.62
2013.08.02 10:18:18.416,0.95987,0.96004,2.37,1.43
2013.08.02 10:18:22.056,0.95986,0.96002,2.29,1.43
2013.08.02 10:18:22.603,0.95986,0.96002,2.29,2.10
2013.08.02 10:18:27.836,0.95986,0.96002,2.67,2.10
2013.08.02 10:18:31.926,0.95986,0.96002,3.23,2.78
2013.08.02 10:18:32.466,0.95986,0.96001,1.32,2.10
2013.08.02 10:18:32.766,0.95986,0.96001,1.32,2.10
2013.08.02 10:18:33.526,0.95986,0.96001,1.32,2.10
2013.08.02 10:18:34.156,0.95986,0.96001,1.32,1.43
2013.08.02 10:18:34.396,0.95986,0.96001,1.32,1.43
2013.08.02 10:18:34.926,0.95986,0.96,1.32,1.35
2013.08.02 10:18:35.106,0.95986,0.96002,1.32,1.62
2013.08.02 10:18:35.656,0.95985,0.96002,1.99,1.62
2013.08.02 10:18:40.436,0.95986,0.96003,1.32,1.54
2013.08.02 10:18:40.616,0.95986,0.96004,2.29,1.54
2013.08.02 10:18:43.876,0.95988,0.96005,1.54,1.62
2013.08.02 10:18:43.936,0.9599,0.96007,1.54,2.29
2013.08.02 10:18:44.236,0.95991,0.96008,1.54,1.62
2013.08.02 10:18:46.696,0.95992,0.96009,1.62,1.54
2013.08.02 10:18:47.026,0.95993,0.9601,1.54,2.37
2013.08.02 10:18:49.799,0.95993,0.96008,1.54,1.50
2013.08.02 10:18:53.636,0.95993,0.96009,1.54,1.43
2013.08.02 10:18:53.760,0.95995,0.96011,1.54,1.62
2013.08.02 10:18:53.999,0.96,0.96014,1.35,1.50
2013.08.02 10:18:54.536,0.96,0.96016,1.35,3.04
2013.08.02 10:18:55.166,0.95998,0.96014,1.54,2.10
2013.08.02 10:18:57.587,0.95997,0.96014,1.62,2.10
2013.08.02 10:18:58.379,0.95997,0.96012,1.62,1.43
2013.08.02 10:19:00.356,0.95996,0.96012,2.29,1.62
2013.08.02 10:19:01.246,0.95996,0.96012,1.62,1.62
2013.08.02 10:19:01.486,0.95998,0.96012,1.13,1.54
2013.08.02 10:19:02.116,0.96002,0.96012,1.50,1.54
2013.08.02 10:19:02.856,0.96002,0.96015,1.50,1.43
2013.08.02 10:19:04.167,0.96003,0.96017,1.13,2.10
2013.08.02 10:19:04.646,0.96002,0.96017,3.49,1.35
2013.08.02 10:19:04.986,0.96005,0.96022,1.35,3.12
2013.08.02 10:19:05.527,0.96005,0.9602,1.05,1.62
2013.08.02 10:19:05.652,0.96006,0.96022,1.13,2.29
2013.08.02 10:19:05.956,0.96008,0.96023,1.13,1.54
2013.08.02 10:19:06.139,0.9601,0.96024,1.50,1.62
2013.08.02 10:19:06.792,0.96008,0.96022,1.32,2.10
2013.08.02 10:19:07.376,0.96007,0.96022,2.29,2.10
2013.08.02 10:19:07.919,0.96006,0.96022,2.29,2.29
2013.08.02 10:19:07.978,0.96006,0.96022,1.54,3.04
2013.08.02 10:19:10.187,0.96006,0.96022,2.10,2.29
2013.08.02 10:19:10.366,0.96006,0.96022,2.10,2.29
2013.08.02 10:19:11.377,0.96006,0.96022,2.97,2.29
2013.08.02 10:19:12.139,0.96006,0.96021,2.29,1.35
2013.08.02 10:19:12.436,0.96005,0.9602,2.74,1.43
2013.08.02 10:19:12.676,0.96005,0.9602,1.43,1.43
2013.08.02 10:19:12.932,0.96005,0.9602,1.43,1.43
2013.08.02 10:19:14.006,0.96007,0.96022,1.80,1.62
2013.08.02 10:19:14.477,0.96007,0.96022,1.80,1.43
2013.08.02 10:19:15.005,0.96008,0.96023,1.35,2.59
2013.08.02 10:19:15.126,0.96008,0.96023,1.35,1.84
2013.08.02 10:19:15.366,0.96007,0.96023,1.43,1.54
2013.08.02 10:19:15.740,0.96007,0.96023,1.80,1.54
2013.08.02 10:19:16.181,0.96007,0.96023,1.43,1.54
2013.08.02 10:19:17.306,0.96007,0.96023,1.80,1.54
2013.08.02 10:19:18.186,0.96007,0.96023,1.80,1.54
2013.08.02 10:19:18.426,0.96007,0.96021,1.80,1.62
2013.08.02 10:19:20.618,0.96007,0.96021,1.80,1.62
2013.08.02 10:19:21.177,0.96004,0.96019,1.62,1.43
2013.08.02 10:19:21.237,0.96003,0.96019,1.35,2.37
2013.08.02 10:19:21.297,0.96001,0.96016,2.55,1.35
2013.08.02 10:19:21.726,0.96001,0.96014,1.88,1.35
2013.08.02 10:19:22.234,0.96001,0.96013,1.88,1.35
2013.08.02 10:19:22.748,0.96001,0.96014,1.88,1.35
2013.08.02 10:19:24.936,0.96001,0.96016,1.13,2.29
2013.08.02 10:19:25.476,0.96,0.96016,1.99,1.54
2013.08.02 10:19:26.166,0.96,0.96016,2.37,1.54
2013.08.02 10:19:27.379,0.96,0.96016,2.74,1.35
2013.08.02 10:19:29.656,0.96001,0.96017,2.10,2.29
2013.08.02 10:19:30.306,0.96001,0.96017,2.10,1.54
2013.08.02 10:19:32.958,0.96001,0.96017,2.10,1.54
2013.08.02 10:19:51.156,0.96001,0.96018,1.80,1.54
2013.08.02 10:19:52.166,0.96002,0.96019,1.73,2.89
2013.08.02 10:19:52.287,0.96001,0.96017,1.88,1.54
2013.08.02 10:19:52.588,0.96001,0.96013,1.13,1.35
2013.08.02 10:19:52.646,0.96001,0.96013,1.13,2.03
2013.08.02 10:19:52.766,0.96001,0.96013,1.13,2.78
2013.08.02 10:19:53.367,0.95999,0.9601,1.13,1.35
2013.08.02 10:19:53.906,0.95997,0.96009,2.67,1.35
2013.08.02 10:19:54.627,0.95998,0.9601,1.32,1.35
2013.08.02 10:19:55.204,0.95998,0.96011,1.32,1.35
2013.08.02 10:19:59.676,0.95998,0.96012,1.32,1.35
2013.08.02 10:20:00.197,0.95997,0.96012,2.59,1.35
2013.08.02 10:20:00.737,0.95995,0.9601,1.62,1.43
2013.08.02 10:20:01.096,0.95992,0.96008,1.24,1.54
2013.08.02 10:20:01.456,0.95997,0.96013,3.42,1.50
2013.08.02 10:20:01.847,0.95999,0.96015,2.37,1.43
2013.08.02 10:20:02.578,0.95999,0.96016,3.87,1.43
2013.08.02 10:20:03.399,0.96001,0.96019,2.29,2.74
2013.08.02 10:20:03.576,0.96004,0.96019,2.22,1.13
2013.08.02 10:20:04.168,0.96011,0.96026,1.92,2.22
2013.08.02 10:20:04.263,0.96012,0.96027,1.28,1.62
2013.08.02 10:20:04.786,0.96012,0.96026,1.17,2.10
2013.08.02 10:20:04.916,0.96013,0.96026,1.32,2.10
2013.08.02 10:20:05.217,0.96011,0.96025,1.92,1.35
2013.08.02 10:20:05.516,0.96006,0.96022,2.44,1.35
2013.08.02 10:20:05.577,0.96005,0.96019,1.54,1.35
2013.08.02 10:20:05.936,0.96004,0.96019,2.37,2.78
2013.08.02 10:20:05.996,0.96006,0.96021,1.43,2.10
2013.08.02 10:20:06.116,0.96006,0.96024,2.10,3.42
2013.08.02 10:20:07.806,0.96004,0.96022,2.29,1.54
2013.08.02 10:20:10.647,0.96004,0.96019,1.54,1.24
2013.08.02 10:20:10.949,0.96002,0.96016,1.54,1.43
2013.08.02 10:20:11.008,0.96001,0.96016,1.35,1.62
2013.08.02 10:20:11.126,0.95999,0.96015,1.35,2.22
2013.08.02 10:20:11.246,0.95997,0.96015,1.62,2.22
2013.08.02 10:20:11.885,0.95996,0.96012,2.29,1.35
2013.08.02 10:20:12.766,0.95996,0.96011,1.62,1.35
2013.08.02 10:20:13.233,0.95995,0.96009,1.69,1.35
2013.08.02 10:20:14.146,0.95995,0.96009,1.69,2.10
2013.08.02 10:20:15.066,0.95994,0.96011,2.67,2.10
2013.08.02 10:20:16.217,0.95994,0.96011,4.69,1.35
2013.08.02 10:20:16.337,0.96,0.96016,1.43,1.54
2013.08.02 10:20:17.067,0.95998,0.96016,1.54,1.54
2013.08.02 10:20:26.488,0.96,0.96017,1.54,3.04
2013.08.02 10:20:27.018,0.95998,0.96015,1.62,1.54
2013.08.02 10:20:28.397,0.95997,0.96015,2.37,1.54
2013.08.02 10:20:28.906,0.95999,0.96015,1.54,1.54
2013.08.02 10:20:29.437,0.95998,0.96015,1.54,1.54
2013.08.02 10:20:31.568,0.95999,0.96016,1.54,2.29
2013.08.02 10:20:32.706,0.95999,0.96016,2.29,3.04
2013.08.02 10:20:35.067,0.95999,0.96016,2.29,2.29
2013.08.02 10:20:35.826,0.95999,0.96016,3.72,2.29
2013.08.02 10:20:35.886,0.96001,0.96018,1.54,1.62
2013.08.02 10:20:38.107,0.96001,0.96017,2.29,1.54
2013.08.02 10:20:40.456,0.96,0.96014,1.62,1.43
2013.08.02 10:20:40.985,0.95998,0.96014,1.54,1.43
2013.08.02 10:20:41.538,0.96,0.96017,1.35,2.29
2013.08.02 10:20:42.047,0.96,0.96017,1.54,2.29
2013.08.02 10:20:43.647,0.96,0.96017,3.04,1.54
2013.08.02 10:20:43.766,0.96002,0.96019,2.29,2.29
2013.08.02 10:20:44.646,0.96005,0.96022,2.29,2.29
2013.08.02 10:20:44.887,0.96007,0.96023,2.29,1.43
2013.08.02 10:20:44.948,0.96009,0.96025,2.10,3.04
2013.08.02 10:20:45.306,0.96012,0.96028,1.35,2.29
2013.08.02 10:20:45.846,0.9601,0.96028,1.54,2.37
2013.08.02 10:20:46.366,0.9601,0.96024,1.35,1.50
2013.08.02 10:20:46.893,0.9601,0.96024,1.35,1.50
2013.08.02 10:20:52.667,0.96007,0.96023,1.62,1.43
2013.08.02 10:20:52.728,0.96006,0.96023,3.12,2.78
2013.08.02 10:20:53.307,0.96006,0.9602,1.69,1.35
2013.08.02 10:20:53.747,0.96007,0.96022,1.50,2.10
2013.08.02 10:20:53.807,0.96007,0.9602,1.13,1.35
2013.08.02 10:20:53.867,0.96006,0.9602,2.25,1.35
2013.08.02 10:20:53.927,0.9601,0.96026,1.35,3.34
2013.08.02 10:20:53.987,0.96007,0.96025,2.10,2.48
2013.08.02 10:20:54.047,0.96007,0.96024,3.04,1.43
2013.08.02 10:20:54.407,0.96006,0.96022,1.62,1.35
2013.08.02 10:20:55.766,0.96005,0.96021,1.54,1.43
2013.08.02 10:20:56.067,0.96003,0.96018,1.62,1.43
2013.08.02 10:20:56.427,0.96,0.96017,1.54,1.43
2013.08.02 10:20:56.487,0.96,0.96018,1.54,2.97
2013.08.02 10:20:56.667,0.95999,0.96015,1.54,1.35
2013.08.02 10:20:56.727,0.95997,0.96014,1.62,1.35
2013.08.02 10:20:58.408,0.95998,0.96014,1.24,1.35
2013.08.02 10:20:58.529,0.95998,0.96015,1.92,2.29
2013.08.02 10:20:58.587,0.95999,0.96015,1.13,2.29
2013.08.02 10:20:59.126,0.96002,0.96018,1.35,1.69
2013.08.02 10:21:02.326,0.96001,0.96017,3.42,1.35
2013.08.02 10:21:02.938,0.96003,0.96019,1.05,1.62
2013.08.02 10:21:03.906,0.96004,0.96021,1.54,2.67
2013.08.02 10:21:04.146,0.96004,0.96021,2.14,2.67
2013.08.02 10:21:04.626,0.96007,0.96023,1.35,1.32
2013.08.02 10:21:05.657,0.96007,0.96024,2.29,2.37
2013.08.02 10:21:07.766,0.96005,0.96023,1.62,3.04
2013.08.02 10:21:07.949,0.96006,0.96023,1.32,3.04
2013.08.02 10:21:11.727,0.96008,0.96023,1.05,2.29
2013.08.02 10:21:16.987,0.96007,0.96024,1.54,2.37
2013.08.02 10:21:17.297,0.96007,0.96022,1.62,1.62
2013.08.02 10:21:21.586,0.96007,0.96023,1.62,3.04
2013.08.02 10:21:21.776,0.96008,0.96023,1.35,2.37
2013.08.02 10:21:22.316,0.9601,0.96023,1.35,1.69
2013.08.02 10:21:25.788,0.9601,0.96023,1.35,1.69
2013.08.02 10:21:26.357,0.9601,0.96024,2.10,1.50
2013.08.02 10:21:28.337,0.96012,0.96027,1.43,2.37
2013.08.02 10:21:29.236,0.96012,0.96027,1.62,1.62
2013.08.02 10:21:30.801,0.96012,0.96027,1.62,1.99
2013.08.02 10:21:31.346,0.96012,0.96026,1.62,1.35
2013.08.02 10:21:31.406,0.96013,0.96026,1.35,1.35
2013.08.02 10:21:31.929,0.96014,0.96028,1.35,2.25
2013.08.02 10:21:32.696,0.96014,0.96031,1.35,4.39
2013.08.02 10:21:33.496,0.96016,0.96031,2.10,1.92
2013.08.02 10:21:33.796,0.96015,0.9603,1.35,1.80
2013.08.02 10:21:34.157,0.96014,0.96028,1.62,1.73
2013.08.02 10:21:34.697,0.96013,0.96027,1.43,1.28
2013.08.02 10:21:34.756,0.96013,0.96028,1.43,1.54
2013.08.02 10:21:39.326,0.96012,0.96028,2.29,1.54
2013.08.02 10:21:44.696,0.96013,0.96028,2.29,1.17
2013.08.02 10:21:44.876,0.96013,0.9603,2.29,1.92
2013.08.02 10:21:45.426,0.96016,0.96032,1.43,4.47
2013.08.02 10:21:46.796,0.96015,0.9603,1.50,1.54
2013.08.02 10:21:50.366,0.96015,0.96031,2.37,1.54
2013.08.02 10:21:51.293,0.96015,0.96031,2.18,1.54
2013.08.02 10:21:53.836,0.96015,0.9603,1.43,1.99
2013.08.02 10:22:02.907,0.96015,0.96031,3.04,1.35
2013.08.02 10:22:03.087,0.96017,0.96034,2.22,1.43
2013.08.02 10:22:03.207,0.96021,0.96036,1.43,1.54
2013.08.02 10:22:03.327,0.96022,0.96038,1.35,1.32
2013.08.02 10:22:03.507,0.96023,0.96039,1.62,1.80
2013.08.02 10:22:04.166,0.96023,0.96039,1.54,2.10
2013.08.02 10:22:04.587,0.96026,0.96039,1.35,1.35
2013.08.02 10:22:04.707,0.96025,0.96039,1.35,1.35
2013.08.02 10:22:05.137,0.96027,0.96041,1.35,1.69
2013.08.02 10:22:07.476,0.96024,0.9604,2.29,1.54
2013.08.02 10:22:07.596,0.96027,0.9604,1.35,1.35
2013.08.02 10:22:07.657,0.96027,0.96041,2.10,1.54
2013.08.02 10:22:07.717,0.96027,0.9604,1.35,1.35
2013.08.02 10:22:07.837,0.96026,0.9604,1.35,1.54
2013.08.02 10:22:11.206,0.96024,0.96039,2.29,1.50
2013.08.02 10:22:15.337,0.96026,0.96042,1.35,3.79
2013.08.02 10:22:15.576,0.96021,0.96033,1.43,1.13
2013.08.02 10:22:15.696,0.96019,0.96033,1.62,3.60
2013.08.02 10:22:15.822,0.96018,0.96032,1.35,1.35
2013.08.02 10:22:15.886,0.96017,0.96032,1.62,1.35
2013.08.02 10:22:16.067,0.96017,0.96033,2.29,1.80
2013.08.02 10:22:16.126,0.96017,0.96033,2.29,1.80
2013.08.02 10:22:16.606,0.96017,0.96032,1.43,2.48
2013.08.02 10:22:16.966,0.96011,0.96026,2.18,1.05
2013.08.02 10:22:17.337,0.96011,0.96026,2.18,1.99
2013.08.02 10:22:18.032,0.96011,0.96025,1.50,1.92
2013.08.02 10:22:19.957,0.96011,0.96025,1.50,1.54
2013.08.02 10:22:20.376,0.96012,0.96029,1.43,3.04
2013.08.02 10:22:20.616,0.96012,0.9603,2.29,1.62
2013.08.02 10:22:20.676,0.96014,0.9603,1.35,1.62
2013.08.02 10:22:21.217,0.96016,0.96032,1.43,2.29
2013.08.02 10:22:22.716,0.96017,0.96032,1.43,1.62
2013.08.02 10:22:23.277,0.96018,0.96033,1.35,1.32
2013.08.02 10:22:23.850,0.96018,0.96034,1.54,1.32
2013.08.02 10:22:25.396,0.96018,0.96033,1.54,1.32
2013.08.02 10:22:26.246,0.96018,0.96033,2.22,1.13
2013.08.02 10:22:26.547,0.9602,0.96034,1.54,1.13
2013.08.02 10:22:26.907,0.9602,0.96033,1.54,3.98
2013.08.02 10:22:27.146,0.96019,0.96033,1.35,3.98
2013.08.02 10:22:29.247,0.9602,0.96033,1.35,2.85
2013.08.02 10:22:29.627,0.96018,0.96033,1.35,2.85
2013.08.02 10:22:31.557,0.9602,0.96033,1.43,2.10
2013.08.02 10:22:31.677,0.96021,0.96036,2.07,1.28
2013.08.02 10:22:31.736,0.96022,0.96037,1.62,1.65
2013.08.02 10:22:32.308,0.96025,0.96038,1.35,3.04
2013.08.02 10:22:33.237,0.96025,0.96037,1.35,1.35
2013.08.02 10:22:33.417,0.96021,0.96034,1.54,1.13
2013.08.02 10:22:33.477,0.96018,0.96033,1.62,2.48
2013.08.02 10:22:33.596,0.96017,0.96031,1.69,1.35
2013.08.02 10:22:33.957,0.96016,0.96032,2.74,1.28
2013.08.02 10:22:34.017,0.96016,0.96032,1.32,2.14
2013.08.02 10:22:34.377,0.96016,0.96027,1.13,1.35
2013.08.02 10:22:34.696,0.96013,0.96027,1.32,1.35
2013.08.02 10:22:35.236,0.96011,0.96024,2.07,1.35
2013.08.02 10:22:35.356,0.96013,0.96024,1.32,1.35
2013.08.02 10:22:35.417,0.96013,0.96026,1.13,1.54
2013.08.02 10:22:35.956,0.96016,0.96028,1.50,2.22
2013.08.02 10:22:42.780,0.96013,0.96028,2.18,1.54
2013.08.02 10:22:43.448,0.96013,0.96028,2.55,1.17
2013.08.02 10:22:45.286,0.96013,0.96029,2.55,1.24
2013.08.02 10:22:47.799,0.96015,0.96029,1.43,1.24
2013.08.02 10:22:47.980,0.96016,0.96028,1.43,1.54
2013.08.02 10:22:48.100,0.96014,0.96029,1.05,2.67
2013.08.02 10:22:48.168,0.96017,0.96029,1.43,1.54
2013.08.02 10:22:48.228,0.96017,0.96033,2.10,2.44
2013.08.02 10:22:48.411,0.96017,0.96033,2.29,2.74
2013.08.02 10:22:48.656,0.96016,0.96031,1.62,1.92
2013.08.02 10:22:48.777,0.96012,0.96029,3.04,2.10
2013.08.02 10:22:48.838,0.96012,0.96029,2.85,2.29
2013.08.02 10:22:49.196,0.96012,0.96027,1.50,1.54
2013.08.02 10:22:49.617,0.96013,0.96029,1.43,1.54
2013.08.02 10:22:50.216,0.96013,0.96028,1.62,1.43
2013.08.02 10:22:50.783,0.96014,0.96029,1.43,1.43
2013.08.02 10:22:52.507,0.96014,0.96031,1.62,2.14
2013.08.02 10:22:52.566,0.96016,0.96032,2.29,1.54
2013.08.02 10:22:52.927,0.96015,0.96031,1.62,2.22
2013.08.02 10:22:55.269,0.96015,0.96031,3.04,1.47
2013.08.02 10:22:55.747,0.96016,0.96031,1.62,1.54
2013.08.02 10:22:55.927,0.96018,0.96034,2.10,2.67
2013.08.02 10:22:56.446,0.96018,0.96034,1.35,2.29
2013.08.02 10:22:56.509,0.96018,0.96034,2.10,2.29
2013.08.02 10:22:59.837,0.96018,0.96033,1.35,1.50
2013.08.02 10:22:59.898,0.96018,0.96033,1.35,2.10
2013.08.02 10:23:00.257,0.96017,0.96029,1.35,1.32
2013.08.02 10:23:00.382,0.96012,0.96027,1.43,1.35
2013.08.02 10:23:01.736,0.96011,0.96027,3.04,1.35
2013.08.02 10:23:02.019,0.96012,0.96027,1.43,1.35
2013.08.02 10:23:02.256,0.96013,0.9603,1.62,1.35
2013.08.02 10:23:02.856,0.96014,0.96029,1.43,1.62
2013.08.02 10:23:03.156,0.96013,0.96029,1.54,2.29
2013.08.02 10:23:03.336,0.96013,0.96031,1.54,1.35
2013.08.02 10:23:03.397,0.96014,0.96033,1.35,2.29
2013.08.02 10:23:03.517,0.96013,0.9603,2.29,1.43
2013.08.02 10:23:04.057,0.96014,0.9603,1.35,2.10
2013.08.02 10:23:04.476,0.96016,0.96031,1.43,1.35
2013.08.02 10:23:05.078,0.96016,0.96032,2.10,1.73
2013.08.02 10:23:07.967,0.96017,0.96032,1.92,1.35
2013.08.02 10:23:08.147,0.96021,0.96035,1.05,1.43
2013.08.02 10:23:08.652,0.9602,0.96035,1.05,2.18
2013.08.02 10:23:12.507,0.96022,0.96035,1.50,1.62
2013.08.02 10:23:13.094,0.96022,0.96034,1.50,1.35
2013.08.02 10:23:13.396,0.96017,0.96033,2.29,1.24
2013.08.02 10:23:13.936,0.96016,0.96032,1.32,1.54
2013.08.02 10:23:14.466,0.96016,0.96032,1.32,2.29
2013.08.02 10:23:15.847,0.96015,0.96031,2.67,1.54
2013.08.02 10:23:19.259,0.96015,0.96031,2.67,1.54
2013.08.02 10:23:21.286,0.96017,0.96031,1.54,1.54
2013.08.02 10:23:24.799,0.96017,0.9603,1.35,1.32
2013.08.02 10:23:24.917,0.96017,0.96029,1.35,2.10
2013.08.02 10:23:25.037,0.96014,0.96029,2.10,2.67
2013.08.02 10:23:25.157,0.96013,0.96029,2.10,1.54
2013.08.02 10:23:27.976,0.96016,0.9603,1.13,1.62
2013.08.02 10:23:28.158,0.96018,0.96032,1.13,3.27
2013.08.02 10:23:28.218,0.96024,0.96032,1.35,2.29
2013.08.02 10:23:28.397,0.96025,0.96038,2.18,2.10
2013.08.02 10:23:28.459,0.96026,0.96042,1.99,1.24
2013.08.02 10:23:28.638,0.96024,0.9604,1.05,1.62
2013.08.02 10:23:28.816,0.96022,0.96038,1.35,2.10
2013.08.02 10:23:28.877,0.96024,0.96038,1.35,1.92
2013.08.02 10:23:29.116,0.9602,0.96037,1.54,3.08
2013.08.02 10:23:29.475,0.9602,0.96037,2.29,2.70
2013.08.02 10:23:30.017,0.9602,0.96035,3.42,1.50
2013.08.02 10:23:30.426,0.96022,0.96037,2.29,1.43
2013.08.02 10:23:30.667,0.96022,0.96039,2.67,1.54
2013.08.02 10:23:31.876,0.96022,0.96039,2.67,2.22
2013.08.02 10:23:31.937,0.96021,0.96037,2.29,2.40
2013.08.02 10:23:31.996,0.96021,0.96037,1.35,2.29
2013.08.02 10:23:32.057,0.96017,0.96033,3.19,1.73
2013.08.02 10:23:32.607,0.96018,0.96033,1.50,1.54
2013.08.02 10:23:33.147,0.96019,0.96035,1.13,1.62
2013.08.02 10:23:33.917,0.96021,0.96036,2.37,1.43
2013.08.02 10:23:38.097,0.96021,0.96036,1.43,1.43
2013.08.02 10:23:43.246,0.96021,0.96036,1.62,1.62
2013.08.02 10:23:43.306,0.96021,0.96038,1.62,3.04
2013.08.02 10:23:43.846,0.96021,0.96038,2.29,3.12
2013.08.02 10:23:45.147,0.9602,0.96037,2.37,1.62
2013.08.02 10:23:47.157,0.96021,0.96038,1.62,2.29
2013.08.02 10:23:49.956,0.96022,0.96038,1.92,1.62
2013.08.02 10:23:50.198,0.96024,0.96039,2.10,1.54
2013.08.02 10:23:50.497,0.96026,0.96043,1.99,3.42
2013.08.02 10:23:50.678,0.96027,0.96044,2.67,3.04
2013.08.02 10:23:50.917,0.96027,0.96044,2.29,3.42
2013.08.02 10:23:51.096,0.96027,0.96043,1.62,1.43
2013.08.02 10:23:51.419,0.96027,0.96043,1.99,2.48
2013.08.02 10:23:53.296,0.96027,0.96041,1.32,1.35
2013.08.02 10:23:56.689,0.96026,0.96041,1.32,1.35
2013.08.02 10:23:56.999,0.96026,0.96039,1.13,1.35
2013.08.02 10:23:57.626,0.96027,0.96041,1.13,1.54
2013.08.02 10:24:00.447,0.96026,0.96041,1.32,1.54
2013.08.02 10:24:02.648,0.96026,0.96041,2.18,1.05
2013.08.02 10:24:02.767,0.96026,0.9604,2.85,1.13
2013.08.02 10:24:03.068,0.96028,0.9604,1.35,1.50
2013.08.02 10:24:03.428,0.96025,0.96035,1.35,1.35
2013.08.02 10:24:03.967,0.96019,0.96033,1.69,2.03
2013.08.02 10:24:04.206,0.96019,0.96033,1.50,1.05
2013.08.02 10:24:05.783,0.9602,0.96035,1.62,2.59
2013.08.02 10:24:07.039,0.96021,0.96035,1.69,2.03
2013.08.02 10:24:07.217,0.96022,0.96036,2.37,2.48
2013.08.02 10:24:07.336,0.96022,0.96037,2.37,2.40
2013.08.02 10:24:07.908,0.96022,0.96037,2.37,2.03
2013.08.02 10:24:12.437,0.96022,0.96037,1.43,2.97
2013.08.02 10:24:12.557,0.96018,0.96034,1.54,1.35
2013.08.02 10:24:12.616,0.96016,0.96033,2.29,1.28
2013.08.02 10:24:12.676,0.96016,0.96033,2.29,1.65
2013.08.02 10:24:13.187,0.96015,0.96031,1.69,1.35
2013.08.02 10:24:13.727,0.96016,0.96032,1.43,1.54
2013.08.02 10:24:14.291,0.96016,0.96033,1.43,2.89
2013.08.02 10:24:14.905,0.96016,0.96032,2.18,1.62
2013.08.02 10:24:15.207,0.9602,0.96034,1.43,1.05
2013.08.02 10:24:15.447,0.9602,0.96037,1.43,1.54
2013.08.02 10:24:16.436,0.9602,0.96035,1.43,1.24
2013.08.02 10:24:17.167,0.9602,0.96035,1.43,1.05
2013.08.02 10:24:17.527,0.96017,0.96033,2.29,2.55
2013.08.02 10:24:17.946,0.96017,0.96031,1.43,1.05
2013.08.02 10:24:18.067,0.96015,0.96031,3.04,1.80
2013.08.02 10:24:21.577,0.96016,0.96031,1.35,1.54
2013.08.02 10:24:21.757,0.96014,0.96032,3.87,1.54
2013.08.02 10:24:21.877,0.96016,0.96033,1.43,1.99
2013.08.02 10:24:22.868,0.96016,0.96033,1.62,1.99
2013.08.02 10:24:23.288,0.96016,0.96033,1.62,1.99
2013.08.02 10:24:26.446,0.96016,0.96033,1.62,1.99
2013.08.02 10:24:26.747,0.96016,0.96031,1.43,1.84
2013.08.02 10:24:26.987,0.96012,0.96028,2.29,1.92
2013.08.02 10:24:27.177,0.96012,0.96028,2.29,1.92
2013.08.02 10:24:30.356,0.96012,0.96028,2.10,1.92
2013.08.02 10:24:34.676,0.96012,0.96026,1.35,1.69
2013.08.02 10:24:34.800,0.96009,0.96024,1.99,2.78
2013.08.02 10:24:34.917,0.96009,0.96024,1.43,3.34
2013.08.02 10:24:35.276,0.96006,0.96021,1.43,1.05
2013.08.02 10:24:35.819,0.96005,0.9602,1.43,1.65
2013.08.02 10:24:36.137,0.96005,0.96019,1.43,2.78
2013.08.02 10:24:40.467,0.96005,0.96016,1.62,1.73
2013.08.02 10:24:40.646,0.96,0.96016,1.05,3.90
2013.08.02 10:24:40.707,0.95999,0.96015,1.54,1.50
2013.08.02 10:24:40.946,0.96,0.96016,1.43,3.72
2013.08.02 10:24:41.366,0.95999,0.96015,1.35,1.32
2013.08.02 10:24:41.426,0.95999,0.96015,1.35,1.32
2013.08.02 10:24:50.717,0.95999,0.96014,1.13,1.62
2013.08.02 10:24:51.246,0.96,0.96015,1.13,2.07
2013.08.02 10:24:54.127,0.95998,0.96015,2.67,2.44
2013.08.02 10:24:54.987,0.95998,0.96015,2.67,3.19
2013.08.02 10:24:55.287,0.95996,0.96011,2.67,1.13
2013.08.02 10:24:55.347,0.95996,0.96011,2.67,1.32
2013.08.02 10:24:55.866,0.95996,0.96011,1.62,1.32
2013.08.02 10:24:56.046,0.95995,0.96011,1.54,2.07
2013.08.02 10:24:58.348,0.95996,0.96011,1.80,1.32
2013.08.02 10:24:58.827,0.95996,0.96012,1.43,1.32
2013.08.02 10:24:59.187,0.95999,0.96013,1.35,1.32
2013.08.02 10:24:59.657,0.95998,0.96014,1.35,4.17
2013.08.02 10:25:00.328,0.95998,0.96014,1.35,4.17
2013.08.02 10:25:00.448,0.96,0.96012,1.13,1.54
2013.08.02 10:25:00.627,0.96001,0.96016,2.10,2.07
2013.08.02 10:25:01.287,0.96001,0.96017,1.43,3.04
2013.08.02 10:25:01.906,0.96001,0.96017,2.48,3.79
2013.08.02 10:25:01.967,0.96001,0.96017,2.67,3.04
2013.08.02 10:25:02.699,0.96004,0.96019,1.05,3.49
2013.08.02 10:25:06.426,0.96004,0.96019,1.43,1.80
2013.08.02 10:25:06.887,0.96006,0.96021,1.13,1.54
2013.08.02 10:25:07.187,0.96008,0.96023,1.13,2.29
2013.08.02 10:25:07.698,0.96007,0.96022,1.92,1.50
2013.08.02 10:25:08.186,0.96006,0.96023,1.99,1.62
2013.08.02 10:25:08.763,0.96006,0.96023,1.99,1.99
2013.08.02 10:25:09.567,0.96006,0.96021,1.99,2.10
2013.08.02 10:25:10.115,0.96006,0.96021,1.99,2.10
2013.08.02 10:25:11.067,0.96006,0.96021,1.43,2.29
2013.08.02 10:25:11.367,0.96005,0.96019,1.13,1.54
2013.08.02 10:25:11.607,0.96002,0.96016,1.13,1.35
2013.08.02 10:25:11.786,0.96,0.96014,1.13,1.35
2013.08.02 10:25:11.847,0.96,0.96014,1.13,1.54
2013.08.02 10:25:12.027,0.95997,0.96011,1.32,1.35
2013.08.02 10:25:13.096,0.95997,0.96011,1.50,1.54
2013.08.02 10:25:13.637,0.95997,0.96013,1.13,2.29
2013.08.02 10:25:13.697,0.95998,0.96013,1.13,1.54
2013.08.02 10:25:13.877,0.96,0.96016,1.43,2.29
2013.08.02 10:25:13.936,0.96,0.96016,1.43,2.29
2013.08.02 10:25:20.377,0.96,0.96015,1.43,1.80
2013.08.02 10:25:20.677,0.96,0.96014,1.50,1.35
2013.08.02 10:25:21.156,0.95998,0.96013,1.43,1.05
2013.08.02 10:25:23.557,0.96001,0.96014,1.50,2.29
2013.08.02 10:25:23.797,0.96003,0.96017,1.43,1.62
2013.08.02 10:25:23.977,0.96005,0.96019,1.43,1.50
2013.08.02 10:25:25.537,0.96004,0.96018,1.43,2.29
2013.08.02 10:25:26.637,0.9601,0.96018,1.13,2.29
2013.08.02 10:25:26.997,0.96007,0.96021,1.43,1.32
2013.08.02 10:25:27.057,0.96007,0.96022,1.43,1.05
2013.08.02 10:25:27.177,0.96007,0.96022,1.50,1.54
2013.08.02 10:25:28.407,0.96012,0.96021,1.50,1.24
2013.08.02 10:25:28.767,0.96012,0.96023,1.50,1.73
2013.08.02 10:25:28.827,0.96012,0.96023,1.50,1.73
2013.08.02 10:25:29.377,0.96012,0.96023,1.50,1.35
2013.08.02 10:25:29.557,0.96012,0.96023,1.50,2.97
2013.08.02 10:25:30.767,0.96012,0.96023,1.50,1.05
2013.08.02 10:25:31.006,0.96009,0.96023,1.69,1.80
2013.08.02 10:25:31.127,0.96009,0.96022,1.69,1.05
2013.08.02 10:25:33.157,0.9601,0.96022,1.50,1.80
2013.08.02 10:25:46.217,0.96008,0.96023,1.43,1.54
2013.08.02 10:25:46.938,0.96009,0.96025,1.43,1.54
2013.08.02 10:25:49.218,0.96009,0.96025,1.62,2.29
2013.08.02 10:25:49.647,0.96008,0.96024,2.37,1.54
2013.08.02 10:25:49.887,0.96009,0.96026,1.62,2.67
2013.08.02 10:25:49.947,0.96009,0.96026,1.54,3.42
2013.08.02 10:25:50.187,0.96009,0.96023,1.54,1.43
2013.08.02 10:25:50.307,0.96006,0.96021,1.43,1.24
2013.08.02 10:25:51.716,0.96006,0.96021,1.43,1.24
2013.08.02 10:25:53.297,0.96005,0.96022,1.62,1.62
2013.08.02 10:25:58.357,0.96004,0.96019,1.62,1.35
2013.08.02 10:26:05.558,0.96005,0.9602,1.62,1.62
2013.08.02 10:26:06.146,0.96005,0.96021,1.62,1.62
2013.08.02 10:26:09.559,0.96005,0.96022,1.62,1.54
2013.08.02 10:26:13.867,0.96006,0.96023,2.29,3.42
2013.08.02 10:26:15.046,0.96005,0.96022,1.99,1.54
2013.08.02 10:26:15.406,0.96009,0.96026,2.29,1.92
2013.08.02 10:26:16.787,0.96011,0.96027,2.29,1.54
2013.08.02 10:26:18.093,0.96011,0.96027,2.85,1.54
2013.08.02 10:26:18.416,0.96011,0.96027,2.10,2.29
2013.08.02 10:26:18.717,0.96007,0.96021,2.37,1.05
2013.08.02 10:26:18.957,0.96006,0.96021,1.35,1.99
2013.08.02 10:26:20.107,0.96004,0.96021,1.05,1.99
2013.08.02 10:26:20.647,0.96002,0.96018,2.67,1.43
2013.08.02 10:26:23.407,0.96003,0.96019,2.18,2.29
2013.08.02 10:26:23.767,0.96006,0.96022,1.62,1.54
2013.08.02 10:26:23.887,0.96006,0.96023,2.29,1.92
2013.08.02 10:26:25.637,0.96008,0.96023,1.35,2.74
2013.08.02 10:26:25.877,0.96006,0.96022,2.37,1.99
2013.08.02 10:26:25.937,0.96006,0.96022,1.62,3.34
2013.08.02 10:26:26.514,0.96006,0.96022,1.43,3.34
2013.08.02 10:26:28.396,0.96006,0.96019,1.62,1.13
2013.08.02 10:26:28.697,0.96003,0.96017,1.13,1.62
2013.08.02 10:26:28.937,0.96002,0.96018,1.73,1.92
2013.08.02 10:26:29.237,0.96005,0.96021,1.43,1.99
2013.08.02 10:26:29.537,0.9601,0.96023,1.50,1.54
2013.08.02 10:26:30.077,0.96011,0.96028,2.10,2.29
2013.08.02 10:26:30.516,0.96011,0.96028,2.10,1.54
2013.08.02 10:26:32.647,0.96011,0.96028,2.85,2.29
2013.08.02 10:26:38.947,0.96011,0.96026,2.18,1.35
2013.08.02 10:26:39.067,0.96012,0.96029,1.43,2.29
2013.08.02 10:26:44.687,0.96014,0.96029,1.43,1.62
2013.08.02 10:26:48.887,0.96011,0.96028,4.17,1.54
2013.08.02 10:26:50.008,0.96011,0.96028,3.42,1.35
2013.08.02 10:26:50.157,0.96011,0.96028,3.42,1.35
2013.08.02 10:26:50.517,0.96018,0.96033,1.54,1.43
2013.08.02 10:26:50.937,0.96024,0.96034,1.13,1.35
2013.08.02 10:26:51.057,0.96024,0.96036,1.13,1.35
2013.08.02 10:26:51.118,0.96023,0.96038,1.54,1.43
2013.08.02 10:26:51.417,0.96021,0.96038,1.54,2.93
2013.08.02 10:26:51.537,0.96018,0.96034,2.29,1.43
2013.08.02 10:26:51.657,0.96016,0.96032,3.04,1.05
2013.08.02 10:26:51.777,0.96016,0.96032,1.62,1.05
2013.08.02 10:26:52.147,0.96013,0.96028,1.62,1.13
2013.08.02 10:26:52.267,0.96012,0.96024,1.43,1.05
2013.08.02 10:26:52.327,0.96008,0.96023,1.54,1.43
2013.08.02 10:26:52.448,0.96007,0.96022,2.44,2.78
2013.08.02 10:26:57.637,0.96005,0.96019,1.69,1.35
2013.08.02 10:26:57.877,0.96005,0.96019,1.69,1.35
2013.08.02 10:26:59.937,0.96006,0.9602,1.43,1.35
2013.08.02 10:27:01.406,0.96007,0.96021,1.35,1.35
2013.08.02 10:27:01.467,0.96008,0.96021,1.73,1.35
2013.08.02 10:27:01.587,0.96011,0.96023,1.50,1.35
2013.08.02 10:27:01.648,0.96011,0.96023,1.50,1.35
2013.08.02 10:27:01.708,0.96013,0.96027,1.35,2.29
2013.08.02 10:27:01.827,0.96013,0.96028,2.22,1.43
2013.08.02 10:27:01.946,0.96013,0.9603,2.22,1.54
2013.08.02 10:27:02.428,0.96013,0.9603,1.47,1.62
2013.08.02 10:27:03.527,0.96013,0.9603,1.43,2.37
2013.08.02 10:27:07.607,0.96011,0.96028,2.89,1.54
2013.08.02 10:27:08.220,0.96012,0.96029,1.54,1.69
2013.08.02 10:27:08.889,0.96011,0.96029,2.22,2.74
2013.08.02 10:27:08.947,0.96011,0.96027,1.62,1.54
2013.08.02 10:27:09.680,0.96011,0.96028,2.29,1.54
2013.08.02 10:27:11.578,0.96011,0.96029,2.67,4.77
2013.08.02 10:27:15.537,0.96013,0.96029,1.54,3.42
2013.08.02 10:27:19.796,0.96013,0.96029,1.35,3.79
2013.08.02 10:27:20.499,0.96011,0.96027,2.29,1.54
2013.08.02 10:27:28.138,0.96011,0.96026,2.29,1.24
2013.08.02 10:27:28.317,0.96011,0.96023,1.35,1.35
2013.08.02 10:27:28.559,0.96007,0.96021,1.35,1.32
2013.08.02 10:27:28.678,0.96002,0.96019,1.54,2.29
2013.08.02 10:27:28.979,0.96001,0.96017,2.29,1.35
2013.08.02 10:27:29.348,0.96002,0.96019,1.24,1.62
2013.08.02 10:27:30.266,0.96002,0.96019,1.99,1.62
2013.08.02 10:27:31.456,0.96002,0.9602,3.12,1.54
2013.08.02 10:27:33.387,0.96002,0.96019,2.97,1.54
2013.08.02 10:27:33.957,0.96002,0.96017,2.97,1.35
2013.08.02 10:27:35.628,0.96001,0.96016,1.69,1.73
2013.08.02 10:27:36.077,0.96001,0.96015,1.69,1.35
2013.08.02 10:27:36.606,0.96001,0.96015,2.44,1.35
2013.08.02 10:27:38.958,0.96001,0.96015,1.69,2.10
2013.08.02 10:27:39.076,0.96001,0.96015,1.69,1.43
2013.08.02 10:27:41.826,0.95999,0.96015,1.62,1.62
2013.08.02 10:27:44.457,0.96002,0.96018,1.43,1.62
2013.08.02 10:27:44.517,0.96002,0.96019,1.62,1.54
2013.08.02 10:27:45.427,0.96002,0.96018,1.62,1.43
2013.08.02 10:27:45.607,0.96003,0.96019,1.35,2.37
2013.08.02 10:27:45.967,0.96005,0.96019,1.43,1.43
2013.08.02 10:27:46.268,0.96008,0.96023,1.62,1.35
2013.08.02 10:27:46.327,0.96009,0.96023,1.62,1.35
2013.08.02 10:27:46.548,0.9601,0.96025,2.37,1.43
2013.08.02 10:27:50.558,0.96011,0.96028,1.62,3.12
2013.08.02 10:27:51.256,0.96011,0.96028,1.62,2.18
2013.08.02 10:27:51.597,0.96011,0.96028,1.62,1.62
2013.08.02 10:27:52.007,0.96012,0.96027,2.37,1.43
2013.08.02 10:27:52.529,0.96012,0.96029,3.79,2.37
2013.08.02 10:27:53.397,0.96012,0.96029,3.79,1.62
2013.08.02 10:27:56.077,0.96015,0.96031,1.05,2.37
2013.08.02 10:27:56.278,0.96017,0.96035,1.54,1.62
2013.08.02 10:27:58.117,0.96017,0.96035,1.54,1.62
2013.08.02 10:27:59.377,0.96016,0.96032,1.32,1.35
2013.08.02 10:27:59.437,0.96015,0.9603,2.67,1.35
2013.08.02 10:27:59.557,0.96015,0.9603,1.35,1.35
2013.08.02 10:28:00.837,0.96013,0.96029,1.54,1.99
2013.08.02 10:28:01.017,0.96014,0.96029,1.35,1.32
2013.08.02 10:28:01.137,0.96013,0.9603,1.54,4.02
2013.08.02 10:28:01.207,0.96013,0.9603,1.54,3.34
2013.08.02 10:28:01.267,0.96013,0.96029,1.35,2.67
2013.08.02 10:28:02.877,0.96015,0.96029,1.35,1.69
2013.08.02 10:28:03.378,0.96015,0.96031,1.35,2.37
2013.08.02 10:28:08.656,0.96016,0.96031,1.35,2.37
2013.08.02 10:28:08.897,0.96017,0.96032,2.10,1.69
2013.08.02 10:28:09.459,0.96017,0.96032,2.29,1.13
2013.08.02 10:28:09.577,0.96017,0.96031,1.54,1.50
2013.08.02 10:28:10.860,0.96016,0.96031,1.62,1.43
2013.08.02 10:28:11.329,0.96016,0.96031,1.54,1.50
2013.08.02 10:28:13.838,0.96017,0.96033,1.62,2.18
2013.08.02 10:28:13.897,0.96018,0.96033,1.69,2.18
2013.08.02 10:28:14.197,0.9602,0.96037,1.54,3.49
2013.08.02 10:28:18.277,0.96022,0.96037,2.29,3.00
2013.08.02 10:28:18.798,0.96024,0.96037,1.54,2.25
2013.08.02 10:28:18.857,0.96024,0.96038,1.54,1.50
2013.08.02 10:28:22.186,0.96022,0.96038,3.04,1.69
2013.08.02 10:28:22.647,0.96022,0.96036,2.29,1.73
2013.08.02 10:28:22.828,0.96019,0.96034,1.24,1.35
2013.08.02 10:28:23.367,0.9602,0.96037,2.10,2.29
2013.08.02 10:28:23.667,0.96017,0.96036,2.29,2.67
2013.08.02 10:28:24.177,0.96019,0.96035,1.43,1.92
2013.08.02 10:28:25.087,0.96018,0.96034,1.54,2.18
2013.08.02 10:28:25.207,0.96018,0.96034,1.54,2.55
2013.08.02 10:28:25.717,0.96017,0.96033,1.62,1.05
2013.08.02 10:28:28.698,0.96016,0.96032,1.69,1.05
2013.08.02 10:28:31.207,0.96015,0.96032,1.62,2.55
2013.08.02 10:28:31.389,0.96014,0.96031,1.54,1.13
2013.08.02 10:28:31.948,0.96013,0.96029,1.92,2.29
2013.08.02 10:28:32.787,0.96013,0.96029,2.67,2.10
2013.08.02 10:28:35.067,0.96016,0.96033,2.18,1.54
2013.08.02 10:28:35.626,0.96017,0.96034,1.54,2.10
2013.08.02 10:28:35.687,0.96018,0.96034,1.92,1.43
2013.08.02 10:28:37.366,0.9602,0.96035,1.43,2.22
2013.08.02 10:28:38.188,0.9602,0.96036,1.62,2.29
2013.08.02 10:28:39.287,0.96022,0.96038,1.43,2.29
2013.08.02 10:28:41.208,0.96022,0.96038,1.43,2.29
2013.08.02 10:28:41.507,0.96021,0.96038,2.29,1.62
2013.08.02 10:28:41.627,0.9602,0.96033,1.62,1.43
2013.08.02 10:28:42.607,0.96022,0.96033,1.80,1.43
2013.08.02 10:28:42.787,0.96027,0.96041,1.50,2.18
2013.08.02 10:28:42.847,0.9603,0.96041,1.28,1.50
2013.08.02 10:28:42.967,0.96032,0.96048,1.35,1.99
2013.08.02 10:28:43.330,0.9603,0.96047,1.54,1.05
2013.08.02 10:28:43.637,0.96028,0.96045,1.54,1.62
2013.08.02 10:28:43.997,0.96026,0.96043,1.73,1.43
2013.08.02 10:28:46.397,0.9603,0.96045,1.05,1.62
2013.08.02 10:28:46.577,0.96034,0.96049,1.05,1.62
2013.08.02 10:28:47.010,0.96035,0.96051,1.80,1.54
2013.08.02 10:28:47.310,0.96036,0.96051,1.65,1.35
2013.08.02 10:28:47.379,0.96045,0.96054,2.10,1.54
2013.08.02 10:28:47.498,0.96049,0.96057,1.35,1.13
2013.08.02 10:28:47.619,0.96049,0.96063,1.35,2.44
2013.08.02 10:28:47.978,0.9605,0.96063,2.97,2.25
2013.08.02 10:28:48.217,0.96054,0.96069,1.05,1.54
2013.08.02 10:28:49.497,0.96054,0.96069,1.24,1.54
2013.08.02 10:28:50.237,0.96054,0.9607,1.24,1.47
2013.08.02 10:28:51.397,0.96055,0.9607,1.54,1.73
2013.08.02 10:28:54.147,0.96057,0.96072,2.10,1.69
2013.08.02 10:28:54.507,0.96057,0.96072,1.35,1.62
2013.08.02 10:28:54.627,0.96056,0.96071,1.35,1.35
2013.08.02 10:28:54.867,0.96057,0.96076,2.70,7.47
2013.08.02 10:28:55.107,0.96056,0.96072,1.43,1.43
2013.08.02 10:28:55.618,0.96057,0.96073,1.92,1.35
2013.08.02 10:28:56.368,0.96055,0.96072,1.92,1.43
2013.08.02 10:28:56.687,0.96057,0.96071,1.35,1.35
2013.08.02 10:28:56.867,0.9606,0.96076,1.43,1.73
2013.08.02 10:28:57.457,0.9606,0.96076,1.24,1.35
2013.08.02 10:28:57.697,0.96062,0.96078,1.73,1.69
2013.08.02 10:28:58.736,0.96064,0.96079,1.35,2.37
2013.08.02 10:28:59.157,0.96061,0.96078,1.92,1.62
2013.08.02 10:28:59.337,0.96065,0.9608,1.35,1.99
2013.08.02 10:28:59.870,0.96063,0.96079,1.54,1.80
2013.08.02 10:29:01.211,0.96062,0.96078,1.24,1.43
2013.08.02 10:29:01.718,0.96061,0.96077,1.32,1.54
2013.08.02 10:29:02.917,0.96059,0.96073,2.29,1.62
2013.08.02 10:29:03.097,0.96056,0.96072,1.35,2.48
2013.08.02 10:29:03.707,0.96056,0.9607,2.10,1.50
2013.08.02 10:29:03.948,0.96056,0.96071,1.35,1.32
2013.08.02 10:29:04.068,0.96052,0.96068,3.04,1.35
2013.08.02 10:29:04.607,0.96052,0.96068,2.67,1.35
2013.08.02 10:29:06.458,0.96055,0.96068,1.13,2.10
2013.08.02 10:29:06.757,0.9606,0.96076,1.05,1.62
2013.08.02 10:29:06.880,0.96061,0.96075,1.35,1.32
2013.08.02 10:29:07.177,0.96057,0.96073,1.43,2.85
2013.08.02 10:29:07.297,0.96056,0.96071,1.62,1.43
2013.08.02 10:29:07.657,0.96056,0.96072,1.43,1.99
2013.08.02 10:29:07.897,0.96055,0.9607,1.54,1.35
2013.08.02 10:29:07.957,0.96052,0.96068,2.67,1.43
2013.08.02 10:29:08.017,0.96052,0.96068,2.29,1.43
2013.08.02 10:29:08.757,0.96051,0.96068,1.62,2.37
2013.08.02 10:29:09.719,0.96052,0.96068,1.62,1.62
2013.08.02 10:29:09.900,0.96056,0.9607,2.03,1.43
2013.08.02 10:29:10.157,0.96061,0.96075,1.43,1.43
2013.08.02 10:29:10.398,0.96057,0.96074,1.35,1.43
2013.08.02 10:29:10.457,0.96057,0.96074,1.54,1.62
2013.08.02 10:29:12.387,0.96057,0.96074,1.54,2.37
2013.08.02 10:29:12.932,0.96059,0.96075,1.35,3.04
2013.08.02 10:29:13.458,0.96057,0.96073,1.54,1.35
2013.08.02 10:29:13.818,0.96057,0.96073,3.79,2.10
2013.08.02 10:29:14.357,0.9606,0.96076,1.05,1.69
2013.08.02 10:29:14.757,0.96062,0.96076,1.35,1.69
2013.08.02 10:29:15.577,0.96063,0.96077,1.05,1.62
2013.08.02 10:29:15.637,0.96063,0.96078,1.05,3.04
2013.08.02 10:29:16.148,0.96063,0.96078,1.05,2.29
2013.08.02 10:29:16.626,0.9606,0.96076,1.24,1.62
2013.08.02 10:29:19.037,0.96059,0.96076,1.92,1.62
2013.08.02 10:29:19.398,0.96056,0.96072,1.32,1.43
2013.08.02 10:29:19.907,0.96056,0.96071,1.32,2.10
2013.08.02 10:29:20.027,0.96054,0.9607,1.99,1.43
2013.08.02 10:29:20.917,0.96054,0.96069,1.05,1.50
2013.08.02 10:29:21.457,0.96053,0.96068,1.05,2.29
2013.08.02 10:29:21.637,0.96055,0.96068,1.13,2.29
2013.08.02 10:29:21.938,0.96057,0.96072,1.24,1.43
2013.08.02 10:29:22.117,0.96058,0.96074,1.05,2.37
2013.08.02 10:29:22.357,0.96059,0.96075,1.35,1.62
2013.08.02 10:29:24.018,0.96059,0.96076,1.35,1.62
2013.08.02 10:29:25.396,0.96059,0.96075,1.35,1.62
2013.08.02 10:29:26.330,0.96059,0.96074,1.35,1.62
2013.08.02 10:29:27.538,0.96058,0.96075,1.54,2.29
2013.08.02 10:29:27.839,0.96054,0.96068,2.29,1.43
2013.08.02 10:29:27.959,0.96053,0.96068,1.24,1.43
2013.08.02 10:29:28.497,0.96051,0.96068,1.24,2.37
2013.08.02 10:29:29.027,0.96051,0.96068,1.99,2.37
2013.08.02 10:29:29.267,0.96051,0.96068,1.24,2.37
2013.08.02 10:29:31.007,0.96052,0.96069,1.99,2.29
2013.08.02 10:29:31.781,0.96053,0.96069,2.48,2.29
2013.08.02 10:29:31.919,0.96053,0.96069,2.48,3.04
2013.08.02 10:29:32.457,0.96053,0.96069,2.10,3.04
2013.08.02 10:29:33.067,0.96053,0.96068,2.10,1.69
2013.08.02 10:29:33.247,0.96051,0.96067,1.92,1.54
2013.08.02 10:29:33.838,0.96052,0.96067,1.05,1.54
2013.08.02 10:29:34.397,0.96052,0.96067,1.05,2.29
2013.08.02 10:29:34.909,0.96052,0.96067,1.24,2.10
2013.08.02 10:29:35.088,0.96051,0.96067,2.37,1.73
2013.08.02 10:29:35.149,0.96049,0.96065,1.54,1.35
2013.08.02 10:29:35.707,0.96049,0.96065,1.54,2.78
2013.08.02 10:29:36.368,0.96047,0.96061,1.73,1.35
2013.08.02 10:29:38.867,0.96046,0.9606,3.60,1.35
2013.08.02 10:29:39.167,0.96046,0.9606,1.35,1.35
2013.08.02 10:29:39.777,0.96045,0.9606,1.54,2.78
2013.08.02 10:29:39.898,0.96043,0.96056,1.54,1.35
2013.08.02 10:29:40.078,0.9604,0.96055,1.69,1.35
2013.08.02 10:29:40.138,0.9604,0.96054,1.69,2.10
2013.08.02 10:29:40.197,0.96038,0.96051,1.17,1.35
2013.08.02 10:29:40.318,0.96037,0.96051,1.54,1.35
2013.08.02 10:29:40.557,0.96037,0.96049,1.54,1.35
2013.08.02 10:29:42.258,0.96035,0.96049,1.92,1.35
2013.08.02 10:29:42.617,0.96042,0.96057,2.03,1.62
2013.08.02 10:29:42.677,0.96042,0.96058,2.03,2.29
2013.08.02 10:29:43.197,0.96043,0.96059,2.29,3.04
2013.08.02 10:29:43.707,0.96043,0.96059,1.92,2.37
2013.08.02 10:29:44.407,0.96045,0.96062,1.35,1.54
2013.08.02 10:29:45.800,0.96045,0.96062,1.54,1.54
2013.08.02 10:29:45.858,0.96046,0.96063,1.54,2.97
2013.08.02 10:29:49.454,0.96053,0.96069,1.35,1.50
2013.08.02 10:29:49.638,0.96055,0.96071,1.43,1.43
