2009.06.23 22:05:26.329,0.82745,0.828,2.20,1.80
2009.06.23 22:06:24.125,0.8277,0.828,1.80,1.80
2009.06.23 22:06:57.977,0.8277,0.828,1.80,3.00
2009.06.23 22:07:42.266,0.8276,0.828,1.80,3.00
2009.06.23 22:07:52.603,0.8277,0.828,1.80,3.00
2009.06.23 22:07:53.193,0.8276,0.828,1.80,3.00
2009.06.23 22:08:52.019,0.8276,0.8279,1.80,1.20
2009.06.23 22:08:52.249,0.8275,0.8279,1.80,1.20
2009.06.23 22:10:06.201,0.8279,0.828,2.00,1.20
2009.06.23 22:10:06.591,0.8279,0.828,1.00,1.20
2009.06.23 22:10:10.240,0.8279,0.828,1.00,1.00
2009.06.23 22:10:10.300,0.8279,0.8281,1.00,2.00
2009.06.23 22:10:58.558,0.8278,0.8281,3.40,2.00
2009.06.23 22:10:58.968,0.8277,0.8281,1.80,3.20
2009.06.23 22:11:14.565,0.8277,0.8281,1.80,4.40
2009.06.23 22:11:14.845,0.8275,0.8279,1.80,1.20
2009.06.23 22:11:15.504,0.8275,0.8278,1.80,1.20
2009.06.23 22:11:18.054,0.8274,0.8277,1.80,1.20
2009.06.23 22:11:32.970,0.8275,0.8278,1.80,1.20
2009.06.23 22:11:33.030,0.8275,0.8279,1.80,2.80
2009.06.23 22:11:33.140,0.8275,0.8279,1.80,1.20
2009.06.23 22:11:59.764,0.8274,0.8279,4.00,1.20
2009.06.23 22:11:59.984,0.8275,0.8279,1.80,1.20
2009.06.23 22:12:00.164,0.8277,0.828,1.80,1.20
2009.06.23 22:12:09.191,0.8276,0.8279,1.80,1.20
2009.06.23 22:12:37.155,0.8275,0.8278,1.80,1.20
2009.06.23 22:13:38.280,0.82735,0.82815,1.60,1.20
2009.06.23 22:14:16.631,0.82735,0.8281,1.60,6.20
2009.06.23 22:14:24.319,0.82735,0.82805,1.60,1.00
2009.06.23 22:14:24.369,0.82735,0.8279,1.60,3.00
2009.06.23 22:14:24.429,0.8274,0.8278,1.80,1.20
2009.06.23 22:14:51.392,0.8275,0.8279,1.80,3.20
2009.06.23 22:14:51.502,0.8275,0.8279,1.80,2.80
2009.06.23 22:14:51.732,0.8275,0.8279,1.80,1.20
2009.06.23 22:14:56.651,0.8275,0.8278,1.80,1.20
2009.06.23 22:14:56.951,0.8274,0.8278,1.80,1.20
2009.06.23 22:15:10.587,0.8275,0.8279,1.80,2.80
2009.06.23 22:15:10.708,0.8275,0.8279,1.80,1.20
2009.06.23 22:15:11.237,0.8276,0.8279,1.80,1.20
2009.06.23 22:15:26.904,0.8276,0.828,1.80,1.20
2009.06.23 22:15:49.648,0.8277,0.8281,1.80,3.20
2009.06.23 22:16:21.380,0.8275,0.8278,1.80,1.20
2009.06.23 22:16:23.790,0.8274,0.8278,1.80,1.20
2009.06.23 22:16:24.180,0.8273,0.8277,1.80,1.20
2009.06.23 22:16:24.890,0.8271,0.8276,1.00,1.20
2009.06.23 22:16:30.369,0.82715,0.8276,1.00,1.20
2009.06.23 22:16:34.278,0.8272,0.8276,1.00,1.20
2009.06.23 22:16:41.625,0.82715,0.8276,1.00,1.20
2009.06.23 22:16:45.245,0.8273,0.8276,1.80,1.20
2009.06.23 22:16:50.723,0.8274,0.8277,1.80,1.20
2009.06.23 22:17:58.577,0.8273,0.8279,1.00,1.00
2009.06.23 22:18:15.753,0.8273,0.8277,1.80,1.20
2009.06.23 22:18:38.087,0.8273,0.8276,1.80,1.20
2009.06.23 22:18:42.466,0.8272,0.8276,1.80,1.20
2009.06.23 22:18:57.263,0.8273,0.8276,1.80,1.20
2009.06.23 22:19:57.218,0.8272,0.828,1.00,6.20
2009.06.23 22:20:49.266,0.8273,0.82785,1.00,1.00
2009.06.23 22:20:49.436,0.8273,0.8277,2.00,1.20
2009.06.23 22:20:50.126,0.8273,0.8277,1.80,1.20
2009.06.23 22:22:45.128,0.8273,0.8277,1.80,1.20
2009.06.23 22:23:05.933,0.8273,0.8276,1.80,1.20
2009.06.23 22:23:09.632,0.8272,0.8276,1.80,1.20
2009.06.23 22:24:18.135,0.8272,0.8276,4.40,1.20
2009.06.23 22:24:29.253,0.8272,0.82775,2.40,1.00
2009.06.23 22:24:33.122,0.8272,0.8278,2.60,1.60
2009.06.23 22:24:33.352,0.8273,0.8276,1.80,1.20
2009.06.23 22:24:34.401,0.8273,0.8276,2.00,1.20
2009.06.23 22:24:34.741,0.8273,0.8277,2.00,1.20
2009.06.23 22:24:37.901,0.8273,0.8277,1.80,1.20
2009.06.23 22:24:38.711,0.8273,0.8276,1.80,1.20
2009.06.23 22:25:34.367,0.8272,0.8275,4.40,1.20
2009.06.23 22:25:34.427,0.8272,0.8275,2.40,1.20
2009.06.23 22:25:55.432,0.8272,0.8275,4.40,1.20
2009.06.23 22:26:05.070,0.8272,0.8275,2.40,1.20
2009.06.23 22:26:13.587,0.8272,0.8274,2.40,1.20
2009.06.23 22:26:32.403,0.8271,0.8274,1.80,2.80
2009.06.23 22:26:32.693,0.8269,0.8272,1.80,1.20
2009.06.23 22:26:32.973,0.8268,0.8272,1.80,1.20
2009.06.23 22:26:49.219,0.8267,0.8272,2.00,1.20
2009.06.23 22:26:49.569,0.8267,0.8271,2.00,1.20
2009.06.23 22:26:52.888,0.8267,0.8272,2.00,1.20
2009.06.23 22:26:53.358,0.8267,0.8272,1.00,1.20
2009.06.23 22:26:53.529,0.8266,0.8272,1.60,1.20
2009.06.23 22:26:53.638,0.8266,0.8271,3.60,1.20
2009.06.23 22:26:53.918,0.8267,0.8271,1.80,1.20
2009.06.23 22:26:56.838,0.8267,0.827,1.80,1.20
2009.06.23 22:26:57.187,0.8266,0.827,2.00,1.20
2009.06.23 22:26:57.927,0.8265,0.827,3.60,1.20
2009.06.23 22:26:58.227,0.8266,0.827,1.80,1.20
2009.06.23 22:26:59.626,0.8265,0.827,3.60,1.20
2009.06.23 22:26:59.926,0.8266,0.827,1.80,1.20
2009.06.23 22:27:11.153,0.8265,0.8269,1.80,1.20
2009.06.23 22:27:11.513,0.8264,0.8268,1.80,1.20
2009.06.23 22:27:12.323,0.8264,0.8267,1.80,1.20
2009.06.23 22:27:13.653,0.8263,0.8267,1.80,1.20
2009.06.23 22:27:24.570,0.8263,0.8267,2.00,1.20
2009.06.23 22:27:43.995,0.8263,0.8267,1.80,1.20
2009.06.23 22:28:03.531,0.8264,0.8267,1.80,1.20
2009.06.23 22:28:06.270,0.8264,0.8267,2.00,1.20
2009.06.23 22:28:06.390,0.8265,0.8269,1.80,1.20
2009.06.23 22:28:07.150,0.8264,0.8267,1.80,1.20
2009.06.23 22:28:07.770,0.8263,0.8267,1.80,1.20
2009.06.23 22:28:08.230,0.8264,0.8267,1.80,1.20
2009.06.23 22:28:08.739,0.8264,0.8268,1.80,1.20
2009.06.23 22:28:24.346,0.8265,0.8269,1.80,1.20
2009.06.23 22:29:46.776,0.8266,0.8269,1.80,1.20
2009.06.23 22:30:17.948,0.8265,0.8269,2.00,1.20
2009.06.23 22:30:24.537,0.8266,0.8269,1.80,1.20
2009.06.23 22:30:25.176,0.8265,0.8269,1.80,1.20
2009.06.23 22:30:46.501,0.8265,0.8269,2.00,1.20
2009.06.23 22:30:48.141,0.8265,0.8269,1.80,1.20
2009.06.23 22:31:25.262,0.8265,0.8269,2.00,1.20
2009.06.23 22:31:42.828,0.8265,0.8269,1.80,1.20
2009.06.23 22:32:13.100,0.8265,0.8269,2.00,1.20
2009.06.23 22:32:13.330,0.8266,0.8269,1.80,1.20
2009.06.23 22:32:44.934,0.8265,0.8269,1.80,1.20
2009.06.23 22:32:55.580,0.8267,0.8271,1.80,1.20
2009.06.23 22:32:55.870,0.8268,0.827,1.00,1.20
2009.06.23 22:33:02.129,0.8266,0.827,1.80,1.20
2009.06.23 22:33:05.008,0.8267,0.827,1.80,1.20
2009.06.23 22:33:05.248,0.8266,0.827,2.00,1.20
2009.06.23 22:33:05.488,0.8267,0.8271,1.80,1.20
2009.06.23 22:33:06.398,0.8267,0.8271,2.00,1.20
2009.06.23 22:33:06.628,0.8267,0.8271,1.80,1.20
2009.06.23 22:33:09.827,0.8266,0.8271,2.00,1.20
2009.06.23 22:33:12.326,0.8267,0.8271,1.80,1.20
2009.06.23 22:33:12.786,0.8267,0.827,1.80,1.20
2009.06.23 22:33:13.736,0.8266,0.827,2.00,1.20
2009.06.23 22:33:14.096,0.8267,0.827,2.00,1.20
2009.06.23 22:33:14.276,0.8268,0.8271,1.80,1.20
2009.06.23 22:33:14.646,0.8268,0.8272,1.80,1.20
2009.06.23 22:33:15.035,0.8266,0.8273,3.60,3.00
2009.06.23 22:33:15.275,0.8266,0.8273,2.00,4.60
2009.06.23 22:33:15.565,0.8266,0.8273,2.00,5.60
2009.06.23 22:33:17.145,0.8267,0.8273,1.80,5.00
2009.06.23 22:33:18.005,0.8267,0.8273,1.80,6.20
2009.06.23 22:33:18.065,0.8267,0.8272,1.80,1.00
2009.06.23 22:33:18.485,0.8267,0.827,1.80,1.20
2009.06.23 22:33:20.574,0.8267,0.8271,1.80,1.20
2009.06.23 22:33:21.434,0.8267,0.827,1.80,1.20
2009.06.23 22:33:38.910,0.82685,0.8271,1.00,1.20
2009.06.23 22:33:39.150,0.82685,0.8272,1.00,1.20
2009.06.23 22:33:59.485,0.8268,0.8272,3.40,1.20
2009.06.23 22:33:59.884,0.8268,0.8272,1.80,1.20
2009.06.23 22:34:48.223,0.8268,0.8272,3.40,1.20
2009.06.23 22:34:48.913,0.8268,0.8271,1.80,1.20
2009.06.23 22:34:52.952,0.8266,0.8271,2.00,1.20
2009.06.23 22:35:25.714,0.8267,0.8271,1.80,1.20
2009.06.23 22:35:37.811,0.8266,0.8271,2.00,1.20
2009.06.23 22:35:38.091,0.8266,0.827,2.00,1.20
2009.06.23 22:36:16.582,0.8267,0.827,1.80,1.20
2009.06.23 22:36:18.571,0.8266,0.827,2.00,1.20
2009.06.23 22:36:27.079,0.8267,0.827,1.80,1.20
2009.06.23 22:36:54.502,0.8266,0.827,2.00,1.20
2009.06.23 22:37:04.510,0.8267,0.827,1.80,1.20
2009.06.23 22:37:04.870,0.8267,0.8271,1.80,1.20
2009.06.23 22:37:23.026,0.8267,0.827,1.80,1.20
2009.06.23 22:37:23.255,0.8266,0.827,2.00,1.20
2009.06.23 22:37:47.350,0.8267,0.827,1.80,1.20
2009.06.23 22:37:47.520,0.8267,0.8271,1.80,1.20
2009.06.23 22:37:48.000,0.8266,0.8271,2.00,1.20
2009.06.23 22:37:54.018,0.8267,0.8271,1.80,1.20
2009.06.23 22:37:54.378,0.8267,0.827,1.80,1.20
2009.06.23 22:38:10.434,0.8267,0.8271,1.80,1.20
2009.06.23 22:38:19.652,0.8267,0.827,1.80,1.20
2009.06.23 22:38:58.803,0.8266,0.827,2.00,1.20
2009.06.23 22:39:03.411,0.8267,0.827,1.80,1.20
2009.06.23 22:39:14.658,0.8266,0.827,2.00,1.20
2009.06.23 22:39:16.628,0.8267,0.827,1.80,1.20
2009.06.23 22:39:22.827,0.8267,0.8271,1.80,1.20
2009.06.23 22:39:23.926,0.8267,0.827,1.80,1.20
2009.06.23 22:39:24.496,0.8266,0.827,1.80,1.20
2009.06.23 22:39:51.080,0.8267,0.827,1.80,1.20
2009.06.23 22:39:52.389,0.8266,0.827,1.80,1.20
2009.06.23 22:40:00.568,0.8267,0.827,1.80,1.20
2009.06.23 22:40:13.364,0.8266,0.827,1.80,1.20
2009.06.23 22:40:14.064,0.8266,0.8269,1.80,1.20
2009.06.23 22:40:14.294,0.8265,0.8269,1.80,1.20
2009.06.23 22:40:15.414,0.8265,0.8269,2.00,1.20
2009.06.23 22:40:16.154,0.8266,0.8269,1.80,1.20
2009.06.23 22:40:16.514,0.8266,0.827,1.80,1.20
2009.06.23 22:40:19.453,0.8267,0.827,1.80,1.20
2009.06.23 22:40:23.452,0.8266,0.8269,1.80,1.20
2009.06.23 22:40:23.742,0.8265,0.8269,1.80,1.20
2009.06.23 22:40:34.779,0.8266,0.8269,1.80,1.20
2009.06.23 22:41:06.052,0.8265,0.8269,1.80,1.20
2009.06.23 22:41:30.346,0.8265,0.8269,1.80,1.20
2009.06.23 22:41:30.466,0.8266,0.8269,1.80,1.20
2009.06.23 22:41:31.225,0.8265,0.8269,1.80,1.20
2009.06.23 22:41:31.455,0.8265,0.8268,1.80,1.20
2009.06.23 22:41:31.795,0.8264,0.8268,1.80,1.20
2009.06.23 22:41:46.772,0.8264,0.8267,1.80,1.20
2009.06.23 22:41:47.822,0.8263,0.8267,1.80,1.20
2009.06.23 22:41:53.110,0.8264,0.8267,1.80,1.20
2009.06.23 22:41:53.400,0.8264,0.8268,1.80,1.20
2009.06.23 22:41:55.450,0.8264,0.8267,1.80,1.20
2009.06.23 22:41:55.740,0.8263,0.8267,3.40,1.20
2009.06.23 22:42:11.596,0.8264,0.8267,1.80,1.20
2009.06.23 22:42:12.016,0.8264,0.8268,1.80,1.20
2009.06.23 22:42:12.296,0.8264,0.8267,1.80,1.20
2009.06.23 22:42:18.534,0.8263,0.8267,1.80,1.20
2009.06.23 22:42:18.934,0.8264,0.8267,1.80,1.20
2009.06.23 22:42:19.174,0.8264,0.8268,1.80,1.20
2009.06.23 22:42:19.284,0.8264,0.8267,1.80,1.20
2009.06.23 22:42:20.334,0.8263,0.8267,1.80,1.20
2009.06.23 22:42:39.739,0.8264,0.8267,1.80,1.20
2009.06.23 22:42:40.489,0.8263,0.8267,1.80,1.20
2009.06.23 22:42:50.166,0.8262,0.8267,2.00,1.20
2009.06.23 22:42:51.326,0.8263,0.8267,1.80,1.20
2009.06.23 22:43:05.873,0.8263,0.8266,1.80,1.20
2009.06.23 22:43:07.202,0.8262,0.8266,2.00,1.20
2009.06.23 22:43:17.200,0.8262,0.8266,2.00,1.20
2009.06.23 22:43:18.530,0.8263,0.8266,1.80,1.20
2009.06.23 22:43:20.730,0.8262,0.8266,2.00,1.20
2009.06.23 22:43:20.909,0.8263,0.8266,1.80,1.20
2009.06.23 22:43:23.439,0.8262,0.8266,2.00,1.20
2009.06.23 22:43:50.632,0.8262,0.8265,2.00,1.20
2009.06.23 22:43:55.631,0.8262,0.8265,1.80,1.20
2009.06.23 22:43:58.700,0.8262,0.8266,2.00,1.20
2009.06.23 22:44:00.889,0.82625,0.8266,1.00,1.20
2009.06.23 22:44:02.449,0.8262,0.8266,3.60,1.20
2009.06.23 22:44:02.619,0.8262,0.8266,2.00,1.20
2009.06.23 22:44:02.739,0.8262,0.8266,1.80,1.20
2009.06.23 22:44:06.348,0.8262,0.8266,3.40,1.20
2009.06.23 22:44:06.688,0.8262,0.8266,1.80,1.20
2009.06.23 22:44:07.458,0.8262,0.8265,1.80,1.20
2009.06.23 22:44:07.738,0.8261,0.8265,2.00,1.20
2009.06.23 22:44:37.571,0.82615,0.8265,1.00,1.20
2009.06.23 22:44:43.259,0.8261,0.8265,3.60,1.20
2009.06.23 22:44:43.859,0.8261,0.8265,2.00,1.20
2009.06.23 22:44:44.209,0.8261,0.8265,1.80,1.20
2009.06.23 22:44:44.799,0.8261,0.8264,1.80,1.20
2009.06.23 22:44:54.877,0.82605,0.8264,1.00,1.20
2009.06.23 22:44:56.066,0.826,0.8264,3.60,1.20
2009.06.23 22:44:56.526,0.826,0.8264,2.00,1.20
2009.06.23 22:44:59.306,0.826,0.8263,2.00,1.20
2009.06.23 22:45:04.875,0.826,0.8263,1.80,1.20
2009.06.23 22:45:05.104,0.82595,0.8262,1.60,1.20
2009.06.23 22:45:05.334,0.82585,0.8262,1.60,1.20
2009.06.23 22:45:05.694,0.8258,0.8262,3.60,1.20
2009.06.23 22:45:06.094,0.8258,0.8262,2.00,1.20
2009.06.23 22:45:06.614,0.82585,0.8262,1.00,1.20
2009.06.23 22:45:07.894,0.8259,0.8262,1.80,1.20
2009.06.23 22:45:08.883,0.82595,0.8262,1.00,1.20
2009.06.23 22:45:09.903,0.8259,0.8262,3.60,1.20
2009.06.23 22:45:10.254,0.8259,0.8262,1.80,1.20
2009.06.23 22:45:10.424,0.8259,0.8262,2.00,1.20
2009.06.23 22:45:10.483,0.8259,0.8262,1.80,1.20
2009.06.23 22:45:10.993,0.8258,0.8262,3.40,1.20
2009.06.23 22:45:11.263,0.8258,0.8261,1.80,1.20
2009.06.23 22:45:12.552,0.82585,0.8261,1.00,1.20
2009.06.23 22:45:12.962,0.82585,0.8262,1.00,1.20
2009.06.23 22:45:13.322,0.8259,0.8262,2.00,1.20
2009.06.23 22:45:15.102,0.82585,0.8262,1.60,1.20
2009.06.23 22:45:15.162,0.8259,0.8262,1.00,1.20
2009.06.23 22:45:15.832,0.82585,0.8262,1.60,1.20
2009.06.23 22:45:16.582,0.8259,0.8262,1.00,1.20
2009.06.23 22:45:17.391,0.8259,0.8262,2.00,1.20
2009.06.23 22:45:17.801,0.8259,0.8262,1.80,1.20
2009.06.23 22:45:18.051,0.8259,0.8262,2.00,1.20
2009.06.23 22:45:19.711,0.8259,0.8262,1.80,1.20
2009.06.23 22:45:21.040,0.8259,0.8262,2.00,1.20
2009.06.23 22:45:24.470,0.8259,0.8263,2.00,1.20
2009.06.23 22:45:24.690,0.82595,0.8263,1.00,1.20
2009.06.23 22:45:25.959,0.8259,0.8263,1.80,1.20
2009.06.23 22:45:38.696,0.8257,0.8262,2.00,1.20
2009.06.23 22:45:40.046,0.8258,0.8262,1.80,1.20
2009.06.23 22:45:41.965,0.8258,0.8261,1.80,1.20
2009.06.23 22:45:49.613,0.8257,0.8261,1.80,1.20
2009.06.23 22:45:51.103,0.8257,0.826,1.80,1.20
2009.06.23 22:46:01.221,0.8257,0.8261,1.80,1.20
2009.06.23 22:46:09.209,0.8258,0.8261,1.80,1.20
2009.06.23 22:46:10.208,0.8257,0.8261,1.80,1.20
2009.06.23 22:46:39.332,0.8257,0.826,1.80,1.20
2009.06.23 22:47:04.155,0.8258,0.8261,1.80,1.20
2009.06.23 22:47:05.305,0.8257,0.8261,1.80,1.20
2009.06.23 22:47:17.022,0.8257,0.826,1.80,1.20
2009.06.23 22:47:30.619,0.8257,0.8261,1.80,1.20
2009.06.23 22:47:37.947,0.8257,0.826,1.80,1.20
2009.06.23 22:48:07.000,0.8257,0.8261,1.80,1.20
2009.06.23 22:48:09.230,0.8258,0.8261,1.80,1.20
2009.06.23 22:48:15.348,0.8258,0.8262,1.80,1.20
2009.06.23 22:48:23.816,0.8258,0.8261,1.80,1.20
2009.06.23 22:48:49.460,0.8258,0.8262,1.80,1.20
2009.06.23 22:48:50.650,0.8258,0.8261,1.80,1.20
2009.06.23 22:49:01.607,0.8259,0.8262,1.80,1.20
2009.06.23 22:49:02.817,0.8257,0.8261,1.80,1.20
2009.06.23 22:49:03.527,0.8258,0.8261,1.80,1.20
2009.06.23 22:49:36.728,0.8258,0.8262,1.80,1.20
2009.06.23 22:49:37.608,0.8259,0.8262,1.80,1.20
2009.06.23 22:49:49.695,0.8259,0.8263,1.80,1.20
2009.06.23 22:49:50.645,0.8259,0.8262,1.80,1.20
2009.06.23 22:49:51.225,0.8259,0.8263,1.80,1.20
2009.06.23 22:49:51.405,0.826,0.8263,1.80,1.20
2009.06.23 22:49:53.884,0.8259,0.8263,1.80,1.20
2009.06.23 22:49:58.154,0.8258,0.8262,1.80,1.20
2009.06.23 22:49:58.723,0.8258,0.8261,1.80,1.20
2009.06.23 22:50:35.544,0.8258,0.8262,1.80,1.20
2009.06.23 22:51:54.965,0.8258,0.8261,1.80,1.20
2009.06.23 22:52:00.834,0.8258,0.8262,1.80,1.20
2009.06.23 22:52:07.062,0.8259,0.8263,1.80,1.20
2009.06.23 22:52:22.558,0.826,0.8263,1.80,1.20
2009.06.23 22:52:46.663,0.8259,0.8263,1.80,1.20
2009.06.23 22:53:29.052,0.8259,0.8263,1.80,1.20
2009.06.23 22:53:30.222,0.8259,0.8262,1.80,1.20
2009.06.23 22:53:34.371,0.8259,0.8263,1.80,1.20
2009.06.23 22:53:42.129,0.8259,0.8262,1.80,1.20
2009.06.23 22:53:42.419,0.8259,0.8263,1.80,1.20
2009.06.23 22:53:56.996,0.8259,0.8262,1.80,1.20
2009.06.23 22:55:00.230,0.82575,0.8266,1.00,5.60
2009.06.23 22:55:25.384,0.82575,0.8265,1.00,2.60
2009.06.23 22:55:53.567,0.8258,0.8265,1.00,2.60
2009.06.23 22:55:53.967,0.8259,0.8263,1.80,1.20
2009.06.23 22:55:54.518,0.826,0.8263,1.80,1.20
2009.06.23 22:56:00.456,0.826,0.8264,1.80,1.20
2009.06.23 22:56:07.294,0.826,0.8263,1.80,1.20
2009.06.23 22:56:09.314,0.826,0.8264,1.80,1.20
2009.06.23 22:56:11.693,0.8261,0.8264,1.80,1.20
2009.06.23 22:56:22.340,0.82605,0.8264,1.00,1.20
2009.06.23 22:56:22.511,0.826,0.8264,1.80,1.20
2009.06.23 22:56:22.741,0.8261,0.8265,1.80,1.20
2009.06.23 22:56:23.320,0.826,0.8264,1.80,1.20
2009.06.23 22:56:25.580,0.826,0.8264,2.00,1.20
2009.06.23 22:56:26.030,0.8261,0.8265,1.80,1.20
2009.06.23 22:56:28.229,0.8262,0.8265,1.80,1.20
2009.06.23 22:56:30.549,0.8262,0.8266,1.80,1.20
2009.06.23 22:56:33.768,0.8263,0.8266,1.80,1.20
2009.06.23 22:56:34.058,0.8262,0.8266,1.80,1.20
2009.06.23 22:56:48.824,0.826,0.8265,2.00,1.20
2009.06.23 22:56:49.414,0.8261,0.8265,1.80,1.20
2009.06.23 22:56:51.584,0.8261,0.8264,1.80,1.20
2009.06.23 22:57:13.118,0.8261,0.8265,1.80,1.20
2009.06.23 22:57:18.057,0.8262,0.8265,1.80,1.20
2009.06.23 22:57:18.517,0.8262,0.8266,1.80,1.20
2009.06.23 22:57:20.817,0.8262,0.8265,1.80,1.20
2009.06.23 22:58:21.082,0.826,0.82685,1.00,1.20
2009.06.23 22:58:37.368,0.826,0.82675,1.00,2.60
2009.06.23 22:58:51.464,0.82605,0.82675,1.00,2.60
2009.06.23 22:58:51.625,0.82605,0.82675,1.00,1.60
2009.06.23 22:58:51.744,0.8262,0.8266,1.80,1.20
2009.06.23 22:58:59.453,0.8263,0.8266,1.80,1.20
2009.06.23 22:59:06.251,0.8262,0.8266,1.80,1.20
2009.06.23 22:59:12.759,0.8263,0.8266,1.80,1.20
2009.06.23 22:59:18.608,0.8263,0.8267,1.80,1.20
2009.06.23 22:59:33.854,0.8264,0.8267,1.80,1.20
2009.06.23 22:59:34.254,0.8264,0.8268,1.80,1.20
2009.06.23 22:59:47.601,0.8262,0.8267,3.40,1.20
2009.06.23 22:59:47.831,0.82625,0.8267,2.40,1.20
2009.06.23 22:59:48.011,0.8264,0.8268,1.80,1.20
2009.06.23 22:59:50.500,0.8264,0.8267,1.80,1.20
2009.06.23 22:59:57.349,0.8264,0.82665,1.80,1.00
2009.06.23 22:59:57.689,0.8262,0.8266,1.80,1.20
2009.06.23 22:59:58.998,0.82625,0.8266,1.80,1.20
2009.06.23 22:59:59.288,0.8263,0.8267,1.80,1.20
