2012.07.29 22:00:00.354,0.78164,0.78202,0.37,0.75
2012.07.29 22:00:00.520,0.78156,0.7817,1.58,0.39
2012.07.29 22:00:00.578,0.78161,0.78177,1.58,0.39
2012.07.29 22:00:00.742,0.78133,0.78171,0.75,1.58
2012.07.29 22:00:00.877,0.78133,0.78171,0.75,1.58
2012.07.29 22:00:00.989,0.78133,0.78176,0.75,1.58
2012.07.29 22:00:01.115,0.78135,0.78176,0.75,1.58
2012.07.29 22:00:01.411,0.78135,0.78183,0.75,1.58
2012.07.29 22:00:01.471,0.78133,0.78183,0.75,1.58
2012.07.29 22:00:01.586,0.78133,0.78168,0.75,1.58
2012.07.29 22:00:02.015,0.78133,0.78163,0.75,1.58
2012.07.29 22:00:02.073,0.78133,0.78173,0.75,1.58
2012.07.29 22:00:02.132,0.78136,0.78173,0.75,1.58
2012.07.29 22:00:02.527,0.78136,0.7817,0.75,1.58
2012.07.29 22:00:02.864,0.78136,0.78165,0.75,1.58
2012.07.29 22:00:03.587,0.78136,0.78169,2.33,1.58
2012.07.29 22:00:03.732,0.78136,0.78163,0.75,1.58
2012.07.29 22:00:04.075,0.7814,0.78163,0.75,1.58
2012.07.29 22:00:04.352,0.78138,0.78166,0.75,1.58
2012.07.29 22:00:04.667,0.78138,0.78171,2.33,1.58
2012.07.29 22:00:04.782,0.7814,0.78171,0.75,1.58
2012.07.29 22:00:05.085,0.7814,0.78167,0.75,1.58
2012.07.29 22:00:05.596,0.78141,0.78167,0.75,1.58
2012.07.29 22:00:05.960,0.78141,0.78163,0.75,1.58
2012.07.29 22:00:06.097,0.78137,0.78163,0.75,1.58
2012.07.29 22:00:06.158,0.78137,0.7816,0.75,1.58
2012.07.29 22:00:07.789,0.78137,0.78165,0.75,1.58
2012.07.29 22:00:07.850,0.78137,0.78169,0.75,1.58
2012.07.29 22:00:08.046,0.78137,0.78163,0.75,1.58
2012.07.29 22:00:10.855,0.78137,0.78165,0.75,1.58
2012.07.29 22:00:17.145,0.78138,0.78165,0.75,1.58
2012.07.29 22:00:17.925,0.78137,0.78165,0.75,1.58
2012.07.29 22:00:18.312,0.78137,0.78168,1.50,1.58
2012.07.29 22:00:21.346,0.78137,0.78167,0.75,1.58
2012.07.29 22:00:21.414,0.78137,0.78164,0.75,1.58
2012.07.29 22:00:22.180,0.78137,0.78168,0.75,1.58
2012.07.29 22:00:24.804,0.78139,0.78168,2.33,1.58
2012.07.29 22:00:24.864,0.78141,0.78171,1.58,0.75
2012.07.29 22:00:24.978,0.78139,0.7817,2.33,1.58
2012.07.29 22:00:25.092,0.78137,0.7817,1.58,1.58
2012.07.29 22:00:25.197,0.78139,0.7817,1.58,1.58
2012.07.29 22:00:25.257,0.78137,0.7817,1.58,1.58
2012.07.29 22:00:25.317,0.78141,0.78171,1.58,3.08
2012.07.29 22:00:25.495,0.78135,0.78168,0.75,1.58
2012.07.29 22:00:26.304,0.78136,0.78168,0.75,1.58
2012.07.29 22:00:26.486,0.78137,0.78171,1.58,1.50
2012.07.29 22:00:28.897,0.78137,0.7817,1.58,0.75
2012.07.29 22:00:38.576,0.78137,0.78167,1.58,0.75
2012.07.29 22:00:38.753,0.78137,0.7817,1.58,0.75
2012.07.29 22:00:41.698,0.78137,0.78172,1.58,1.58
2012.07.29 22:00:46.351,0.78137,0.7817,1.58,1.58
2012.07.29 22:00:46.675,0.78136,0.78168,0.75,1.58
2012.07.29 22:00:52.327,0.78138,0.7817,1.58,1.58
2012.07.29 22:00:52.668,0.78138,0.78172,1.58,0.75
2012.07.29 22:00:55.051,0.78138,0.78173,1.58,3.08
2012.07.29 22:01:01.938,0.78139,0.78168,1.58,1.58
2012.07.29 22:01:04.088,0.78142,0.78168,1.58,1.58
2012.07.29 22:01:04.261,0.78143,0.7817,1.58,1.58
2012.07.29 22:01:22.151,0.78143,0.78167,1.58,0.75
2012.07.29 22:01:22.693,0.78143,0.78166,1.58,0.75
2012.07.29 22:01:22.914,0.78139,0.78164,1.58,1.58
2012.07.29 22:01:32.560,0.78144,0.78166,1.58,0.75
2012.07.29 22:01:42.232,0.78144,0.7817,1.58,2.33
2012.07.29 22:01:42.418,0.78146,0.7817,1.58,1.58
2012.07.29 22:01:42.591,0.78147,0.78173,1.58,0.75
2012.07.29 22:01:42.709,0.78144,0.7817,1.58,1.58
2012.07.29 22:01:43.258,0.78145,0.7817,1.58,1.58
2012.07.29 22:01:43.566,0.78148,0.78173,1.58,1.58
2012.07.29 22:01:44.002,0.78148,0.78171,1.58,0.75
2012.07.29 22:01:46.084,0.78144,0.7817,1.58,1.58
2012.07.29 22:01:46.145,0.78144,0.78167,1.58,0.75
2012.07.29 22:01:54.299,0.78141,0.78166,1.58,1.58
2012.07.29 22:02:02.633,0.78143,0.78167,1.58,0.75
2012.07.29 22:02:11.600,0.7816,0.78167,0.37,0.75
2012.07.29 22:02:11.716,0.78148,0.78167,0.37,0.75
2012.07.29 22:02:11.776,0.7816,0.78167,0.37,0.75
2012.07.29 22:02:11.947,0.78168,0.78192,1.58,0.75
2012.07.29 22:02:12.007,0.78168,0.78187,1.58,0.75
2012.07.29 22:02:12.233,0.78169,0.78194,1.58,2.33
2012.07.29 22:02:12.515,0.78175,0.78197,1.58,0.75
2012.07.29 22:02:12.833,0.78175,0.78195,1.58,0.75
2012.07.29 22:02:13.182,0.78173,0.78195,1.58,0.75
2012.07.29 22:02:13.404,0.78169,0.78195,1.58,0.75
2012.07.29 22:02:14.441,0.78169,0.78192,1.58,0.75
2012.07.29 22:02:14.852,0.7817,0.78195,1.58,2.33
2012.07.29 22:02:16.000,0.78174,0.78196,1.58,0.75
2012.07.29 22:02:16.293,0.78174,0.78199,1.58,2.33
2012.07.29 22:02:18.129,0.78174,0.78197,1.58,0.75
2012.07.29 22:02:18.359,0.78169,0.78194,1.58,1.58
2012.07.29 22:02:19.925,0.78166,0.78191,1.58,1.58
2012.07.29 22:02:20.462,0.78165,0.78191,1.58,1.58
2012.07.29 22:02:38.362,0.78163,0.78189,1.58,1.58
2012.07.29 22:02:38.921,0.78162,0.78189,1.58,1.58
2012.07.29 22:02:58.434,0.78162,0.78187,2.33,1.58
2012.07.29 22:03:02.452,0.78162,0.78182,0.75,1.58
2012.07.29 22:03:02.627,0.78158,0.78182,0.75,1.58
2012.07.29 22:03:18.616,0.78162,0.78186,0.75,1.58
2012.07.29 22:03:25.310,0.78165,0.78186,0.75,1.58
2012.07.29 22:03:26.914,0.78162,0.78186,0.75,1.58
2012.07.29 22:03:38.520,0.78163,0.7819,1.58,1.58
2012.07.29 22:03:47.006,0.78162,0.78185,0.75,1.58
2012.07.29 22:03:56.604,0.78166,0.78185,0.75,1.58
2012.07.29 22:03:56.778,0.78166,0.78191,0.75,1.58
2012.07.29 22:03:57.006,0.78168,0.78193,1.58,1.58
2012.07.29 22:03:57.480,0.78172,0.78193,0.75,1.58
2012.07.29 22:03:59.894,0.78172,0.78196,2.33,1.58
2012.07.29 22:04:00.553,0.78172,0.78197,2.33,1.58
2012.07.29 22:04:04.774,0.78172,0.78195,2.33,1.58
2012.07.29 22:04:05.561,0.78168,0.78193,2.33,1.58
2012.07.29 22:04:06.702,0.78173,0.78198,1.58,1.58
2012.07.29 22:04:08.553,0.78173,0.78196,1.58,1.58
2012.07.29 22:04:09.287,0.78168,0.78195,2.33,1.58
2012.07.29 22:04:17.466,0.78168,0.78193,2.33,1.58
2012.07.29 22:04:17.649,0.78165,0.7819,2.33,1.58
2012.07.29 22:04:30.153,0.78165,0.7819,2.33,1.58
2012.07.29 22:04:30.385,0.78165,0.7819,2.33,1.58
2012.07.29 22:04:31.494,0.78165,0.7819,2.33,1.58
2012.07.29 22:04:37.526,0.78167,0.78192,2.33,1.58
2012.07.29 22:04:57.685,0.78168,0.78195,2.33,1.58
2012.07.29 22:04:59.529,0.78168,0.78193,2.33,1.58
2012.07.29 22:04:59.875,0.78164,0.78191,2.33,1.58
2012.07.29 22:05:04.428,0.78169,0.78193,2.33,1.58
2012.07.29 22:05:04.546,0.78169,0.78196,2.33,1.58
2012.07.29 22:05:20.450,0.78183,0.78197,1.58,1.58
2012.07.29 22:05:20.568,0.78187,0.78206,1.58,1.50
2012.07.29 22:05:20.629,0.78187,0.7821,1.58,2.33
2012.07.29 22:05:20.691,0.78183,0.78209,1.58,2.33
2012.07.29 22:05:20.808,0.78183,0.78209,1.58,1.58
2012.07.29 22:05:32.775,0.78183,0.78207,1.58,1.58
2012.07.29 22:05:33.108,0.78178,0.78205,3.08,1.58
2012.07.29 22:05:33.260,0.78183,0.78208,1.58,1.58
2012.07.29 22:05:39.337,0.78183,0.78205,1.58,1.58
2012.07.29 22:05:39.401,0.78177,0.78204,2.33,1.58
2012.07.29 22:05:58.807,0.78183,0.78205,1.58,1.58
2012.07.29 22:05:58.870,0.78183,0.78208,1.58,1.58
2012.07.29 22:06:18.988,0.78185,0.7821,1.58,1.58
2012.07.29 22:06:23.639,0.78181,0.78206,1.58,1.58
2012.07.29 22:06:29.512,0.78183,0.78206,1.58,1.58
2012.07.29 22:06:29.574,0.78185,0.78212,1.58,1.58
2012.07.29 22:06:30.965,0.78183,0.78208,1.58,1.58
2012.07.29 22:06:31.034,0.78181,0.78208,1.58,1.58
2012.07.29 22:06:32.018,0.78186,0.78211,1.58,1.58
2012.07.29 22:06:35.036,0.78183,0.78208,1.58,1.58
2012.07.29 22:06:35.335,0.78181,0.78208,2.33,1.58
2012.07.29 22:06:46.102,0.78185,0.78212,1.58,1.58
2012.07.29 22:06:47.026,0.78185,0.7821,1.58,1.58
2012.07.29 22:06:47.355,0.78182,0.78207,1.58,1.58
2012.07.29 22:06:48.916,0.78179,0.78204,1.58,1.58
2012.07.29 22:06:49.257,0.78176,0.78201,1.58,1.58
2012.07.29 22:06:49.375,0.78174,0.78201,1.58,1.58
2012.07.29 22:06:52.690,0.78174,0.78201,1.58,2.33
2012.07.29 22:06:52.864,0.78166,0.78191,2.33,1.58
2012.07.29 22:06:55.015,0.78168,0.78191,1.58,1.58
2012.07.29 22:06:55.254,0.78169,0.78196,1.58,1.58
2012.07.29 22:06:57.774,0.78168,0.78191,1.58,1.58
2012.07.29 22:06:57.837,0.78163,0.78191,1.58,1.58
2012.07.29 22:06:58.020,0.78168,0.78193,1.58,3.15
2012.07.29 22:07:47.616,0.78169,0.78193,1.58,1.58
2012.07.29 22:07:47.678,0.78171,0.78197,1.58,1.58
2012.07.29 22:07:49.812,0.78169,0.78194,1.58,1.58
2012.07.29 22:07:49.973,0.78167,0.78194,1.58,1.58
2012.07.29 22:08:01.547,0.78165,0.78187,1.58,1.58
2012.07.29 22:08:01.626,0.78157,0.78183,2.33,1.58
2012.07.29 22:08:01.745,0.78154,0.78178,1.58,1.58
2012.07.29 22:08:02.053,0.7815,0.78175,1.58,1.58
2012.07.29 22:08:02.116,0.78148,0.78175,2.33,1.58
2012.07.29 22:08:11.474,0.78153,0.78177,2.33,1.58
2012.07.29 22:08:11.537,0.78153,0.7818,2.33,1.58
2012.07.29 22:08:11.710,0.78153,0.7818,1.58,1.58
2012.07.29 22:08:31.517,0.78156,0.78181,1.58,1.58
2012.07.29 22:08:31.579,0.78158,0.78184,1.58,1.58
2012.07.29 22:08:31.641,0.7816,0.78187,1.58,1.58
2012.07.29 22:08:49.684,0.78162,0.78187,1.58,1.58
2012.07.29 22:08:49.860,0.78164,0.78191,1.58,1.58
2012.07.29 22:09:00.003,0.78164,0.78188,1.58,1.58
2012.07.29 22:09:00.066,0.7816,0.78185,1.58,1.58
2012.07.29 22:09:05.455,0.78164,0.78191,1.58,1.58
2012.07.29 22:09:06.307,0.78164,0.78191,2.33,1.58
2012.07.29 22:09:25.634,0.78165,0.78192,2.33,1.58
2012.07.29 22:09:35.508,0.78165,0.78192,2.33,1.58
2012.07.29 22:09:36.054,0.78165,0.78192,2.33,1.58
2012.07.29 22:09:36.592,0.78171,0.78193,1.58,1.58
2012.07.29 22:09:36.654,0.78171,0.78196,1.58,1.58
2012.07.29 22:09:47.241,0.78171,0.78195,1.58,1.58
2012.07.29 22:09:47.303,0.78167,0.78192,1.58,1.58
2012.07.29 22:10:02.772,0.7817,0.78195,1.58,1.58
2012.07.29 22:10:02.948,0.7817,0.78197,1.58,1.58
2012.07.29 22:10:09.644,0.78167,0.78192,1.58,1.58
2012.07.29 22:10:15.014,0.78167,0.78192,2.33,1.58
2012.07.29 22:10:15.305,0.78171,0.78196,1.58,1.58
2012.07.29 22:10:36.897,0.78171,0.78196,2.33,1.58
2012.07.29 22:10:37.072,0.78175,0.78198,1.58,1.58
2012.07.29 22:10:37.134,0.78175,0.782,1.58,1.58
2012.07.29 22:10:57.130,0.78174,0.78199,1.50,1.58
2012.07.29 22:11:01.809,0.78172,0.78199,2.33,1.58
2012.07.29 22:11:02.039,0.78171,0.78194,3.08,1.58
2012.07.29 22:11:02.553,0.78169,0.78194,4.58,1.58
2012.07.29 22:11:06.826,0.78171,0.78194,1.50,1.58
2012.07.29 22:11:07.170,0.78172,0.78199,3.08,1.58
2012.07.29 22:11:15.916,0.78174,0.78199,1.50,1.58
2012.07.29 22:11:16.090,0.78179,0.78203,1.58,1.58
2012.07.29 22:11:16.264,0.78177,0.78198,3.15,1.58
2012.07.29 22:11:17.799,0.78181,0.78201,1.58,1.58
2012.07.29 22:11:17.919,0.78181,0.78203,1.58,1.58
2012.07.29 22:11:23.166,0.78181,0.78201,1.58,1.58
2012.07.29 22:11:23.285,0.78176,0.782,1.58,1.58
2012.07.29 22:11:34.038,0.78173,0.78196,3.08,1.58
2012.07.29 22:11:37.717,0.78173,0.78196,2.33,1.58
2012.07.29 22:11:38.183,0.78169,0.78192,2.33,1.58
2012.07.29 22:11:39.028,0.7817,0.78192,2.33,1.58
2012.07.29 22:11:39.092,0.78172,0.78196,1.58,1.58
2012.07.29 22:11:47.953,0.78172,0.78196,3.08,1.58
2012.07.29 22:11:50.309,0.78181,0.78198,1.58,1.58
2012.07.29 22:11:50.430,0.78181,0.78203,1.58,1.58
2012.07.29 22:12:10.368,0.78179,0.78203,1.58,1.58
2012.07.29 22:12:49.249,0.78179,0.78199,1.58,1.58
2012.07.29 22:12:49.310,0.78174,0.78198,3.83,1.58
2012.07.29 22:13:08.253,0.78173,0.78191,1.58,1.58
2012.07.29 22:13:08.385,0.7817,0.78191,1.58,1.58
2012.07.29 22:13:11.388,0.78172,0.78196,1.58,1.58
2012.07.29 22:13:16.419,0.78169,0.78191,2.33,1.58
2012.07.29 22:13:21.233,0.78169,0.78191,2.33,1.58
2012.07.29 22:13:23.331,0.78169,0.78191,2.33,1.58
2012.07.29 22:13:23.619,0.78181,0.78204,1.58,1.58
2012.07.29 22:13:23.793,0.7818,0.782,1.58,1.58
2012.07.29 22:13:24.399,0.78178,0.782,2.33,1.58
2012.07.29 22:13:25.854,0.78178,0.782,2.33,1.58
2012.07.29 22:13:25.974,0.78178,0.782,2.33,1.58
2012.07.29 22:13:27.559,0.78177,0.78199,1.87,1.58
2012.07.29 22:13:27.681,0.78181,0.78203,3.90,1.58
2012.07.29 22:13:28.430,0.78185,0.78203,1.58,1.58
2012.07.29 22:13:28.493,0.78186,0.7821,1.58,1.58
2012.07.29 22:13:48.472,0.78186,0.78208,1.58,1.58
2012.07.29 22:13:49.044,0.78186,0.78208,2.33,1.58
2012.07.29 22:14:08.736,0.78188,0.7821,1.58,1.58
2012.07.29 22:14:14.129,0.78188,0.78208,1.58,1.58
2012.07.29 22:14:14.470,0.78185,0.78199,1.58,1.58
2012.07.29 22:14:14.589,0.78179,0.78197,1.50,1.58
2012.07.29 22:14:14.848,0.78179,0.78203,1.58,1.58
2012.07.29 22:14:33.144,0.78179,0.78203,2.33,1.58
2012.07.29 22:14:33.464,0.78186,0.78207,1.58,1.58
2012.07.29 22:14:54.589,0.78181,0.78204,1.58,1.58
2012.07.29 22:14:56.775,0.78185,0.78208,1.58,1.58
2012.07.29 22:15:00.389,0.78185,0.78208,2.33,1.58
2012.07.29 22:15:15.434,0.78182,0.78203,3.08,1.58
2012.07.29 22:15:16.016,0.78182,0.78203,2.33,1.58
2012.07.29 22:15:29.686,0.78182,0.78203,2.33,1.58
2012.07.29 22:15:32.057,0.78182,0.78203,2.33,1.58
2012.07.29 22:15:33.829,0.78182,0.78203,2.33,1.58
2012.07.29 22:15:38.120,0.78182,0.78203,2.33,1.58
2012.07.29 22:15:38.632,0.78182,0.78203,2.33,1.58
2012.07.29 22:15:50.882,0.78184,0.78208,2.33,1.58
2012.07.29 22:16:04.319,0.78184,0.78208,2.33,1.58
2012.07.29 22:16:04.752,0.78184,0.78208,2.33,1.58
2012.07.29 22:16:04.924,0.78184,0.78208,2.33,1.58
2012.07.29 22:16:10.817,0.78184,0.78205,2.33,1.58
2012.07.29 22:16:11.094,0.78184,0.78205,1.58,1.58
2012.07.29 22:16:11.719,0.7818,0.78201,2.33,1.58
2012.07.29 22:16:12.412,0.7818,0.78201,1.58,1.58
2012.07.29 22:16:19.204,0.78178,0.78194,2.33,1.58
2012.07.29 22:16:19.553,0.78172,0.78194,2.33,1.58
2012.07.29 22:16:19.672,0.78172,0.78194,2.33,1.58
2012.07.29 22:16:21.060,0.78172,0.78194,2.33,1.58
2012.07.29 22:16:21.264,0.78172,0.78194,2.33,1.58
2012.07.29 22:16:28.234,0.78172,0.78194,2.33,1.58
2012.07.29 22:16:29.098,0.78172,0.78194,2.33,1.58
2012.07.29 22:16:29.362,0.78172,0.78194,2.33,1.58
2012.07.29 22:16:33.030,0.78177,0.78197,1.58,1.58
2012.07.29 22:16:33.093,0.78177,0.78199,1.58,1.58
2012.07.29 22:16:33.213,0.78177,0.78199,2.33,1.58
2012.07.29 22:16:35.135,0.78177,0.78199,1.58,1.58
2012.07.29 22:16:35.405,0.78177,0.78199,2.33,1.58
2012.07.29 22:16:35.841,0.78177,0.78199,1.58,1.58
2012.07.29 22:16:36.571,0.78177,0.78199,2.33,1.58
2012.07.29 22:16:37.205,0.78177,0.78199,1.58,1.58
2012.07.29 22:16:42.447,0.78177,0.78199,2.33,1.58
2012.07.29 22:16:43.017,0.78177,0.78199,2.33,1.58
2012.07.29 22:16:45.033,0.78174,0.78196,1.50,1.58
2012.07.29 22:16:45.480,0.78168,0.78192,3.08,1.58
2012.07.29 22:16:46.426,0.78168,0.78192,3.08,1.58
2012.07.29 22:16:46.508,0.78168,0.78192,3.08,1.58
2012.07.29 22:16:46.571,0.78176,0.78197,2.33,1.58
2012.07.29 22:16:49.206,0.78176,0.78196,1.58,1.58
2012.07.29 22:16:49.269,0.78171,0.78194,2.33,1.58
2012.07.29 22:16:49.919,0.78171,0.78194,2.33,1.58
2012.07.29 22:16:50.180,0.78178,0.78199,1.58,2.33
2012.07.29 22:16:50.686,0.78176,0.78194,1.58,1.58
2012.07.29 22:16:50.749,0.78173,0.78194,1.58,1.58
2012.07.29 22:16:57.769,0.78173,0.78194,2.33,1.58
2012.07.29 22:16:58.002,0.78178,0.78199,1.58,1.58
2012.07.29 22:16:58.289,0.7818,0.78201,1.58,2.33
2012.07.29 22:17:07.507,0.78178,0.78199,1.58,1.58
2012.07.29 22:17:08.051,0.78177,0.78199,1.58,2.33
2012.07.29 22:17:09.217,0.78177,0.78199,1.58,2.33
2012.07.29 22:17:10.720,0.78177,0.78199,1.58,1.58
2012.07.29 22:17:11.270,0.78177,0.78199,2.33,1.58
2012.07.29 22:17:12.816,0.78177,0.78199,1.58,2.33
2012.07.29 22:17:30.191,0.78177,0.78199,1.58,2.33
2012.07.29 22:17:30.661,0.78177,0.78199,1.58,2.33
2012.07.29 22:17:30.779,0.78175,0.78195,1.58,1.58
2012.07.29 22:17:31.123,0.78177,0.78197,1.58,1.58
2012.07.29 22:17:31.221,0.78177,0.78199,1.58,1.58
2012.07.29 22:17:31.340,0.78177,0.78199,1.58,2.33
2012.07.29 22:17:33.092,0.78179,0.78199,1.58,2.33
2012.07.29 22:17:33.624,0.78182,0.78201,1.58,1.50
2012.07.29 22:17:33.976,0.78179,0.782,1.58,2.33
2012.07.29 22:17:34.038,0.78179,0.782,1.58,1.58
2012.07.29 22:17:34.211,0.78174,0.78195,2.33,1.58
2012.07.29 22:17:34.590,0.78173,0.78195,1.58,2.33
2012.07.29 22:17:34.927,0.78173,0.78195,1.58,2.33
2012.07.29 22:17:40.771,0.78173,0.78195,1.58,2.33
2012.07.29 22:17:42.504,0.78173,0.78195,1.58,2.33
2012.07.29 22:17:44.677,0.78173,0.78195,1.58,2.33
2012.07.29 22:17:45.043,0.7817,0.78192,1.58,1.58
2012.07.29 22:17:45.105,0.78168,0.78192,1.58,1.58
2012.07.29 22:17:48.366,0.78173,0.78197,1.58,2.33
2012.07.29 22:17:50.262,0.78173,0.78197,1.58,2.33
2012.07.29 22:17:50.928,0.78173,0.78197,1.58,2.33
2012.07.29 22:18:16.123,0.78174,0.78195,1.58,2.33
2012.07.29 22:18:17.403,0.78176,0.78197,1.58,1.50
2012.07.29 22:18:35.779,0.78175,0.78197,1.58,1.50
2012.07.29 22:18:40.120,0.78171,0.78195,1.58,2.33
2012.07.29 22:18:43.795,0.78171,0.78195,1.58,2.33
2012.07.29 22:18:45.320,0.78171,0.78195,1.58,2.33
2012.07.29 22:18:45.503,0.78171,0.78195,1.58,2.33
2012.07.29 22:18:50.681,0.78171,0.78195,1.58,1.58
2012.07.29 22:18:50.893,0.78171,0.78195,1.58,2.33
2012.07.29 22:18:54.249,0.78171,0.78195,1.58,2.33
2012.07.29 22:18:54.479,0.78167,0.78189,1.58,2.33
2012.07.29 22:18:54.708,0.78167,0.78189,1.58,2.33
2012.07.29 22:19:13.140,0.78167,0.78189,1.58,1.58
2012.07.29 22:19:13.824,0.78167,0.78189,1.58,2.33
2012.07.29 22:19:14.355,0.78169,0.78191,1.58,2.33
2012.07.29 22:19:19.749,0.78169,0.78191,1.58,2.33
2012.07.29 22:19:19.865,0.78164,0.78188,2.33,2.33
2012.07.29 22:19:19.982,0.78164,0.78188,1.58,2.33
2012.07.29 22:19:29.568,0.78167,0.78183,1.58,2.33
2012.07.29 22:19:39.803,0.78167,0.78183,1.58,2.33
2012.07.29 22:19:40.813,0.78167,0.78183,1.58,2.33
2012.07.29 22:19:47.948,0.78167,0.78183,1.58,1.58
2012.07.29 22:19:49.692,0.78169,0.78185,1.58,3.15
2012.07.29 22:19:53.192,0.78169,0.78185,1.58,2.33
2012.07.29 22:20:09.942,0.78169,0.78185,1.58,2.33
2012.07.29 22:20:10.454,0.78169,0.78185,1.58,2.33
2012.07.29 22:20:10.515,0.78169,0.78185,1.58,1.58
2012.07.29 22:20:11.043,0.78169,0.78185,1.58,2.33
2012.07.29 22:20:17.203,0.78169,0.78185,1.58,2.33
2012.07.29 22:20:17.555,0.78169,0.78185,1.58,2.33
2012.07.29 22:20:17.783,0.78169,0.78185,1.58,1.58
2012.07.29 22:20:18.739,0.78169,0.78185,1.58,2.33
2012.07.29 22:20:23.003,0.78169,0.78185,1.58,2.33
2012.07.29 22:20:25.762,0.78169,0.78185,1.58,2.33
2012.07.29 22:20:25.943,0.78169,0.78185,1.58,2.33
2012.07.29 22:20:30.142,0.78169,0.78187,1.58,2.33
2012.07.29 22:20:32.669,0.78169,0.78187,1.58,2.33
2012.07.29 22:20:33.611,0.78169,0.78187,1.58,2.33
2012.07.29 22:20:33.673,0.78164,0.78182,1.58,1.58
2012.07.29 22:20:34.188,0.78166,0.78182,1.58,2.33
2012.07.29 22:20:34.415,0.78168,0.78186,1.58,2.33
2012.07.29 22:20:34.613,0.78168,0.78186,1.58,2.33
2012.07.29 22:20:35.255,0.78168,0.78186,1.58,2.33
2012.07.29 22:20:35.422,0.78168,0.78186,1.58,2.33
2012.07.29 22:20:37.085,0.78168,0.78186,1.58,2.33
2012.07.29 22:20:37.313,0.78168,0.78186,1.58,2.33
2012.07.29 22:20:40.944,0.78168,0.78186,1.58,2.33
2012.07.29 22:20:41.005,0.78166,0.78181,1.58,1.58
2012.07.29 22:20:41.290,0.7816,0.78177,2.33,1.58
2012.07.29 22:20:42.693,0.7816,0.78177,1.58,1.58
2012.07.29 22:20:43.549,0.78163,0.78181,1.58,1.50
2012.07.29 22:20:45.894,0.78163,0.78181,1.58,1.50
2012.07.29 22:20:46.098,0.78162,0.78176,1.58,1.58
2012.07.29 22:20:46.406,0.7816,0.78173,1.58,1.50
2012.07.29 22:20:46.469,0.7816,0.78174,1.58,1.50
2012.07.29 22:20:46.589,0.7816,0.78174,1.58,1.50
2012.07.29 22:20:46.707,0.7816,0.78171,1.58,1.50
2012.07.29 22:20:46.826,0.78157,0.78172,1.58,3.08
2012.07.29 22:20:46.945,0.78149,0.78167,1.58,1.58
2012.07.29 22:20:47.262,0.78151,0.78167,1.58,1.58
2012.07.29 22:20:47.437,0.78152,0.7817,1.58,1.50
2012.07.29 22:20:54.941,0.78152,0.7817,1.58,1.50
2012.07.29 22:20:55.285,0.78152,0.7817,1.58,1.50
2012.07.29 22:20:55.961,0.78152,0.7817,1.58,1.50
2012.07.29 22:20:59.693,0.78152,0.78171,1.58,2.33
2012.07.29 22:20:59.988,0.7815,0.78166,1.58,2.33
2012.07.29 22:21:01.101,0.78154,0.78168,1.58,2.33
2012.07.29 22:21:04.505,0.78154,0.7817,1.58,2.33
2012.07.29 22:21:04.996,0.78152,0.78167,1.58,1.58
2012.07.29 22:21:05.059,0.78149,0.78167,1.58,1.58
2012.07.29 22:21:13.874,0.78151,0.78167,1.58,1.58
2012.07.29 22:21:14.216,0.78154,0.7817,1.58,2.33
2012.07.29 22:21:24.009,0.78157,0.78175,1.58,1.58
2012.07.29 22:21:29.596,0.78154,0.7817,1.58,1.58
2012.07.29 22:21:29.952,0.78154,0.78159,1.58,1.58
2012.07.29 22:21:30.071,0.78154,0.78164,1.58,2.33
2012.07.29 22:21:30.134,0.78144,0.78157,2.33,1.58
2012.07.29 22:21:30.254,0.78145,0.78163,2.33,3.08
2012.07.29 22:21:30.374,0.78145,0.78161,1.58,2.33
2012.07.29 22:21:33.228,0.78143,0.78157,1.58,1.58
2012.07.29 22:21:33.290,0.78141,0.78157,1.58,1.58
2012.07.29 22:21:46.385,0.78141,0.78157,1.58,2.33
2012.07.29 22:21:46.787,0.78136,0.78153,1.58,1.58
2012.07.29 22:21:47.432,0.7814,0.78157,1.58,1.50
2012.07.29 22:21:48.165,0.7814,0.78157,1.58,1.50
2012.07.29 22:21:49.320,0.78137,0.78153,1.58,1.58
2012.07.29 22:21:49.982,0.78137,0.78153,1.58,2.33
2012.07.29 22:21:50.547,0.78137,0.78153,1.58,2.33
2012.07.29 22:21:50.812,0.78131,0.78149,1.58,1.58
2012.07.29 22:21:51.183,0.78131,0.78149,2.33,1.58
2012.07.29 22:21:51.565,0.78131,0.78149,2.33,1.58
2012.07.29 22:21:52.561,0.78135,0.78153,1.58,2.33
2012.07.29 22:21:53.168,0.78134,0.7815,1.58,1.58
2012.07.29 22:21:53.477,0.78131,0.7815,2.33,1.58
2012.07.29 22:21:53.669,0.78129,0.78145,2.33,1.58
2012.07.29 22:21:54.016,0.78123,0.78141,2.33,1.58
2012.07.29 22:21:54.256,0.78123,0.78141,2.33,1.58
2012.07.29 22:21:54.501,0.78122,0.78137,1.58,1.58
2012.07.29 22:21:54.564,0.78118,0.78137,1.58,1.58
2012.07.29 22:21:54.873,0.78118,0.78137,2.33,1.58
2012.07.29 22:21:55.109,0.78122,0.7814,2.33,1.58
2012.07.29 22:21:55.172,0.78126,0.78142,2.33,1.58
2012.07.29 22:21:55.235,0.78126,0.78144,2.33,1.58
2012.07.29 22:21:56.622,0.78126,0.78144,2.33,1.58
2012.07.29 22:21:57.054,0.78131,0.7815,1.58,2.33
2012.07.29 22:21:57.116,0.78131,0.7815,1.58,2.33
2012.07.29 22:21:57.948,0.78131,0.7815,1.58,2.33
2012.07.29 22:21:58.069,0.78128,0.78146,1.58,2.33
2012.07.29 22:22:02.257,0.78131,0.78148,1.58,1.58
2012.07.29 22:22:02.497,0.78131,0.7815,1.58,1.58
2012.07.29 22:22:03.738,0.78131,0.78147,1.58,1.58
2012.07.29 22:22:03.801,0.78127,0.78145,1.58,1.58
2012.07.29 22:22:06.871,0.78127,0.78143,2.33,1.58
2012.07.29 22:22:06.991,0.78123,0.78141,1.58,1.58
2012.07.29 22:22:07.873,0.78123,0.78141,2.33,1.58
2012.07.29 22:22:10.612,0.78123,0.78141,2.33,1.58
2012.07.29 22:22:11.042,0.78123,0.78141,1.58,2.33
2012.07.29 22:22:13.403,0.7812,0.78136,1.58,1.58
2012.07.29 22:22:20.670,0.7812,0.78136,1.58,2.33
2012.07.29 22:22:21.226,0.7812,0.78136,1.58,1.58
2012.07.29 22:22:29.059,0.78124,0.78142,1.58,1.58
2012.07.29 22:22:49.038,0.78123,0.7814,1.58,1.58
2012.07.29 22:22:49.843,0.78122,0.7814,2.33,1.58
2012.07.29 22:22:50.505,0.78127,0.78141,1.58,1.58
2012.07.29 22:22:50.566,0.78127,0.78145,1.58,2.33
2012.07.29 22:22:50.648,0.78131,0.78145,1.58,2.33
2012.07.29 22:22:51.041,0.78133,0.78151,1.58,2.33
2012.07.29 22:22:53.418,0.78133,0.78151,1.58,2.33
2012.07.29 22:22:56.508,0.78133,0.78151,1.58,2.33
2012.07.29 22:22:56.729,0.78133,0.78151,1.58,2.33
2012.07.29 22:23:03.751,0.78133,0.78151,1.58,2.33
2012.07.29 22:23:08.066,0.78133,0.78151,1.58,2.33
2012.07.29 22:23:08.926,0.78133,0.78151,1.58,2.33
2012.07.29 22:23:10.702,0.78133,0.78151,1.58,2.33
2012.07.29 22:23:11.131,0.78131,0.78148,1.58,2.33
2012.07.29 22:23:11.682,0.7813,0.78148,1.58,2.33
2012.07.29 22:23:18.955,0.7813,0.78148,1.58,2.33
2012.07.29 22:23:19.716,0.7813,0.78148,1.58,2.33
2012.07.29 22:23:34.693,0.7813,0.78148,1.58,2.33
2012.07.29 22:23:35.049,0.7813,0.78148,1.58,2.33
2012.07.29 22:23:46.857,0.7813,0.78148,1.58,2.33
2012.07.29 22:23:46.918,0.7813,0.78148,1.58,2.33
2012.07.29 22:23:50.889,0.7813,0.78148,1.58,2.33
2012.07.29 22:23:51.350,0.7813,0.78148,1.58,2.33
2012.07.29 22:23:52.448,0.7813,0.78148,1.58,2.33
2012.07.29 22:23:52.631,0.7813,0.78148,1.58,2.33
2012.07.29 22:23:59.471,0.7813,0.78148,1.58,2.33
2012.07.29 22:23:59.728,0.7813,0.78148,1.58,2.33
2012.07.29 22:23:59.843,0.7813,0.78148,1.58,2.33
2012.07.29 22:24:00.485,0.78132,0.78148,1.58,2.33
2012.07.29 22:24:00.609,0.78135,0.78151,1.58,2.33
2012.07.29 22:24:00.672,0.78132,0.78148,1.58,2.33
2012.07.29 22:24:00.902,0.78131,0.78148,1.58,2.33
2012.07.29 22:24:07.599,0.78131,0.78148,1.58,2.33
2012.07.29 22:24:08.533,0.78131,0.78148,1.58,2.33
2012.07.29 22:24:08.701,0.78131,0.78148,1.58,2.33
2012.07.29 22:24:08.921,0.78131,0.78148,1.58,2.33
2012.07.29 22:24:09.271,0.78131,0.78148,1.58,2.33
2012.07.29 22:24:09.478,0.78131,0.78148,1.58,2.33
2012.07.29 22:24:12.682,0.78131,0.78148,1.58,2.33
2012.07.29 22:24:17.050,0.78131,0.78148,1.58,2.33
2012.07.29 22:24:20.690,0.78129,0.78147,3.15,2.33
2012.07.29 22:24:23.125,0.78129,0.78147,1.58,2.33
2012.07.29 22:24:23.784,0.78129,0.78147,1.58,2.33
2012.07.29 22:24:24.530,0.78129,0.78147,1.58,2.33
2012.07.29 22:24:25.641,0.78129,0.78147,1.58,2.33
2012.07.29 22:24:26.078,0.78129,0.78147,1.58,2.33
2012.07.29 22:24:26.194,0.78129,0.78147,1.58,2.33
2012.07.29 22:24:27.390,0.78129,0.78147,1.58,2.33
2012.07.29 22:24:27.728,0.78129,0.78147,1.58,2.33
2012.07.29 22:24:28.058,0.78129,0.78147,1.58,2.33
2012.07.29 22:24:31.799,0.78129,0.78147,1.58,2.33
2012.07.29 22:24:32.128,0.78129,0.78147,1.58,2.33
2012.07.29 22:24:33.171,0.78129,0.78147,1.58,2.33
2012.07.29 22:24:35.869,0.78129,0.78147,1.58,2.33
2012.07.29 22:24:37.068,0.78129,0.78147,1.58,2.33
2012.07.29 22:24:37.419,0.78129,0.78147,1.58,2.33
2012.07.29 22:24:40.759,0.78132,0.78148,1.58,2.33
2012.07.29 22:25:00.834,0.78133,0.7815,1.58,1.50
2012.07.29 22:25:20.811,0.78132,0.78149,1.58,2.33
2012.07.29 22:25:22.461,0.78131,0.78149,1.58,2.33
2012.07.29 22:25:25.321,0.78137,0.78151,1.58,1.50
2012.07.29 22:25:25.384,0.78137,0.78153,1.58,2.33
2012.07.29 22:25:26.120,0.78131,0.78149,1.58,2.33
2012.07.29 22:25:26.811,0.78131,0.78149,1.58,2.33
2012.07.29 22:25:31.027,0.78135,0.78151,1.58,2.33
2012.07.29 22:25:31.910,0.78135,0.78153,1.58,2.33
2012.07.29 22:25:32.083,0.78132,0.78148,1.58,2.33
2012.07.29 22:25:32.638,0.78132,0.78148,1.58,2.33
2012.07.29 22:25:32.758,0.78132,0.78148,1.58,2.33
2012.07.29 22:25:34.652,0.78132,0.78148,1.58,2.33
2012.07.29 22:25:35.177,0.78132,0.78148,1.58,2.33
2012.07.29 22:25:38.377,0.78135,0.78152,1.58,2.33
2012.07.29 22:25:38.827,0.78135,0.78152,1.58,2.33
2012.07.29 22:25:39.173,0.78132,0.78149,1.58,1.58
2012.07.29 22:25:39.934,0.78131,0.78149,1.58,1.58
2012.07.29 22:25:40.110,0.78133,0.78149,1.58,1.58
2012.07.29 22:25:40.229,0.78135,0.78153,1.58,2.33
2012.07.29 22:25:41.697,0.78135,0.78153,1.58,2.33
2012.07.29 22:25:41.821,0.78135,0.78153,1.58,2.33
2012.07.29 22:25:42.235,0.78135,0.78153,1.58,2.33
2012.07.29 22:25:42.465,0.78135,0.78153,1.58,2.33
2012.07.29 22:25:43.340,0.78135,0.78153,1.58,2.33
2012.07.29 22:25:43.600,0.78135,0.78153,1.58,2.33
2012.07.29 22:25:43.832,0.78135,0.78152,1.58,1.50
2012.07.29 22:25:44.042,0.78135,0.78152,1.58,1.50
2012.07.29 22:25:44.105,0.78132,0.78148,1.58,2.33
2012.07.29 22:25:45.091,0.78132,0.78148,1.58,2.33
2012.07.29 22:25:46.091,0.78132,0.78148,1.58,2.33
2012.07.29 22:25:46.211,0.78135,0.78148,1.58,1.58
2012.07.29 22:25:46.614,0.78137,0.78153,1.58,2.33
2012.07.29 22:25:47.272,0.78137,0.78153,1.58,2.33
2012.07.29 22:25:48.513,0.78137,0.78153,1.58,2.33
2012.07.29 22:25:48.689,0.78135,0.7815,1.58,2.33
2012.07.29 22:25:48.752,0.78132,0.7815,1.58,2.33
2012.07.29 22:25:49.269,0.78132,0.7815,1.58,2.33
2012.07.29 22:25:49.561,0.78132,0.7815,1.58,2.33
2012.07.29 22:25:49.680,0.78128,0.78146,1.58,2.33
2012.07.29 22:25:50.205,0.78128,0.78146,1.58,2.33
2012.07.29 22:25:50.600,0.78128,0.78146,1.58,2.33
2012.07.29 22:25:51.161,0.78128,0.78146,1.58,2.33
2012.07.29 22:25:56.483,0.78126,0.78142,1.58,2.33
2012.07.29 22:25:56.546,0.78123,0.78142,1.58,2.33
2012.07.29 22:25:57.685,0.78128,0.78144,1.58,3.90
2012.07.29 22:25:59.291,0.78128,0.78144,1.58,2.33
2012.07.29 22:25:59.620,0.78128,0.78144,1.58,2.33
2012.07.29 22:26:00.180,0.78128,0.78144,1.58,2.33
2012.07.29 22:26:00.552,0.78128,0.78144,1.58,2.33
2012.07.29 22:26:01.772,0.78128,0.78144,1.58,2.33
2012.07.29 22:26:01.837,0.78128,0.78144,1.58,2.33
2012.07.29 22:26:02.067,0.78128,0.78143,1.58,1.50
2012.07.29 22:26:02.404,0.78123,0.78141,1.58,2.33
2012.07.29 22:26:03.013,0.78123,0.78141,1.58,2.33
2012.07.29 22:26:03.251,0.78123,0.78141,1.58,2.33
2012.07.29 22:26:03.387,0.78123,0.78141,1.58,2.33
2012.07.29 22:26:03.907,0.78123,0.78141,1.58,2.33
2012.07.29 22:26:04.134,0.78123,0.78141,1.58,2.33
2012.07.29 22:26:04.523,0.78123,0.78141,1.58,2.33
2012.07.29 22:26:05.124,0.78123,0.78141,1.58,2.33
2012.07.29 22:26:08.722,0.78121,0.78136,1.58,1.58
2012.07.29 22:26:10.056,0.7812,0.78136,1.58,1.58
2012.07.29 22:26:28.782,0.78123,0.78139,1.58,3.90
2012.07.29 22:26:30.343,0.78123,0.78139,1.58,2.33
2012.07.29 22:26:34.188,0.78123,0.78139,1.58,1.58
2012.07.29 22:26:34.532,0.78127,0.78143,1.58,3.08
2012.07.29 22:26:37.614,0.78127,0.78143,1.58,2.33
2012.07.29 22:26:38.122,0.78127,0.78143,1.58,1.58
2012.07.29 22:26:39.348,0.78127,0.78143,1.58,2.33
2012.07.29 22:26:49.892,0.78127,0.78143,1.58,2.33
2012.07.29 22:26:54.207,0.78124,0.78142,2.33,1.58
2012.07.29 22:26:55.599,0.78124,0.78142,1.58,2.33
2012.07.29 22:26:59.785,0.78124,0.78142,2.33,1.58
2012.07.29 22:27:00.080,0.78126,0.78143,1.58,1.58
2012.07.29 22:27:00.623,0.78126,0.78146,1.58,2.33
2012.07.29 22:27:02.433,0.78126,0.78146,1.58,2.33
2012.07.29 22:27:04.395,0.78126,0.78146,1.58,2.33
2012.07.29 22:27:04.743,0.78126,0.78146,1.58,2.33
2012.07.29 22:27:05.728,0.78126,0.78146,1.58,2.33
2012.07.29 22:27:06.089,0.78126,0.78146,1.58,2.33
2012.07.29 22:27:08.524,0.78126,0.78146,1.58,2.33
2012.07.29 22:27:08.643,0.78122,0.7814,2.33,1.58
2012.07.29 22:27:08.705,0.7812,0.78137,2.33,1.58
2012.07.29 22:27:08.768,0.78117,0.78137,2.33,1.58
2012.07.29 22:27:25.363,0.78117,0.78137,2.33,1.58
2012.07.29 22:27:26.237,0.78117,0.78137,2.33,1.58
2012.07.29 22:27:26.766,0.78117,0.78137,2.33,1.58
2012.07.29 22:27:26.886,0.78123,0.78141,2.33,1.58
2012.07.29 22:27:27.805,0.78128,0.78146,1.58,2.33
2012.07.29 22:27:28.553,0.78128,0.78146,1.58,2.33
2012.07.29 22:27:35.235,0.78132,0.78148,1.58,2.33
2012.07.29 22:27:35.417,0.78132,0.78151,1.58,2.33
2012.07.29 22:27:41.304,0.78132,0.78151,1.58,2.33
2012.07.29 22:27:41.367,0.78137,0.78154,1.58,2.33
2012.07.29 22:27:42.364,0.78137,0.78155,1.58,3.08
2012.07.29 22:27:55.408,0.78137,0.78155,1.58,3.08
2012.07.29 22:27:56.254,0.78137,0.78155,1.58,3.08
2012.07.29 22:27:57.930,0.78137,0.78155,1.58,3.08
2012.07.29 22:28:00.754,0.78133,0.78151,1.58,2.33
2012.07.29 22:28:11.552,0.78133,0.78151,1.58,2.33
2012.07.29 22:28:11.784,0.78133,0.78151,1.58,2.33
2012.07.29 22:29:02.705,0.78132,0.7815,1.58,1.58
2012.07.29 22:29:03.689,0.7813,0.7815,2.33,1.58
2012.07.29 22:29:12.218,0.7813,0.7815,1.58,1.58
2012.07.29 22:29:13.402,0.7813,0.7815,2.33,2.33
2012.07.29 22:29:13.597,0.7813,0.7815,2.33,1.58
2012.07.29 22:29:16.017,0.7813,0.7815,2.33,1.58
2012.07.29 22:29:16.253,0.78135,0.78153,2.33,1.58
2012.07.29 22:29:20.972,0.78135,0.78153,1.58,2.33
2012.07.29 22:29:22.915,0.78135,0.78153,2.33,1.58
2012.07.29 22:29:24.028,0.78135,0.78153,1.58,2.33
2012.07.29 22:29:24.611,0.78135,0.78153,2.33,1.58
2012.07.29 22:29:36.338,0.78133,0.78151,2.33,1.58
2012.07.29 22:29:49.362,0.78133,0.78151,2.33,1.58
2012.07.29 22:29:51.904,0.78133,0.78151,2.33,1.58
2012.07.29 22:29:56.230,0.78137,0.78153,1.58,2.33
2012.07.29 22:30:08.761,0.78139,0.78153,1.58,1.58
2012.07.29 22:30:09.320,0.78141,0.78156,1.58,1.50
2012.07.29 22:30:09.548,0.78137,0.78155,1.58,3.08
2012.07.29 22:30:09.610,0.78137,0.78155,1.58,3.08
2012.07.29 22:30:11.622,0.78137,0.78154,1.58,1.50
2012.07.29 22:30:13.336,0.78137,0.78154,1.58,1.50
2012.07.29 22:30:22.536,0.78132,0.78149,1.58,1.50
2012.07.29 22:30:22.710,0.78135,0.78149,1.58,1.50
2012.07.29 22:30:23.051,0.78138,0.78151,1.58,1.50
2012.07.29 22:30:25.437,0.78138,0.78149,1.58,1.50
2012.07.29 22:30:25.613,0.78132,0.78148,1.58,1.50
2012.07.29 22:30:26.177,0.78137,0.78149,1.58,1.50
2012.07.29 22:30:26.760,0.78137,0.78152,1.58,1.50
2012.07.29 22:30:27.308,0.78137,0.78152,1.58,1.50
2012.07.29 22:30:27.888,0.7813,0.78149,1.58,3.08
2012.07.29 22:30:28.127,0.7813,0.78149,1.58,3.08
2012.07.29 22:30:30.755,0.7813,0.78149,1.58,3.08
2012.07.29 22:30:32.837,0.7813,0.78149,2.33,2.33
2012.07.29 22:30:33.028,0.7813,0.78149,1.58,3.08
2012.07.29 22:30:35.385,0.7813,0.78149,2.33,2.33
2012.07.29 22:30:36.455,0.7813,0.78149,1.58,3.08
2012.07.29 22:30:38.172,0.7813,0.78148,1.58,1.50
2012.07.29 22:30:43.436,0.78129,0.78136,1.58,1.58
2012.07.29 22:30:43.668,0.78118,0.78136,2.33,2.33
2012.07.29 22:30:43.789,0.78123,0.78138,1.58,2.33
2012.07.29 22:30:43.852,0.78123,0.78139,1.58,2.33
2012.07.29 22:30:56.992,0.7812,0.78136,2.33,1.58
2012.07.29 22:30:57.056,0.78118,0.78136,1.58,2.33
2012.07.29 22:30:57.118,0.78124,0.78137,1.58,3.08
2012.07.29 22:30:57.444,0.78124,0.78137,1.58,1.50
2012.07.29 22:30:57.778,0.78124,0.78139,1.58,1.50
2012.07.29 22:31:12.449,0.78124,0.78142,1.58,1.50
2012.07.29 22:31:19.914,0.78124,0.78143,1.58,2.25
2012.07.29 22:31:20.397,0.78124,0.78145,1.58,3.08
2012.07.29 22:31:20.700,0.7813,0.78145,1.58,1.50
2012.07.29 22:31:20.763,0.78125,0.78143,1.58,1.50
2012.07.29 22:31:23.454,0.78122,0.78142,1.58,2.33
2012.07.29 22:31:23.574,0.78124,0.78142,1.58,2.33
2012.07.29 22:31:24.306,0.78127,0.78143,1.58,1.50
2012.07.29 22:31:25.190,0.78127,0.78143,1.58,1.50
2012.07.29 22:31:25.734,0.78127,0.78143,1.58,1.50
2012.07.29 22:31:25.968,0.78122,0.78142,1.58,2.25
2012.07.29 22:31:26.662,0.78122,0.78142,2.33,2.25
2012.07.29 22:31:26.725,0.78128,0.78142,1.58,2.25
2012.07.29 22:31:27.071,0.78128,0.78142,1.58,1.50
2012.07.29 22:31:27.134,0.78128,0.78142,1.58,1.50
2012.07.29 22:31:27.592,0.78128,0.78142,1.58,1.50
2012.07.29 22:31:27.932,0.78128,0.78142,1.58,1.50
2012.07.29 22:31:29.360,0.78128,0.78142,1.58,1.50
2012.07.29 22:31:29.589,0.78128,0.78142,1.58,1.50
2012.07.29 22:31:29.812,0.78126,0.78142,1.58,1.50
2012.07.29 22:31:29.875,0.78124,0.78142,1.58,1.50
2012.07.29 22:31:32.473,0.78124,0.78142,1.58,1.50
2012.07.29 22:31:36.753,0.78124,0.78143,2.69,2.33
2012.07.29 22:31:36.817,0.7813,0.78151,2.33,2.33
2012.07.29 22:31:37.164,0.78127,0.78145,1.58,1.50
2012.07.29 22:31:37.471,0.78123,0.78142,2.33,1.58
2012.07.29 22:31:37.761,0.78123,0.78142,1.58,2.33
2012.07.29 22:31:39.493,0.78124,0.78142,1.58,2.33
2012.07.29 22:31:39.556,0.78126,0.78143,1.58,1.50
2012.07.29 22:31:40.267,0.78126,0.78143,1.58,1.50
2012.07.29 22:31:40.349,0.78126,0.78143,1.58,1.50
2012.07.29 22:31:41.534,0.78126,0.78143,1.58,1.50
2012.07.29 22:31:42.045,0.78126,0.78141,1.58,1.50
2012.07.29 22:31:42.249,0.78126,0.78141,1.58,1.50
2012.07.29 22:31:42.580,0.78126,0.78141,1.58,1.50
2012.07.29 22:31:47.196,0.78126,0.78141,1.58,1.50
2012.07.29 22:31:48.714,0.78126,0.78141,1.58,1.50
2012.07.29 22:31:49.695,0.78126,0.78143,1.58,1.50
2012.07.29 22:31:49.927,0.78126,0.78144,1.58,2.25
2012.07.29 22:31:50.439,0.78126,0.78142,1.58,1.50
2012.07.29 22:31:53.870,0.78126,0.78142,1.58,1.50
2012.07.29 22:31:57.215,0.78126,0.78142,1.58,1.50
2012.07.29 22:31:59.598,0.78125,0.78142,1.58,1.50
2012.07.29 22:32:06.715,0.78125,0.7814,1.58,1.50
2012.07.29 22:32:07.100,0.78125,0.78139,1.58,1.50
2012.07.29 22:32:08.390,0.78125,0.78141,1.58,1.50
2012.07.29 22:32:09.261,0.78125,0.78139,1.58,1.50
2012.07.29 22:32:19.680,0.78123,0.78139,1.58,1.50
2012.07.29 22:32:20.977,0.78123,0.7814,1.58,1.50
2012.07.29 22:32:34.362,0.7812,0.78139,2.33,2.33
2012.07.29 22:32:34.518,0.7812,0.78139,1.58,3.08
2012.07.29 22:32:34.694,0.7812,0.78139,1.58,3.08
2012.07.29 22:32:35.095,0.78116,0.78135,1.58,2.33
2012.07.29 22:32:35.271,0.78116,0.78135,1.58,2.33
2012.07.29 22:32:39.632,0.78116,0.78132,1.58,1.50
2012.07.29 22:32:40.030,0.78111,0.7813,2.33,2.33
2012.07.29 22:32:40.091,0.78111,0.78128,1.58,1.50
2012.07.29 22:32:40.434,0.78111,0.78128,1.58,1.50
2012.07.29 22:32:41.657,0.78111,0.7813,2.33,2.33
2012.07.29 22:32:43.503,0.78113,0.78129,1.58,1.50
2012.07.29 22:32:44.325,0.78114,0.78129,1.58,1.50
2012.07.29 22:32:48.733,0.78114,0.78129,1.58,1.50
2012.07.29 22:32:49.649,0.78114,0.78132,1.58,1.50
2012.07.29 22:32:50.064,0.78109,0.78128,2.33,2.33
2012.07.29 22:32:50.961,0.78109,0.78128,1.58,3.08
2012.07.29 22:32:51.283,0.7811,0.78128,1.50,2.33
2012.07.29 22:32:54.127,0.78113,0.78129,1.58,1.50
2012.07.29 22:33:02.177,0.78113,0.78131,2.33,1.50
2012.07.29 22:33:02.297,0.78113,0.78131,2.33,1.50
2012.07.29 22:33:10.221,0.78113,0.78129,1.58,1.50
2012.07.29 22:33:10.342,0.78107,0.78126,1.58,3.08
2012.07.29 22:33:10.405,0.78109,0.78126,1.58,3.08
2012.07.29 22:33:10.720,0.78112,0.78128,1.58,1.50
2012.07.29 22:33:11.161,0.78112,0.78129,1.58,1.50
2012.07.29 22:33:11.675,0.78112,0.78131,1.58,3.08
2012.07.29 22:33:12.272,0.78112,0.78131,1.58,2.33
2012.07.29 22:33:14.720,0.78112,0.78131,2.33,1.58
2012.07.29 22:33:14.782,0.78112,0.78131,2.33,2.33
2012.07.29 22:33:15.062,0.78112,0.78131,2.33,1.58
2012.07.29 22:33:15.481,0.78112,0.78131,2.33,2.33
2012.07.29 22:33:24.037,0.78113,0.78131,2.33,1.58
2012.07.29 22:33:24.098,0.78115,0.78133,1.58,1.50
2012.07.29 22:33:25.264,0.78115,0.78133,1.58,1.50
2012.07.29 22:33:25.439,0.78113,0.78129,1.58,1.50
2012.07.29 22:33:25.502,0.78111,0.78129,1.58,1.50
2012.07.29 22:33:25.565,0.78111,0.78132,2.33,1.58
2012.07.29 22:33:30.908,0.78111,0.78132,2.33,2.33
2012.07.29 22:33:31.153,0.78111,0.78129,1.58,1.50
2012.07.29 22:33:34.407,0.78111,0.78131,2.33,1.50
2012.07.29 22:33:36.607,0.78111,0.78129,1.58,1.50
2012.07.29 22:33:37.523,0.78111,0.78132,2.33,3.08
2012.07.29 22:33:38.482,0.78111,0.78129,1.58,1.50
2012.07.29 22:33:39.542,0.78111,0.78131,2.33,1.50
2012.07.29 22:33:39.660,0.78115,0.78131,1.58,1.50
2012.07.29 22:33:39.836,0.78116,0.78132,1.58,1.50
2012.07.29 22:33:41.120,0.78117,0.78132,1.58,1.50
2012.07.29 22:33:45.504,0.78114,0.78132,1.58,1.50
2012.07.29 22:33:45.566,0.78112,0.78132,1.58,1.50
2012.07.29 22:33:50.564,0.78115,0.78132,1.58,1.50
2012.07.29 22:33:51.161,0.78117,0.78132,1.58,1.50
2012.07.29 22:33:53.343,0.78113,0.78132,1.58,1.50
2012.07.29 22:34:03.446,0.78113,0.78132,1.58,1.50
2012.07.29 22:34:13.349,0.78115,0.78131,1.58,1.50
2012.07.29 22:34:28.983,0.78115,0.7813,1.58,1.50
2012.07.29 22:34:33.399,0.78114,0.78129,1.58,1.50
2012.07.29 22:34:36.303,0.78114,0.7813,1.58,1.50
2012.07.29 22:34:36.863,0.78114,0.7813,1.58,1.50
2012.07.29 22:34:39.547,0.78114,0.78131,1.58,1.50
2012.07.29 22:35:00.553,0.78114,0.78132,2.33,1.50
2012.07.29 22:35:09.121,0.78109,0.78129,1.50,1.58
2012.07.29 22:35:18.926,0.78108,0.78129,2.33,3.08
2012.07.29 22:35:18.988,0.78108,0.78128,2.33,1.50
2012.07.29 22:35:19.301,0.78102,0.78121,3.08,1.58
2012.07.29 22:35:19.835,0.78102,0.78121,3.08,1.58
2012.07.29 22:35:20.496,0.78102,0.78121,2.33,2.33
2012.07.29 22:35:22.007,0.78102,0.78121,1.58,3.08
2012.07.29 22:35:22.070,0.78102,0.78121,1.58,3.08
2012.07.29 22:35:22.573,0.78103,0.7812,2.33,2.33
2012.07.29 22:35:24.307,0.78103,0.78122,2.33,2.33
2012.07.29 22:35:25.116,0.78103,0.78122,2.33,2.33
2012.07.29 22:35:28.166,0.78103,0.78122,1.58,3.08
2012.07.29 22:35:28.483,0.78103,0.78118,1.58,1.50
2012.07.29 22:35:28.546,0.78098,0.78118,2.33,1.50
2012.07.29 22:35:28.751,0.78101,0.78119,1.58,2.33
2012.07.29 22:35:29.165,0.78103,0.7812,1.58,1.50
2012.07.29 22:35:29.497,0.78103,0.7812,1.58,1.50
2012.07.29 22:35:29.815,0.78103,0.7812,1.58,1.50
2012.07.29 22:35:30.027,0.78103,0.7812,1.58,1.50
2012.07.29 22:35:36.668,0.78101,0.78119,1.58,2.33
2012.07.29 22:35:36.730,0.78098,0.78119,3.08,2.33
2012.07.29 22:35:45.355,0.78098,0.78119,3.08,1.58
2012.07.29 22:35:46.389,0.78103,0.7812,1.58,1.50
2012.07.29 22:36:05.535,0.78105,0.78122,1.58,1.50
2012.07.29 22:36:07.076,0.78105,0.78123,1.58,1.50
2012.07.29 22:36:07.363,0.78105,0.78125,2.33,1.50
2012.07.29 22:36:11.428,0.78105,0.78126,2.33,3.08
2012.07.29 22:36:12.972,0.78105,0.78125,2.33,1.50
2012.07.29 22:36:14.288,0.78105,0.78126,2.33,3.08
2012.07.29 22:36:14.972,0.78105,0.78124,2.33,1.50
2012.07.29 22:36:25.586,0.78107,0.78125,1.58,1.50
2012.07.29 22:36:42.982,0.78112,0.78125,1.58,1.50
2012.07.29 22:36:43.328,0.78115,0.78129,1.58,1.50
2012.07.29 22:36:43.391,0.78115,0.78132,1.58,1.50
2012.07.29 22:36:44.138,0.78115,0.7813,1.58,1.50
2012.07.29 22:36:44.948,0.78115,0.78131,1.58,1.50
2012.07.29 22:36:46.601,0.78115,0.78132,1.58,1.50
2012.07.29 22:36:46.945,0.78116,0.78134,1.58,1.50
2012.07.29 22:36:47.436,0.78116,0.78134,1.58,1.50
2012.07.29 22:36:57.414,0.78116,0.78135,1.58,1.50
2012.07.29 22:36:57.986,0.78116,0.78134,1.58,1.50
2012.07.29 22:37:01.058,0.78116,0.78136,2.33,1.50
2012.07.29 22:37:06.156,0.78116,0.78136,2.33,1.50
2012.07.29 22:37:14.360,0.78115,0.78136,1.58,1.50
2012.07.29 22:37:14.846,0.78115,0.78136,1.58,1.50
2012.07.29 22:37:27.842,0.78115,0.78136,2.33,1.50
2012.07.29 22:37:28.087,0.78115,0.78136,1.58,1.50
2012.07.29 22:37:46.898,0.78113,0.78135,2.33,1.50
2012.07.29 22:37:57.196,0.78113,0.78135,3.08,1.50
2012.07.29 22:37:58.804,0.78113,0.78135,2.33,1.50
2012.07.29 22:38:06.896,0.78114,0.78135,1.58,1.50
2012.07.29 22:38:09.148,0.78114,0.78135,2.33,1.50
2012.07.29 22:38:10.134,0.78114,0.78135,1.58,1.50
2012.07.29 22:38:10.917,0.78114,0.78135,2.33,1.50
2012.07.29 22:38:14.471,0.78114,0.78137,3.08,2.33
2012.07.29 22:38:43.184,0.78116,0.78139,2.33,3.08
2012.07.29 22:38:43.712,0.78121,0.78141,1.58,1.50
2012.07.29 22:38:45.041,0.78121,0.78141,2.33,1.50
2012.07.29 22:38:56.690,0.78121,0.78141,1.58,1.50
2012.07.29 22:38:56.940,0.78121,0.78141,2.33,1.50
2012.07.29 22:39:01.924,0.78121,0.78142,2.33,3.08
2012.07.29 22:39:02.551,0.78121,0.78141,1.58,1.50
2012.07.29 22:39:03.580,0.78121,0.78141,3.90,1.50
2012.07.29 22:39:03.767,0.78124,0.78141,1.58,1.50
2012.07.29 22:39:23.423,0.78122,0.78143,1.58,2.33
2012.07.29 22:39:42.809,0.78122,0.78141,1.58,1.50
2012.07.29 22:39:42.929,0.78121,0.78137,1.58,1.58
2012.07.29 22:39:42.992,0.78118,0.78137,1.50,1.58
2012.07.29 22:39:45.167,0.78118,0.78137,1.50,2.33
2012.07.29 22:39:45.658,0.78122,0.7814,1.58,3.08
2012.07.29 22:39:47.439,0.78122,0.7814,1.58,1.50
2012.07.29 22:39:47.952,0.78122,0.7814,1.58,1.50
2012.07.29 22:39:52.135,0.78118,0.78138,2.33,1.58
2012.07.29 22:39:54.172,0.78121,0.7814,1.58,3.08
2012.07.29 22:39:57.787,0.78121,0.7814,1.58,1.50
2012.07.29 22:39:59.161,0.78119,0.78137,1.58,2.33
2012.07.29 22:40:02.911,0.78119,0.78137,1.58,2.33
2012.07.29 22:40:11.068,0.78118,0.78136,1.58,2.33
2012.07.29 22:40:11.299,0.78122,0.78142,1.58,2.33
2012.07.29 22:40:13.182,0.78122,0.78142,1.58,2.33
2012.07.29 22:40:31.152,0.78121,0.7814,1.58,2.33
2012.07.29 22:40:33.527,0.78121,0.7814,1.58,2.33
2012.07.29 22:40:48.727,0.78121,0.7814,2.33,1.58
2012.07.29 22:40:49.003,0.78121,0.7814,3.08,1.58
2012.07.29 22:40:49.175,0.78121,0.7814,3.08,1.58
2012.07.29 22:40:49.458,0.78121,0.7814,3.08,1.58
2012.07.29 22:40:51.247,0.78123,0.78144,2.33,2.33
2012.07.29 22:40:51.424,0.78123,0.78144,1.58,2.33
2012.07.29 22:40:57.716,0.78129,0.78144,1.58,2.33
2012.07.29 22:41:04.742,0.78123,0.7814,2.33,1.58
2012.07.29 22:41:09.498,0.78123,0.7814,2.33,1.58
2012.07.29 22:41:09.814,0.78123,0.7814,2.33,1.58
2012.07.29 22:41:10.041,0.78123,0.7814,2.33,1.58
2012.07.29 22:41:11.025,0.78123,0.7814,2.33,1.58
2012.07.29 22:41:11.553,0.78123,0.7814,2.33,1.58
2012.07.29 22:41:24.822,0.78126,0.78141,1.58,1.58
2012.07.29 22:41:44.829,0.78127,0.78142,1.58,1.58
2012.07.29 22:42:04.942,0.78124,0.78141,3.90,1.58
2012.07.29 22:42:07.334,0.78124,0.78141,2.33,1.58
2012.07.29 22:42:07.853,0.78124,0.78141,1.58,1.58
2012.07.29 22:42:19.318,0.78124,0.78141,2.33,1.58
2012.07.29 22:42:24.988,0.78126,0.78141,1.58,1.58
2012.07.29 22:43:01.454,0.78129,0.78141,1.58,1.58
2012.07.29 22:43:01.516,0.78131,0.78145,1.58,1.50
2012.07.29 22:43:20.195,0.78131,0.78144,1.58,1.50
2012.07.29 22:43:21.024,0.78129,0.78143,1.58,2.33
2012.07.29 22:43:21.550,0.78128,0.78143,1.58,2.33
2012.07.29 22:43:41.313,0.78127,0.78142,1.58,1.58
2012.07.29 22:44:01.299,0.78128,0.78143,1.58,1.58
2012.07.29 22:44:06.278,0.7813,0.78143,1.58,1.58
2012.07.29 22:44:06.339,0.78131,0.78147,1.58,1.58
2012.07.29 22:44:26.447,0.7813,0.78145,1.58,1.58
2012.07.29 22:44:45.838,0.78134,0.78148,1.58,3.08
2012.07.29 22:44:46.068,0.78134,0.78149,1.58,1.58
2012.07.29 22:45:02.250,0.78134,0.78149,1.58,2.33
2012.07.29 22:45:02.426,0.78131,0.78148,2.33,2.33
2012.07.29 22:45:02.492,0.78131,0.78148,2.33,2.33
2012.07.29 22:45:02.611,0.78135,0.78149,2.33,1.58
2012.07.29 22:45:02.673,0.78135,0.78152,2.33,2.33
2012.07.29 22:45:02.736,0.78135,0.78152,2.33,2.33
2012.07.29 22:45:03.083,0.7813,0.78145,1.58,2.33
2012.07.29 22:45:03.621,0.7813,0.78145,1.58,1.58
2012.07.29 22:45:13.238,0.78131,0.78145,1.58,1.58
2012.07.29 22:45:13.300,0.78133,0.78148,1.58,1.50
2012.07.29 22:45:26.626,0.78133,0.78148,1.58,1.50
2012.07.29 22:45:26.745,0.78128,0.78143,1.58,1.58
2012.07.29 22:45:46.600,0.78129,0.78144,1.58,1.58
2012.07.29 22:45:55.942,0.78132,0.78149,1.58,2.33
2012.07.29 22:46:23.209,0.78132,0.78149,1.58,2.33
2012.07.29 22:46:26.375,0.78132,0.78149,1.58,2.33
2012.07.29 22:46:36.104,0.78135,0.7815,1.58,2.33
2012.07.29 22:46:41.556,0.78135,0.7815,1.58,2.33
2012.07.29 22:47:13.303,0.78133,0.78146,1.58,1.58
2012.07.29 22:47:13.412,0.78129,0.78146,2.33,1.58
2012.07.29 22:47:22.235,0.78133,0.78146,1.58,1.58
2012.07.29 22:47:22.723,0.78135,0.7815,1.58,2.33
2012.07.29 22:47:42.079,0.78134,0.78149,1.58,1.58
2012.07.29 22:48:02.241,0.78132,0.78147,1.58,1.58
2012.07.29 22:48:22.523,0.78134,0.78149,1.58,1.58
2012.07.29 22:49:27.148,0.78134,0.78151,1.58,2.33
2012.07.29 22:49:42.635,0.78135,0.78152,1.58,1.50
2012.07.29 22:49:43.050,0.78137,0.78152,1.58,3.08
2012.07.29 22:49:51.699,0.78137,0.7815,1.58,1.50
2012.07.29 22:49:51.819,0.78131,0.78148,2.33,2.33
2012.07.29 22:50:09.706,0.78131,0.78148,1.58,2.33
2012.07.29 22:50:10.232,0.78131,0.78148,2.33,2.33
2012.07.29 22:50:10.970,0.78131,0.78148,2.33,2.33
2012.07.29 22:50:11.033,0.78131,0.78148,2.33,1.58
2012.07.29 22:50:11.702,0.78135,0.7815,1.58,3.90
2012.07.29 22:50:28.891,0.78135,0.7815,2.33,1.58
2012.07.29 22:50:31.835,0.78137,0.78152,1.58,2.33
2012.07.29 22:50:53.696,0.78137,0.78152,1.58,2.33
2012.07.29 22:51:02.518,0.78137,0.78152,1.58,2.33
2012.07.29 22:51:03.207,0.78137,0.78152,1.58,2.33
2012.07.29 22:51:09.470,0.7814,0.78152,1.58,2.33
2012.07.29 22:51:10.689,0.78141,0.78154,1.58,1.50
2012.07.29 22:51:25.753,0.78141,0.78156,1.58,2.33
2012.07.29 22:51:29.642,0.78144,0.78156,1.58,2.33
2012.07.29 22:51:30.376,0.78144,0.78155,1.58,1.50
2012.07.29 22:51:30.793,0.78144,0.78156,1.58,2.33
2012.07.29 22:51:49.574,0.7814,0.78154,1.58,1.58
2012.07.29 22:51:59.598,0.7814,0.78154,2.33,1.58
2012.07.29 22:51:59.882,0.78143,0.78158,2.33,2.33
2012.07.29 22:51:59.943,0.78151,0.7816,1.58,2.33
2012.07.29 22:52:00.005,0.78151,0.7816,1.58,1.58
2012.07.29 22:52:00.123,0.78151,0.78165,1.58,1.58
2012.07.29 22:52:01.258,0.7815,0.78159,1.58,1.58
2012.07.29 22:52:01.818,0.78147,0.78159,3.08,1.58
2012.07.29 22:52:04.400,0.78148,0.78159,1.50,1.58
2012.07.29 22:52:04.463,0.7815,0.78165,2.33,1.58
2012.07.29 22:52:04.582,0.78156,0.7817,2.33,2.33
2012.07.29 22:52:05.129,0.78157,0.7817,1.50,1.58
2012.07.29 22:52:05.576,0.78161,0.78173,1.58,1.58
2012.07.29 22:52:20.297,0.78158,0.7817,1.58,1.58
2012.07.29 22:52:20.360,0.78156,0.7817,2.33,1.58
2012.07.29 22:52:20.835,0.78156,0.7817,2.33,1.58
2012.07.29 22:52:21.416,0.78162,0.78172,1.58,1.58
2012.07.29 22:52:21.593,0.78162,0.78174,1.58,1.58
2012.07.29 22:52:32.044,0.78162,0.78174,3.08,1.58
2012.07.29 22:52:41.605,0.78163,0.78177,2.33,1.58
2012.07.29 22:52:45.453,0.78167,0.78181,1.58,2.33
2012.07.29 22:52:45.969,0.78167,0.78181,1.58,1.58
2012.07.29 22:52:48.469,0.78166,0.78176,2.33,1.58
2012.07.29 22:53:15.465,0.78164,0.78176,3.08,1.58
2012.07.29 22:53:45.495,0.78164,0.78176,3.08,1.58
2012.07.29 22:53:48.531,0.78164,0.78186,1.50,1.89
2012.07.29 22:54:07.211,0.78167,0.7818,1.58,1.58
2012.07.29 22:54:07.662,0.78167,0.7818,3.08,1.58
2012.07.29 22:54:23.941,0.78171,0.78183,1.58,3.15
2012.07.29 22:54:31.923,0.78171,0.78182,1.58,1.58
2012.07.29 22:54:33.262,0.78168,0.78181,2.33,1.58
2012.07.29 22:54:34.345,0.7817,0.78184,2.33,2.33
2012.07.29 22:54:36.401,0.78168,0.7818,2.33,2.33
2012.07.29 22:54:36.464,0.78167,0.7818,1.58,2.33
2012.07.29 22:54:37.131,0.78167,0.7818,1.58,1.58
2012.07.29 22:54:40.486,0.78167,0.7818,1.58,2.33
2012.07.29 22:54:40.905,0.78171,0.78183,1.58,2.33
2012.07.29 22:54:41.479,0.78166,0.78181,2.33,2.33
2012.07.29 22:54:45.707,0.78166,0.78181,2.33,2.33
2012.07.29 22:54:47.237,0.78166,0.78181,2.33,2.33
2012.07.29 22:54:48.282,0.78166,0.78181,2.33,2.33
2012.07.29 22:54:48.612,0.78166,0.78181,2.33,2.33
2012.07.29 22:54:49.730,0.78166,0.78181,2.33,2.33
2012.07.29 22:54:55.470,0.78161,0.78174,3.08,1.58
2012.07.29 22:55:33.894,0.78165,0.78177,1.58,1.58
2012.07.29 22:55:33.956,0.78165,0.78177,2.33,1.58
2012.07.29 22:55:34.019,0.78166,0.78179,2.33,1.58
2012.07.29 22:55:34.248,0.78171,0.78184,1.58,1.58
2012.07.29 22:55:34.945,0.78173,0.78184,1.58,1.58
2012.07.29 22:55:35.460,0.78173,0.78185,1.58,1.58
2012.07.29 22:55:35.993,0.78166,0.78178,1.58,1.58
2012.07.29 22:55:39.760,0.78169,0.78181,1.58,1.58
2012.07.29 22:55:39.823,0.78169,0.78183,1.58,1.50
2012.07.29 22:55:39.999,0.78175,0.78187,1.58,2.33
2012.07.29 22:55:40.497,0.78169,0.78181,1.58,1.58
2012.07.29 22:55:41.018,0.78169,0.78181,1.58,3.08
2012.07.29 22:55:41.138,0.78169,0.78181,1.58,3.08
2012.07.29 22:55:42.793,0.78177,0.78189,1.58,2.33
2012.07.29 22:55:43.023,0.78177,0.78189,1.58,1.58
2012.07.29 22:55:45.185,0.78177,0.78189,1.58,2.33
2012.07.29 22:55:45.528,0.78186,0.78193,1.58,1.50
2012.07.29 22:55:45.649,0.78182,0.78194,1.58,2.33
2012.07.29 22:55:45.767,0.78182,0.78194,1.58,2.33
2012.07.29 22:55:48.144,0.78186,0.78196,1.58,1.58
2012.07.29 22:55:48.206,0.78186,0.78198,1.58,2.33
2012.07.29 22:56:07.037,0.78183,0.78194,3.08,1.58
2012.07.29 22:56:07.385,0.78181,0.78194,1.58,1.58
2012.07.29 22:56:08.453,0.78181,0.78194,2.33,1.58
2012.07.29 22:56:27.119,0.78183,0.78196,1.58,1.58
2012.07.29 22:56:29.046,0.78181,0.78193,1.50,1.58
2012.07.29 22:56:31.735,0.78179,0.78193,1.50,1.58
2012.07.29 22:56:33.591,0.78184,0.78193,1.50,1.58
2012.07.29 22:56:33.822,0.78187,0.78202,3.08,1.58
2012.07.29 22:56:34.320,0.78187,0.78198,1.58,1.58
2012.07.29 22:56:34.383,0.78184,0.78196,1.50,1.58
2012.07.29 22:56:41.365,0.78184,0.78196,1.50,1.58
2012.07.29 22:56:41.556,0.78186,0.782,3.08,1.58
2012.07.29 22:57:01.528,0.78189,0.78201,3.08,1.58
2012.07.29 22:57:11.530,0.78189,0.78201,2.33,1.58
2012.07.29 22:57:15.285,0.78189,0.78201,1.58,2.33
2012.07.29 22:57:15.573,0.78177,0.78189,3.08,1.58
2012.07.29 22:57:15.929,0.78177,0.78193,1.50,1.58
2012.07.29 22:57:17.528,0.78177,0.78193,1.50,1.58
2012.07.29 22:57:18.792,0.78178,0.78193,1.50,1.58
2012.07.29 22:57:18.910,0.7818,0.78193,1.50,1.58
2012.07.29 22:57:19.103,0.7818,0.78198,1.50,2.33
2012.07.29 22:57:32.674,0.7818,0.78198,1.50,1.58
2012.07.29 22:57:38.327,0.7818,0.78194,1.50,1.58
2012.07.29 22:57:41.662,0.78179,0.78194,1.50,1.58
2012.07.29 22:57:58.304,0.78182,0.78197,1.50,1.58
2012.07.29 22:58:00.623,0.78182,0.78203,1.50,1.50
2012.07.29 22:58:05.035,0.78182,0.78203,1.50,1.50
2012.07.29 22:58:06.245,0.78178,0.782,1.50,1.50
2012.07.29 22:58:06.306,0.78178,0.78197,1.50,1.50
2012.07.29 22:58:06.452,0.78173,0.78197,1.50,1.50
2012.07.29 22:58:06.568,0.78173,0.78194,1.50,1.50
2012.07.29 22:58:08.056,0.78173,0.78194,1.50,1.50
2012.07.29 22:58:10.036,0.78173,0.78192,1.50,1.50
2012.07.29 22:58:11.581,0.78173,0.78194,1.50,1.50
2012.07.29 22:58:12.344,0.78173,0.78197,1.50,1.50
2012.07.29 22:58:14.354,0.78173,0.78194,1.50,1.50
2012.07.29 22:58:18.966,0.78176,0.78194,1.12,1.50
2012.07.29 22:58:19.328,0.78173,0.78195,1.50,1.50
2012.07.29 22:58:25.106,0.78173,0.78196,1.50,1.50
2012.07.29 22:58:25.406,0.78178,0.78196,1.50,1.50
2012.07.29 22:58:25.522,0.78178,0.78198,1.50,1.50
2012.07.29 22:58:25.583,0.7818,0.78198,1.50,1.50
2012.07.29 22:58:28.747,0.78182,0.782,1.50,1.50
2012.07.29 22:58:31.733,0.78182,0.78202,1.50,1.50
2012.07.29 22:58:31.795,0.78184,0.78203,1.50,1.50
2012.07.29 22:58:47.644,0.78184,0.78205,1.50,1.50
2012.07.29 22:58:48.194,0.78184,0.78204,1.50,1.50
2012.07.29 22:58:48.536,0.78183,0.78203,1.50,1.50
2012.07.29 22:58:55.674,0.78184,0.78205,1.50,1.50
2012.07.29 22:58:56.538,0.78185,0.78205,1.50,1.50
2012.07.29 22:59:03.851,0.78181,0.78203,1.50,1.50
2012.07.29 22:59:09.223,0.78181,0.78201,1.50,1.50
2012.07.29 22:59:09.424,0.78181,0.78202,1.50,1.50
2012.07.29 22:59:23.120,0.78181,0.782,1.50,1.50
2012.07.29 22:59:30.267,0.78177,0.782,1.50,1.50
2012.07.29 22:59:30.877,0.78176,0.78199,1.50,1.14
2012.07.29 22:59:34.537,0.78176,0.782,1.50,1.50
2012.07.29 22:59:37.392,0.7818,0.78202,1.50,1.50
2012.07.29 22:59:51.717,0.78179,0.78202,1.50,1.89
2012.07.29 22:59:52.148,0.7818,0.78202,1.50,1.89
2012.07.29 22:59:52.873,0.7818,0.78202,1.50,1.50
2012.07.29 22:59:53.311,0.78175,0.782,1.50,1.50
2012.07.29 22:59:54.230,0.78175,0.78198,1.50,1.50
