2012.07.04 17:00:00.210,0.78801,0.78819,1.13,1.88
2012.07.04 17:00:00.352,0.78802,0.78821,1.13,1.88
2012.07.04 17:00:00.419,0.78802,0.78821,1.13,1.13
2012.07.04 17:00:00.950,0.78801,0.78824,2.63,2.70
2012.07.04 17:00:01.460,0.78802,0.78822,1.88,1.13
2012.07.04 17:00:01.948,0.78802,0.78822,1.13,1.13
2012.07.04 17:00:02.221,0.78802,0.78823,1.13,1.88
2012.07.04 17:00:02.730,0.78802,0.78823,1.13,1.13
2012.07.04 17:00:03.291,0.78802,0.78824,1.88,1.13
2012.07.04 17:00:07.292,0.78803,0.78824,1.13,1.13
2012.07.04 17:00:09.879,0.78802,0.78824,1.88,1.88
2012.07.04 17:00:12.228,0.78804,0.78825,1.13,1.13
2012.07.04 17:00:12.611,0.78807,0.78827,1.13,1.13
2012.07.04 17:00:13.012,0.78807,0.78827,1.13,1.13
2012.07.04 17:00:15.791,0.78806,0.78827,1.50,1.13
2012.07.04 17:00:16.730,0.78805,0.78827,1.88,1.88
2012.07.04 17:00:17.481,0.78804,0.78825,1.13,1.13
2012.07.04 17:00:18.035,0.78805,0.78826,1.13,1.88
2012.07.04 17:00:18.751,0.78804,0.78825,1.13,1.13
2012.07.04 17:00:19.101,0.78807,0.78828,1.13,1.13
2012.07.04 17:00:19.721,0.78808,0.78829,1.13,1.13
2012.07.04 17:00:27.750,0.78809,0.7883,1.13,1.88
2012.07.04 17:00:31.979,0.7881,0.7883,1.13,1.88
2012.07.04 17:00:33.081,0.78809,0.7883,1.13,1.88
2012.07.04 17:00:34.079,0.7881,0.7883,1.13,1.13
2012.07.04 17:00:35.258,0.78809,0.7883,1.13,1.88
2012.07.04 17:00:36.362,0.78811,0.7883,1.50,1.13
2012.07.04 17:00:37.061,0.78811,0.7883,1.50,1.13
2012.07.04 17:00:37.132,0.78812,0.78832,1.13,1.13
2012.07.04 17:00:40.928,0.78813,0.78834,1.88,1.13
2012.07.04 17:00:47.332,0.78813,0.78834,1.88,1.13
2012.07.04 17:00:51.191,0.78813,0.78834,2.63,1.13
2012.07.04 17:00:52.763,0.78815,0.78836,2.25,1.88
2012.07.04 17:00:58.750,0.78815,0.78836,1.50,1.88
2012.07.04 17:01:06.965,0.78821,0.78837,1.50,1.50
2012.07.04 17:01:07.043,0.78821,0.78838,2.25,1.50
2012.07.04 17:01:07.252,0.78823,0.7884,2.25,1.13
2012.07.04 17:01:07.325,0.78826,0.78847,1.50,1.50
2012.07.04 17:01:12.800,0.78826,0.78848,2.25,2.25
2012.07.04 17:01:17.741,0.78826,0.78846,1.13,1.50
2012.07.04 17:01:42.791,0.78825,0.78846,1.50,2.25
2012.07.04 17:01:43.351,0.78822,0.78844,2.25,1.50
2012.07.04 17:01:44.618,0.78822,0.78844,1.50,2.25
2012.07.04 17:01:47.552,0.78822,0.78843,1.50,1.50
2012.07.04 17:01:48.063,0.7882,0.78843,1.50,2.25
2012.07.04 17:01:48.831,0.7882,0.78842,1.50,1.50
2012.07.04 17:01:49.378,0.7882,0.78843,1.50,2.25
2012.07.04 17:01:49.449,0.7882,0.78844,1.50,1.50
2012.07.04 17:01:50.209,0.7882,0.78843,1.50,1.50
2012.07.04 17:01:50.350,0.7882,0.78843,1.50,2.25
2012.07.04 17:01:52.500,0.7882,0.78843,1.50,2.25
2012.07.04 17:01:52.938,0.78819,0.7884,1.50,1.50
2012.07.04 17:01:53.461,0.78819,0.78842,1.50,1.50
2012.07.04 17:01:53.968,0.78819,0.78842,1.50,2.25
2012.07.04 17:01:55.849,0.78818,0.7884,1.50,1.50
2012.07.04 17:01:56.600,0.78819,0.78841,1.50,1.50
2012.07.04 17:01:56.933,0.78814,0.78839,2.33,1.50
2012.07.04 17:01:57.069,0.78817,0.78839,2.25,1.50
2012.07.04 17:01:57.619,0.78817,0.7884,3.00,1.50
2012.07.04 17:01:58.019,0.78814,0.78839,2.33,1.50
2012.07.04 17:01:58.209,0.78813,0.78839,2.25,1.50
2012.07.04 17:01:58.357,0.78813,0.78841,2.25,3.00
2012.07.04 17:02:00.029,0.78814,0.78839,2.33,1.50
2012.07.04 17:02:01.128,0.78814,0.78841,2.33,3.00
2012.07.04 17:02:02.078,0.78814,0.78839,1.58,1.50
2012.07.04 17:02:03.561,0.78813,0.78839,2.25,1.50
2012.07.04 17:02:05.130,0.78813,0.78839,2.25,2.63
2012.07.04 17:02:10.418,0.78813,0.78838,1.50,1.50
2012.07.04 17:02:10.689,0.78813,0.78838,2.25,1.50
2012.07.04 17:02:13.458,0.78812,0.78838,5.33,1.50
2012.07.04 17:02:15.110,0.78813,0.78838,1.50,2.25
2012.07.04 17:02:18.619,0.78813,0.78838,1.50,1.50
2012.07.04 17:02:19.214,0.78813,0.78838,1.50,2.25
2012.07.04 17:02:22.379,0.78813,0.78838,1.50,1.50
2012.07.04 17:02:22.912,0.78813,0.78838,1.50,1.50
2012.07.04 17:02:23.573,0.78813,0.78838,1.50,1.50
2012.07.04 17:02:24.302,0.78812,0.78838,3.00,2.25
2012.07.04 17:02:24.918,0.78813,0.78838,1.50,1.50
2012.07.04 17:02:28.208,0.78813,0.78838,1.50,1.50
2012.07.04 17:02:38.750,0.78812,0.78837,3.75,1.50
2012.07.04 17:02:39.577,0.78813,0.78838,1.50,2.25
2012.07.04 17:02:41.318,0.78812,0.78838,3.75,1.50
2012.07.04 17:02:57.066,0.78812,0.78838,3.00,1.50
2012.07.04 17:03:03.649,0.78812,0.78839,3.00,1.88
2012.07.04 17:03:04.197,0.78812,0.7884,3.75,1.13
2012.07.04 17:03:04.835,0.78812,0.78841,3.75,2.25
2012.07.04 17:03:07.413,0.78812,0.7884,4.13,1.13
2012.07.04 17:03:17.328,0.78813,0.7884,1.13,1.13
2012.07.04 17:03:27.321,0.78812,0.7884,4.13,1.13
2012.07.04 17:03:29.794,0.78813,0.78841,1.50,1.88
2012.07.04 17:03:30.308,0.78812,0.78839,3.38,1.13
2012.07.04 17:03:32.319,0.78813,0.7884,1.50,1.13
2012.07.04 17:03:32.917,0.78812,0.78838,4.13,1.13
2012.07.04 17:03:40.799,0.78813,0.78839,1.50,1.13
2012.07.04 17:03:41.338,0.78812,0.78837,4.13,1.13
2012.07.04 17:03:42.254,0.78813,0.78839,1.50,1.13
2012.07.04 17:03:42.897,0.78813,0.78839,1.50,1.13
2012.07.04 17:03:50.749,0.78813,0.78841,1.88,1.88
2012.07.04 17:03:51.260,0.78813,0.78838,1.88,1.13
2012.07.04 17:03:52.452,0.78813,0.78836,1.88,1.13
2012.07.04 17:03:52.990,0.78812,0.78836,2.33,1.13
2012.07.04 17:03:55.021,0.78812,0.78838,2.33,1.13
2012.07.04 17:03:56.828,0.78811,0.78835,3.75,1.13
2012.07.04 17:03:57.159,0.78811,0.78836,3.75,1.13
2012.07.04 17:03:57.303,0.78811,0.78836,3.75,1.13
2012.07.04 17:04:03.930,0.78811,0.78836,4.13,1.13
2012.07.04 17:04:04.190,0.78812,0.78838,1.13,1.13
2012.07.04 17:04:05.313,0.78812,0.78838,1.13,1.13
2012.07.04 17:04:17.630,0.78811,0.78838,4.13,1.13
2012.07.04 17:04:24.190,0.78813,0.78838,1.50,1.13
2012.07.04 17:04:25.630,0.78817,0.78839,2.63,1.50
2012.07.04 17:04:25.726,0.7882,0.78848,1.13,1.13
2012.07.04 17:04:30.822,0.7883,0.78848,2.25,1.50
2012.07.04 17:04:31.081,0.7883,0.78851,2.25,1.13
2012.07.04 17:04:31.232,0.7883,0.78851,2.25,1.13
2012.07.04 17:04:32.140,0.7883,0.78851,2.25,1.13
2012.07.04 17:04:33.800,0.7883,0.78851,2.25,1.13
2012.07.04 17:04:34.089,0.7883,0.78852,2.25,1.13
2012.07.04 17:04:34.879,0.7883,0.78851,2.25,1.13
2012.07.04 17:04:35.069,0.7883,0.78852,2.25,1.13
2012.07.04 17:04:36.989,0.7883,0.78851,2.25,1.13
2012.07.04 17:04:37.310,0.78826,0.78851,2.63,1.13
2012.07.04 17:04:37.849,0.78826,0.78854,2.63,1.13
2012.07.04 17:04:42.091,0.78826,0.78852,2.63,2.70
2012.07.04 17:04:42.480,0.78822,0.78849,1.13,1.95
2012.07.04 17:04:46.670,0.78818,0.78848,1.13,1.88
2012.07.04 17:04:47.111,0.78818,0.78848,1.13,1.88
2012.07.04 17:04:51.209,0.78818,0.7884,1.13,1.50
2012.07.04 17:04:51.342,0.78816,0.78839,3.00,1.13
2012.07.04 17:04:52.039,0.78815,0.78839,1.13,1.13
2012.07.04 17:04:54.261,0.78815,0.78841,1.13,1.88
2012.07.04 17:04:54.333,0.78817,0.78841,1.95,1.13
2012.07.04 17:04:54.712,0.78817,0.78848,1.95,1.13
2012.07.04 17:04:57.400,0.78819,0.78848,1.13,1.95
2012.07.04 17:05:02.771,0.78818,0.78844,1.13,1.13
2012.07.04 17:05:07.389,0.78819,0.78843,1.13,1.13
2012.07.04 17:05:10.419,0.78819,0.78843,5.63,1.13
2012.07.04 17:05:10.550,0.78824,0.78848,1.13,1.13
2012.07.04 17:05:10.680,0.78827,0.78849,2.25,1.50
2012.07.04 17:05:13.640,0.78827,0.78849,2.25,1.50
2012.07.04 17:05:14.888,0.78824,0.78848,3.00,1.13
2012.07.04 17:05:15.829,0.78824,0.78848,3.75,1.13
2012.07.04 17:05:16.150,0.78824,0.78848,3.75,1.13
2012.07.04 17:05:16.878,0.78824,0.78848,3.75,1.13
2012.07.04 17:05:21.320,0.78824,0.78848,3.75,1.13
2012.07.04 17:05:22.871,0.78824,0.78848,3.00,1.13
2012.07.04 17:05:23.150,0.78824,0.78848,3.75,1.13
2012.07.04 17:05:24.351,0.78823,0.78848,1.50,1.13
2012.07.04 17:05:24.611,0.78819,0.78847,1.13,2.70
2012.07.04 17:05:25.121,0.78818,0.78846,1.13,1.88
2012.07.04 17:05:28.169,0.78817,0.78846,1.13,1.88
2012.07.04 17:05:37.189,0.78817,0.78846,2.33,1.13
2012.07.04 17:05:42.679,0.78817,0.78836,2.33,4.50
2012.07.04 17:05:44.663,0.78812,0.78835,1.13,1.13
2012.07.04 17:05:44.739,0.78813,0.78837,1.13,1.50
2012.07.04 17:05:44.940,0.78817,0.78842,2.70,1.88
2012.07.04 17:05:45.490,0.78817,0.78842,2.70,1.13
2012.07.04 17:05:46.021,0.78817,0.78843,1.13,1.13
2012.07.04 17:05:48.120,0.78816,0.78845,1.13,1.13
2012.07.04 17:05:48.673,0.78817,0.78845,1.13,1.13
2012.07.04 17:05:57.629,0.78816,0.78846,1.13,1.13
2012.07.04 17:06:06.756,0.78815,0.78846,1.95,1.13
2012.07.04 17:06:07.277,0.78815,0.78846,1.95,1.13
2012.07.04 17:06:17.439,0.78814,0.78845,1.13,1.95
2012.07.04 17:06:22.331,0.78814,0.78845,1.13,1.95
2012.07.04 17:06:27.309,0.78814,0.78845,1.13,1.95
2012.07.04 17:06:42.554,0.78814,0.78844,1.13,1.13
2012.07.04 17:06:47.303,0.78814,0.78845,1.13,2.70
2012.07.04 17:06:48.282,0.78814,0.78844,1.13,1.13
2012.07.04 17:06:48.421,0.78814,0.78843,1.13,1.50
2012.07.04 17:06:48.774,0.78813,0.7883,1.58,1.50
2012.07.04 17:06:49.042,0.78808,0.78828,2.25,1.50
2012.07.04 17:06:50.259,0.78806,0.78828,3.00,1.50
2012.07.04 17:06:50.840,0.78806,0.78827,3.00,1.50
2012.07.04 17:07:08.669,0.78807,0.7883,1.50,3.00
2012.07.04 17:07:08.869,0.78809,0.7883,1.50,1.50
2012.07.04 17:07:22.419,0.78809,0.7883,1.13,1.50
2012.07.04 17:07:22.620,0.78806,0.78828,1.13,1.50
2012.07.04 17:07:31.522,0.78808,0.78828,1.13,1.50
2012.07.04 17:07:48.392,0.78805,0.78828,1.88,2.25
2012.07.04 17:08:00.599,0.78805,0.78827,1.88,1.50
2012.07.04 17:08:03.820,0.78807,0.78828,1.50,1.50
2012.07.04 17:08:06.550,0.78807,0.78828,1.50,1.13
2012.07.04 17:08:07.883,0.78807,0.78828,1.50,1.88
2012.07.04 17:08:10.340,0.78807,0.78828,1.50,1.13
2012.07.04 17:08:12.924,0.78807,0.78828,1.50,1.88
2012.07.04 17:08:13.694,0.78807,0.78829,1.50,2.63
2012.07.04 17:08:16.481,0.78807,0.78828,1.50,1.13
2012.07.04 17:08:16.553,0.78803,0.78826,1.88,1.13
2012.07.04 17:08:17.071,0.78803,0.78827,1.50,1.13
2012.07.04 17:08:17.216,0.78802,0.78827,1.88,1.13
2012.07.04 17:08:18.359,0.78802,0.78826,1.88,1.13
2012.07.04 17:08:27.389,0.78801,0.78827,1.88,1.13
2012.07.04 17:08:33.112,0.78803,0.78826,1.50,1.13
2012.07.04 17:08:33.444,0.78802,0.78827,1.13,1.13
2012.07.04 17:08:33.681,0.78801,0.78827,1.50,1.13
2012.07.04 17:08:34.360,0.78801,0.78825,1.13,1.13
2012.07.04 17:08:34.870,0.78802,0.78826,1.50,1.13
2012.07.04 17:08:36.561,0.78801,0.78825,1.88,1.13
2012.07.04 17:08:36.883,0.788,0.78821,1.50,1.50
2012.07.04 17:08:38.066,0.78798,0.78821,1.50,1.50
2012.07.04 17:08:41.762,0.78798,0.78817,1.50,1.50
2012.07.04 17:08:41.962,0.78795,0.78815,1.50,1.88
2012.07.04 17:08:44.311,0.78795,0.78816,2.33,1.13
2012.07.04 17:08:45.197,0.78798,0.78823,2.33,1.13
2012.07.04 17:08:45.277,0.78798,0.78823,1.13,1.13
2012.07.04 17:08:47.357,0.78797,0.78823,1.88,1.13
2012.07.04 17:08:56.200,0.78796,0.78823,2.70,1.88
2012.07.04 17:08:56.720,0.78796,0.78823,2.33,1.88
2012.07.04 17:08:57.191,0.78796,0.78823,2.70,1.88
2012.07.04 17:09:07.378,0.78797,0.78823,2.70,1.13
2012.07.04 17:09:27.464,0.78797,0.78823,2.33,1.13
2012.07.04 17:09:31.842,0.78797,0.78823,2.33,1.13
2012.07.04 17:09:32.032,0.78802,0.78825,1.13,3.00
2012.07.04 17:09:32.102,0.78805,0.78825,1.58,3.00
2012.07.04 17:09:32.523,0.78805,0.78837,2.70,2.70
2012.07.04 17:10:19.702,0.78804,0.78837,2.33,1.52
2012.07.04 17:10:20.080,0.78801,0.78832,2.33,1.13
2012.07.04 17:10:20.390,0.78803,0.78833,1.13,1.95
2012.07.04 17:10:22.510,0.78803,0.78831,1.13,1.13
2012.07.04 17:10:23.019,0.78804,0.78832,1.50,1.13
2012.07.04 17:10:27.331,0.78802,0.78833,1.50,2.70
2012.07.04 17:10:35.212,0.7881,0.78833,1.50,2.33
2012.07.04 17:10:35.283,0.78812,0.78836,4.50,4.95
2012.07.04 17:10:35.562,0.78814,0.78836,1.50,1.13
2012.07.04 17:10:44.261,0.78816,0.78836,1.50,1.13
2012.07.04 17:11:23.779,0.78816,0.78837,1.50,1.13
2012.07.04 17:11:32.760,0.78817,0.78838,1.50,1.13
2012.07.04 17:11:34.290,0.78817,0.78838,1.50,1.13
2012.07.04 17:11:34.841,0.78817,0.78838,1.50,1.13
2012.07.04 17:11:41.443,0.78813,0.78837,1.50,1.13
2012.07.04 17:11:41.770,0.78813,0.78839,1.50,1.13
2012.07.04 17:11:42.339,0.78813,0.78838,1.88,1.13
2012.07.04 17:12:06.670,0.78816,0.78837,2.25,1.50
2012.07.04 17:12:06.802,0.78818,0.78839,1.50,1.13
2012.07.04 17:12:07.012,0.7882,0.7884,1.50,1.13
2012.07.04 17:12:07.780,0.7882,0.7884,1.50,1.88
2012.07.04 17:12:08.482,0.7882,0.7884,1.50,1.13
2012.07.04 17:12:08.662,0.7882,0.7884,1.50,1.88
2012.07.04 17:12:08.926,0.7882,0.7884,1.50,1.13
2012.07.04 17:12:09.652,0.7882,0.78841,1.50,1.13
2012.07.04 17:12:10.123,0.7882,0.7884,1.50,1.50
2012.07.04 17:12:13.046,0.7882,0.78842,1.50,1.13
2012.07.04 17:12:19.253,0.7882,0.7884,1.50,1.50
2012.07.04 17:12:19.481,0.7882,0.78841,1.50,1.13
2012.07.04 17:12:19.914,0.7882,0.7884,1.50,1.50
2012.07.04 17:12:20.903,0.7882,0.78841,1.50,1.88
2012.07.04 17:13:06.886,0.78821,0.78841,1.50,2.63
2012.07.04 17:13:16.091,0.7882,0.78841,1.50,2.63
2012.07.04 17:13:20.501,0.7882,0.78841,1.50,2.63
2012.07.04 17:13:27.299,0.7882,0.78841,1.50,1.88
2012.07.04 17:13:27.918,0.7882,0.78841,1.50,1.88
2012.07.04 17:13:37.339,0.7882,0.78841,2.25,1.88
2012.07.04 17:13:44.283,0.7882,0.7884,2.25,1.13
2012.07.04 17:13:48.471,0.78818,0.7884,1.50,1.88
2012.07.04 17:13:48.791,0.78817,0.78838,2.25,2.25
2012.07.04 17:13:48.863,0.78817,0.78838,2.25,2.25
2012.07.04 17:13:52.162,0.78817,0.78837,2.25,1.13
2012.07.04 17:14:04.398,0.78814,0.78837,1.50,1.50
2012.07.04 17:14:37.885,0.78815,0.78837,1.88,1.50
2012.07.04 17:14:38.209,0.78813,0.78837,6.38,1.50
2012.07.04 17:14:43.068,0.78816,0.78837,1.50,1.50
2012.07.04 17:14:43.851,0.78814,0.78837,1.88,1.50
2012.07.04 17:14:52.417,0.78814,0.78837,1.13,1.88
2012.07.04 17:14:53.087,0.78813,0.78837,1.88,1.50
2012.07.04 17:14:54.569,0.78813,0.78837,1.88,1.88
2012.07.04 17:14:54.639,0.78814,0.78837,1.13,1.88
2012.07.04 17:15:03.984,0.78814,0.78838,1.88,1.50
2012.07.04 17:15:05.461,0.78815,0.78838,1.50,1.50
2012.07.04 17:15:28.340,0.78815,0.78839,1.50,1.50
2012.07.04 17:15:34.650,0.78818,0.78839,1.50,1.50
2012.07.04 17:15:35.191,0.78815,0.78839,1.50,1.50
2012.07.04 17:15:37.212,0.78815,0.7884,1.50,1.88
2012.07.04 17:15:37.581,0.78819,0.7884,1.50,1.13
2012.07.04 17:15:37.653,0.78821,0.78841,2.25,1.50
2012.07.04 17:15:38.392,0.78821,0.78845,2.63,5.25
2012.07.04 17:15:45.321,0.78821,0.78845,2.63,5.25
2012.07.04 17:15:46.175,0.78822,0.78846,1.13,1.50
2012.07.04 17:15:46.681,0.78822,0.78847,1.13,1.88
2012.07.04 17:15:55.224,0.78821,0.78847,4.13,1.88
2012.07.04 17:15:55.731,0.78822,0.78847,1.13,1.88
2012.07.04 17:15:55.802,0.78822,0.78847,1.13,1.88
2012.07.04 17:15:56.368,0.78822,0.78847,1.13,1.88
2012.07.04 17:16:03.300,0.78821,0.78847,4.13,1.88
2012.07.04 17:16:08.114,0.78822,0.78846,1.13,1.88
2012.07.04 17:16:09.442,0.78822,0.78846,1.13,1.88
2012.07.04 17:16:12.582,0.78821,0.78846,1.13,1.88
2012.07.04 17:16:12.800,0.78821,0.78846,1.13,1.88
2012.07.04 17:16:26.774,0.78821,0.78846,1.88,1.88
2012.07.04 17:16:27.108,0.78821,0.78846,1.88,1.88
2012.07.04 17:16:27.400,0.78821,0.78846,1.88,1.88
2012.07.04 17:16:37.287,0.78821,0.78845,1.88,1.13
2012.07.04 17:16:46.119,0.78821,0.78846,1.88,1.50
2012.07.04 17:16:49.492,0.78821,0.78846,1.88,1.88
2012.07.04 17:17:01.624,0.78821,0.78846,1.88,1.88
2012.07.04 17:17:01.781,0.78821,0.78846,1.88,1.88
2012.07.04 17:17:34.479,0.7882,0.78847,2.63,1.88
2012.07.04 17:17:35.087,0.7882,0.78846,2.63,1.13
2012.07.04 17:17:38.189,0.7882,0.78846,2.63,1.13
2012.07.04 17:17:43.301,0.7882,0.78846,3.38,1.88
2012.07.04 17:17:49.291,0.7882,0.78846,2.63,1.88
2012.07.04 17:17:57.310,0.7882,0.78846,2.63,1.88
2012.07.04 17:17:58.017,0.7882,0.78846,2.63,1.50
2012.07.04 17:17:58.529,0.7882,0.78846,2.63,1.50
2012.07.04 17:17:58.759,0.7882,0.78846,2.63,1.50
2012.07.04 17:18:10.379,0.7882,0.78846,2.63,1.50
2012.07.04 17:18:17.210,0.7882,0.78846,2.63,1.88
2012.07.04 17:18:20.042,0.78822,0.78848,1.13,1.88
2012.07.04 17:18:23.008,0.78822,0.78848,1.13,1.88
2012.07.04 17:18:25.174,0.78822,0.78848,1.13,1.13
2012.07.04 17:18:25.395,0.78822,0.78848,1.13,1.88
2012.07.04 17:18:27.296,0.78822,0.78847,1.13,1.13
2012.07.04 17:18:27.989,0.78822,0.78847,1.13,1.13
2012.07.04 17:18:28.149,0.78822,0.78848,1.13,1.88
2012.07.04 17:18:31.079,0.78822,0.78847,1.13,1.13
2012.07.04 17:18:31.151,0.78822,0.78847,1.13,1.13
2012.07.04 17:18:31.278,0.78822,0.78846,1.13,1.13
2012.07.04 17:18:47.334,0.78822,0.78847,1.13,1.13
2012.07.04 17:18:51.622,0.7882,0.78844,1.13,1.58
2012.07.04 17:18:51.691,0.78817,0.78844,3.38,1.58
2012.07.04 17:18:52.260,0.78819,0.78844,1.13,1.95
2012.07.04 17:18:52.843,0.78813,0.7884,1.88,1.95
2012.07.04 17:18:55.303,0.78812,0.7884,1.13,1.95
2012.07.04 17:18:58.444,0.78808,0.7884,2.70,1.95
2012.07.04 17:18:58.701,0.78809,0.7884,1.13,1.95
2012.07.04 17:18:58.955,0.78812,0.78843,1.95,1.13
2012.07.04 17:18:59.664,0.78814,0.78844,3.53,1.13
2012.07.04 17:18:59.974,0.78816,0.78845,1.95,1.13
2012.07.04 17:19:01.205,0.78827,0.78848,5.63,3.08
2012.07.04 17:19:01.541,0.7883,0.78853,1.88,1.13
2012.07.04 17:19:24.062,0.78827,0.78852,7.88,1.13
2012.07.04 17:19:27.382,0.78827,0.78851,2.63,1.13
2012.07.04 17:19:27.630,0.78827,0.78853,2.63,3.45
2012.07.04 17:19:28.353,0.78827,0.78851,2.63,1.13
2012.07.04 17:19:29.511,0.78827,0.78851,2.63,1.13
2012.07.04 17:19:30.695,0.78828,0.78853,1.13,1.88
2012.07.04 17:19:31.225,0.78829,0.78853,3.00,1.88
2012.07.04 17:19:51.694,0.78829,0.78853,3.00,1.88
2012.07.04 17:19:53.580,0.7883,0.78853,1.50,1.88
2012.07.04 17:19:56.874,0.78829,0.78853,3.00,1.88
2012.07.04 17:19:57.040,0.78829,0.78853,3.75,1.88
2012.07.04 17:20:01.293,0.78829,0.78853,3.00,1.88
2012.07.04 17:20:02.620,0.78829,0.78853,3.75,1.88
2012.07.04 17:20:11.760,0.78829,0.78853,3.00,1.50
2012.07.04 17:20:12.263,0.78829,0.78853,3.75,1.50
2012.07.04 17:20:17.571,0.78829,0.78853,3.00,1.50
2012.07.04 17:20:18.139,0.7883,0.78853,1.50,1.50
2012.07.04 17:20:19.900,0.78829,0.78853,3.75,1.50
2012.07.04 17:20:22.672,0.78831,0.78854,1.50,3.45
2012.07.04 17:20:23.102,0.78834,0.78854,1.50,1.88
2012.07.04 17:20:25.620,0.7883,0.78853,4.87,1.13
2012.07.04 17:20:26.151,0.7883,0.78853,4.87,1.13
2012.07.04 17:20:39.333,0.7883,0.78853,4.87,1.13
2012.07.04 17:20:45.272,0.7883,0.78853,4.87,1.13
2012.07.04 17:20:49.751,0.7883,0.78853,4.87,1.13
2012.07.04 17:20:50.071,0.7883,0.78853,4.87,1.13
2012.07.04 17:20:54.673,0.7883,0.78853,5.62,1.13
2012.07.04 17:20:55.220,0.7883,0.78853,4.87,1.13
2012.07.04 17:20:55.718,0.7883,0.78853,4.87,1.13
2012.07.04 17:20:56.590,0.7883,0.78853,1.12,1.13
2012.07.04 17:20:57.220,0.78828,0.78853,3.38,1.13
2012.07.04 17:21:01.722,0.78829,0.78853,1.50,1.13
2012.07.04 17:21:06.511,0.78828,0.78853,4.13,1.13
2012.07.04 17:21:08.140,0.7883,0.78853,1.50,1.13
2012.07.04 17:21:08.258,0.78829,0.78853,1.50,1.13
2012.07.04 17:21:25.041,0.7883,0.78853,1.50,1.50
2012.07.04 17:21:25.112,0.7883,0.78847,1.50,2.33
2012.07.04 17:21:25.448,0.78827,0.78844,4.50,1.50
2012.07.04 17:21:25.644,0.78827,0.78845,4.50,1.50
2012.07.04 17:21:30.251,0.78823,0.78845,1.12,2.25
2012.07.04 17:21:30.323,0.78822,0.78844,1.50,1.13
2012.07.04 17:21:31.724,0.78817,0.78842,7.13,1.50
2012.07.04 17:21:50.411,0.78817,0.78841,3.38,1.50
2012.07.04 17:21:52.473,0.78818,0.78841,1.50,1.50
2012.07.04 17:21:59.083,0.78817,0.78841,2.25,1.50
2012.07.04 17:22:18.719,0.78823,0.78844,1.50,1.50
2012.07.04 17:22:20.942,0.78823,0.78845,1.50,1.13
2012.07.04 17:22:21.461,0.78823,0.78844,1.88,1.50
2012.07.04 17:22:38.110,0.78822,0.78844,1.88,1.50
2012.07.04 17:22:38.421,0.7882,0.7884,1.50,2.25
2012.07.04 17:22:38.491,0.78819,0.7884,1.88,2.25
2012.07.04 17:22:55.181,0.7882,0.7884,1.13,2.25
2012.07.04 17:23:08.146,0.7882,0.7884,1.13,2.25
2012.07.04 17:23:08.892,0.7882,0.7884,1.13,1.50
2012.07.04 17:23:17.383,0.7882,0.7884,1.13,1.50
2012.07.04 17:23:27.330,0.7882,0.7884,1.13,1.50
2012.07.04 17:23:32.905,0.78823,0.78844,1.13,2.63
2012.07.04 17:23:35.892,0.78824,0.78844,1.88,2.25
2012.07.04 17:23:36.083,0.78827,0.78845,1.13,1.50
2012.07.04 17:23:36.411,0.78824,0.78844,1.13,1.50
2012.07.04 17:23:37.332,0.78824,0.78844,1.13,1.50
2012.07.04 17:24:07.100,0.78824,0.78845,1.13,1.13
2012.07.04 17:24:27.332,0.78824,0.78845,1.13,1.13
2012.07.04 17:24:37.099,0.78823,0.78845,1.13,1.13
2012.07.04 17:24:58.099,0.7882,0.78844,2.63,1.13
2012.07.04 17:24:58.231,0.78825,0.78844,1.13,1.13
2012.07.04 17:24:58.902,0.78827,0.78845,1.13,1.13
2012.07.04 17:25:04.311,0.78827,0.78846,1.13,1.13
2012.07.04 17:25:04.402,0.78827,0.78846,1.13,1.13
2012.07.04 17:25:07.169,0.78827,0.78844,1.13,1.50
2012.07.04 17:25:07.247,0.78822,0.78843,1.88,1.88
2012.07.04 17:25:10.022,0.78822,0.78844,1.88,1.13
2012.07.04 17:25:10.342,0.78825,0.78846,1.13,1.13
2012.07.04 17:25:10.693,0.78825,0.78846,1.13,1.13
2012.07.04 17:25:28.511,0.78825,0.78846,1.13,1.13
2012.07.04 17:25:28.742,0.78825,0.78843,1.13,1.13
2012.07.04 17:25:29.348,0.78822,0.78843,1.13,1.88
2012.07.04 17:25:48.408,0.78823,0.78843,1.13,1.50
2012.07.04 17:25:54.728,0.78823,0.78843,1.13,1.88
2012.07.04 17:25:59.475,0.78823,0.78843,1.13,1.88
2012.07.04 17:26:01.494,0.78822,0.78843,1.13,2.63
2012.07.04 17:26:17.356,0.78822,0.78842,1.13,1.13
2012.07.04 17:26:38.576,0.78821,0.78842,1.13,1.13
2012.07.04 17:26:41.753,0.78823,0.78842,1.13,1.13
2012.07.04 17:26:42.274,0.78821,0.78842,1.13,1.13
2012.07.04 17:26:42.342,0.78819,0.78842,1.13,1.13
2012.07.04 17:26:47.898,0.7882,0.78842,1.13,1.13
2012.07.04 17:27:17.472,0.78819,0.78839,1.13,1.13
2012.07.04 17:27:17.792,0.78819,0.78839,1.13,1.88
2012.07.04 17:27:17.862,0.78819,0.78839,1.13,1.88
2012.07.04 17:27:24.874,0.78815,0.78836,1.13,1.13
2012.07.04 17:27:25.984,0.7881,0.78834,1.13,1.88
2012.07.04 17:27:26.053,0.7881,0.78833,1.13,1.13
2012.07.04 17:27:26.574,0.78808,0.78832,1.95,1.13
2012.07.04 17:27:26.754,0.78808,0.78831,1.95,1.13
2012.07.04 17:27:27.144,0.78808,0.78827,1.95,1.13
2012.07.04 17:27:27.393,0.78806,0.78827,2.63,1.58
2012.07.04 17:27:27.823,0.78806,0.78833,2.63,1.88
2012.07.04 17:27:32.012,0.78806,0.78833,2.63,1.13
2012.07.04 17:27:32.762,0.78806,0.78833,2.63,1.13
2012.07.04 17:27:33.623,0.78806,0.78833,2.63,1.13
2012.07.04 17:27:37.366,0.78806,0.78833,2.63,1.13
2012.07.04 17:27:43.403,0.78814,0.78833,1.13,1.13
2012.07.04 17:27:43.476,0.78816,0.78838,1.13,1.88
2012.07.04 17:27:44.565,0.78814,0.78836,3.38,1.13
2012.07.04 17:27:44.634,0.78811,0.78836,1.13,1.13
2012.07.04 17:27:44.775,0.7881,0.78836,1.13,1.13
2012.07.04 17:27:45.685,0.7881,0.78834,1.13,1.13
2012.07.04 17:27:47.281,0.78806,0.78834,2.63,1.88
2012.07.04 17:27:49.831,0.78806,0.78834,2.63,1.88
2012.07.04 17:27:57.393,0.78806,0.78834,2.63,1.88
2012.07.04 17:28:07.283,0.78806,0.78834,2.63,1.88
2012.07.04 17:28:17.343,0.78806,0.78834,2.63,1.88
2012.07.04 17:28:27.312,0.78806,0.78834,2.63,1.88
2012.07.04 17:28:37.426,0.78806,0.78834,2.63,1.88
2012.07.04 17:28:46.682,0.78805,0.7883,2.63,1.13
2012.07.04 17:28:47.223,0.78803,0.78829,2.70,1.88
2012.07.04 17:28:57.335,0.78804,0.78828,1.13,1.13
2012.07.04 17:28:58.654,0.78803,0.78828,1.13,1.88
2012.07.04 17:28:59.974,0.78803,0.78828,1.13,2.63
2012.07.04 17:29:00.181,0.78803,0.78828,1.13,1.13
2012.07.04 17:29:07.242,0.78803,0.78828,1.13,1.13
2012.07.04 17:29:29.515,0.78803,0.78821,1.13,4.50
2012.07.04 17:29:29.787,0.78795,0.78815,1.13,2.25
2012.07.04 17:29:32.755,0.78794,0.78815,1.13,2.25
2012.07.04 17:29:32.823,0.78792,0.78813,1.88,1.50
2012.07.04 17:29:34.425,0.78792,0.78815,1.88,2.25
2012.07.04 17:29:34.626,0.78792,0.78814,1.88,1.50
2012.07.04 17:29:35.692,0.78792,0.78815,1.88,2.25
2012.07.04 17:29:35.763,0.78792,0.78815,1.88,1.50
2012.07.04 17:29:36.375,0.78794,0.78818,1.50,1.13
2012.07.04 17:29:36.694,0.78796,0.78825,1.95,1.13
2012.07.04 17:29:36.834,0.78795,0.78827,2.70,1.88
2012.07.04 17:30:00.593,0.78799,0.78824,1.58,1.88
2012.07.04 17:30:01.492,0.78796,0.78824,1.95,1.88
2012.07.04 17:30:04.045,0.78798,0.78825,1.13,1.50
2012.07.04 17:30:04.115,0.78798,0.78825,3.38,1.50
2012.07.04 17:30:13.354,0.78797,0.78824,2.70,1.50
2012.07.04 17:30:17.315,0.78798,0.78824,1.95,2.25
2012.07.04 17:30:19.396,0.78798,0.78824,1.95,2.63
2012.07.04 17:30:27.426,0.78798,0.78824,1.95,2.25
2012.07.04 17:30:43.591,0.78798,0.78824,1.95,2.25
2012.07.04 17:30:57.340,0.78798,0.78824,1.58,2.25
2012.07.04 17:31:02.677,0.78801,0.78824,1.50,1.50
2012.07.04 17:31:02.813,0.78801,0.78826,4.50,1.13
2012.07.04 17:31:03.004,0.78803,0.78828,1.50,1.50
2012.07.04 17:31:04.994,0.78806,0.78828,1.50,1.50
2012.07.04 17:31:05.123,0.78807,0.78834,1.50,2.63
2012.07.04 17:31:05.253,0.78807,0.78834,1.88,1.50
2012.07.04 17:31:08.571,0.78808,0.78834,1.13,1.50
2012.07.04 17:31:15.481,0.78809,0.78834,1.13,1.50
2012.07.04 17:31:28.483,0.78808,0.78834,1.13,1.88
2012.07.04 17:31:29.074,0.78808,0.78832,1.13,1.50
2012.07.04 17:31:30.514,0.78808,0.78832,1.88,1.50
2012.07.04 17:31:30.772,0.78813,0.78836,1.50,1.50
2012.07.04 17:31:30.974,0.78814,0.78836,1.50,1.50
2012.07.04 17:31:31.445,0.78813,0.78836,1.50,1.50
2012.07.04 17:31:31.695,0.78812,0.78832,3.00,1.50
2012.07.04 17:31:34.707,0.78809,0.78834,1.13,3.00
2012.07.04 17:31:35.338,0.78808,0.78831,1.13,1.50
2012.07.04 17:31:43.015,0.78807,0.78829,1.13,1.50
2012.07.04 17:31:45.916,0.78805,0.78829,2.25,1.50
2012.07.04 17:31:46.234,0.78805,0.78825,2.25,1.50
2012.07.04 17:31:47.233,0.78805,0.78825,1.50,1.50
2012.07.04 17:31:47.545,0.78804,0.78828,1.13,2.25
2012.07.04 17:31:47.685,0.78804,0.78825,1.13,1.50
2012.07.04 17:31:48.312,0.78802,0.78823,1.50,1.50
2012.07.04 17:31:50.595,0.78802,0.78825,1.88,1.50
2012.07.04 17:31:50.664,0.78805,0.78827,1.13,1.50
2012.07.04 17:31:51.763,0.78805,0.78828,1.13,1.50
2012.07.04 17:31:51.963,0.78806,0.78828,1.13,1.50
2012.07.04 17:32:17.066,0.78805,0.78833,1.13,1.13
2012.07.04 17:32:27.332,0.78808,0.78834,1.13,2.25
2012.07.04 17:32:28.374,0.78808,0.78832,1.13,1.50
2012.07.04 17:32:28.693,0.78803,0.78826,1.13,1.50
2012.07.04 17:32:55.796,0.78802,0.78826,1.13,1.50
2012.07.04 17:32:57.322,0.78802,0.78827,1.88,1.50
2012.07.04 17:32:58.745,0.78803,0.78825,1.13,1.50
2012.07.04 17:32:59.684,0.78803,0.78827,1.13,1.50
2012.07.04 17:32:59.752,0.78803,0.78826,1.13,1.50
2012.07.04 17:33:00.383,0.78803,0.78824,1.13,1.50
2012.07.04 17:33:00.694,0.788,0.78822,2.33,1.50
2012.07.04 17:33:00.882,0.788,0.78819,1.58,1.50
2012.07.04 17:33:01.016,0.78797,0.78819,1.13,1.50
2012.07.04 17:33:01.735,0.78798,0.78822,1.50,1.50
2012.07.04 17:33:01.804,0.788,0.78822,1.13,1.50
2012.07.04 17:33:09.633,0.78798,0.78821,1.88,1.50
2012.07.04 17:33:10.343,0.788,0.78822,1.13,1.50
2012.07.04 17:33:10.852,0.788,0.78821,1.13,1.50
2012.07.04 17:33:11.591,0.78801,0.78822,1.13,1.50
2012.07.04 17:33:15.658,0.78801,0.78823,1.13,1.50
2012.07.04 17:34:21.727,0.78796,0.78825,1.49,1.13
2012.07.04 17:34:32.236,0.78796,0.78825,3.07,1.13
2012.07.04 17:34:37.598,0.78796,0.78823,3.07,1.13
2012.07.04 17:34:48.703,0.78796,0.78824,1.49,1.13
2012.07.04 17:34:49.243,0.78796,0.78824,1.49,1.13
2012.07.04 17:35:02.322,0.78797,0.78824,1.13,1.13
2012.07.04 17:35:45.100,0.78797,0.78822,1.13,1.13
2012.07.04 17:35:52.222,0.78797,0.78822,1.13,1.13
2012.07.04 17:36:37.270,0.78797,0.78823,1.13,1.13
2012.07.04 17:36:57.220,0.78796,0.78822,1.49,1.13
2012.07.04 17:37:07.404,0.78799,0.78826,2.33,1.13
2012.07.04 17:37:07.535,0.78802,0.78828,2.70,2.63
2012.07.04 17:37:07.605,0.78806,0.78827,1.58,1.13
2012.07.04 17:37:07.867,0.78807,0.78838,2.63,1.95
2012.07.04 17:37:17.194,0.78807,0.78838,2.63,1.95
2012.07.04 17:37:20.224,0.78808,0.78838,1.13,1.95
2012.07.04 17:37:20.733,0.78807,0.78838,2.63,1.95
2012.07.04 17:37:27.376,0.78809,0.78837,1.95,1.13
2012.07.04 17:37:27.448,0.78809,0.7884,1.95,2.63
2012.07.04 17:37:29.356,0.7881,0.78842,1.95,1.95
2012.07.04 17:37:37.326,0.7881,0.78842,1.95,1.95
2012.07.04 17:37:50.448,0.7881,0.78839,1.58,1.13
2012.07.04 17:37:50.526,0.78807,0.78837,2.63,1.13
2012.07.04 17:37:51.050,0.78807,0.78837,1.88,1.13
2012.07.04 17:37:53.404,0.78805,0.78833,2.70,1.13
2012.07.04 17:37:53.715,0.78801,0.78822,1.50,1.50
2012.07.04 17:37:53.785,0.78798,0.78821,4.13,1.50
2012.07.04 17:37:54.428,0.78801,0.78821,1.50,1.50
2012.07.04 17:37:55.091,0.78798,0.78821,2.25,1.50
2012.07.04 17:38:00.966,0.78801,0.78822,2.25,1.88
2012.07.04 17:38:01.214,0.78803,0.78825,1.50,2.63
2012.07.04 17:38:21.625,0.78813,0.78825,4.50,2.63
2012.07.04 17:38:21.888,0.78817,0.78832,1.50,2.33
2012.07.04 17:38:22.086,0.78817,0.78832,1.50,1.58
2012.07.04 17:38:22.975,0.78817,0.78835,1.50,2.33
2012.07.04 17:38:23.105,0.78817,0.78839,1.50,1.13
2012.07.04 17:38:31.695,0.78813,0.78843,1.13,2.70
2012.07.04 17:38:31.764,0.78812,0.7884,4.88,1.13
2012.07.04 17:38:31.835,0.78812,0.7884,2.25,1.13
2012.07.04 17:38:37.289,0.78811,0.78841,1.13,4.20
2012.07.04 17:38:47.344,0.7881,0.78841,1.13,4.95
2012.07.04 17:38:57.636,0.7881,0.78841,1.13,4.95
2012.07.04 17:38:57.764,0.7881,0.78838,1.88,4.88
2012.07.04 17:39:57.908,0.78808,0.78836,3.45,1.13
2012.07.04 17:40:33.993,0.78805,0.78837,5.32,1.95
2012.07.04 17:40:35.832,0.78808,0.78835,1.13,1.13
2012.07.04 17:40:36.468,0.78808,0.78835,1.13,1.13
2012.07.04 17:40:59.843,0.78809,0.78836,1.13,1.88
2012.07.04 17:41:00.043,0.78808,0.78836,1.13,1.88
2012.07.04 17:41:06.102,0.78809,0.78836,1.13,1.88
2012.07.04 17:41:16.780,0.78808,0.78836,1.13,1.88
2012.07.04 17:41:27.432,0.78809,0.78836,1.13,1.88
2012.07.04 17:41:37.373,0.78809,0.78835,1.13,1.13
2012.07.04 17:41:55.874,0.78809,0.78836,1.13,1.13
2012.07.04 17:42:27.373,0.78808,0.78835,3.38,1.13
2012.07.04 17:42:31.987,0.78808,0.78836,2.63,1.13
2012.07.04 17:42:37.552,0.78808,0.78837,2.25,1.13
2012.07.04 17:42:55.364,0.78809,0.78835,1.13,1.13
2012.07.04 17:43:55.193,0.78809,0.78834,3.75,1.13
2012.07.04 17:43:57.962,0.78811,0.78836,1.50,1.13
2012.07.04 17:43:58.541,0.78815,0.78837,1.50,1.13
2012.07.04 17:44:34.805,0.78816,0.78841,3.00,1.50
2012.07.04 17:44:35.314,0.78815,0.7884,3.38,1.13
2012.07.04 17:44:42.485,0.78815,0.78839,1.50,1.88
2012.07.04 17:44:44.306,0.78814,0.78839,3.38,1.13
2012.07.04 17:44:44.766,0.78818,0.78841,3.00,1.13
2012.07.04 17:44:45.307,0.78819,0.78842,1.13,1.13
2012.07.04 17:44:49.133,0.78819,0.78843,1.13,1.13
2012.07.04 17:44:49.397,0.78823,0.78845,3.00,1.13
2012.07.04 17:44:49.525,0.78823,0.78846,3.00,1.13
2012.07.04 17:44:52.903,0.78823,0.78845,2.25,1.13
2012.07.04 17:45:01.602,0.78824,0.78846,2.25,1.13
2012.07.04 17:45:02.915,0.78824,0.78844,3.00,1.13
2012.07.04 17:45:03.106,0.78824,0.78844,3.00,1.13
2012.07.04 17:45:07.294,0.78823,0.78844,1.13,1.13
2012.07.04 17:45:09.904,0.78824,0.78844,1.13,1.13
2012.07.04 17:45:09.973,0.78824,0.78845,1.88,1.13
2012.07.04 17:45:11.253,0.78824,0.78845,1.88,1.13
2012.07.04 17:45:27.294,0.78825,0.78845,1.13,1.13
2012.07.04 17:45:49.065,0.78826,0.78845,1.13,1.13
2012.07.04 17:45:49.620,0.78825,0.78845,1.13,1.13
2012.07.04 17:45:57.343,0.78824,0.78845,1.50,1.13
2012.07.04 17:46:09.959,0.78822,0.78847,2.63,1.13
2012.07.04 17:46:13.943,0.78827,0.78847,1.50,1.13
2012.07.04 17:46:14.016,0.78827,0.78847,1.88,1.13
2012.07.04 17:46:14.655,0.78828,0.78849,1.50,1.88
2012.07.04 17:46:17.308,0.78829,0.78849,1.13,1.88
2012.07.04 17:46:22.432,0.78831,0.78849,1.50,1.88
2012.07.04 17:46:22.566,0.78832,0.78854,1.50,1.88
2012.07.04 17:46:23.128,0.78832,0.78854,1.88,1.13
2012.07.04 17:46:23.711,0.78832,0.78854,1.88,1.13
2012.07.04 17:46:50.506,0.78832,0.78851,1.13,1.50
2012.07.04 17:46:50.576,0.78829,0.78849,2.63,1.13
2012.07.04 17:46:57.378,0.78828,0.7885,1.13,1.13
2012.07.04 17:47:09.665,0.78827,0.78849,1.88,1.50
2012.07.04 17:47:09.735,0.78826,0.78848,1.13,1.13
2012.07.04 17:47:09.866,0.78825,0.78846,1.13,1.13
2012.07.04 17:47:11.515,0.78825,0.78845,1.13,1.13
2012.07.04 17:47:28.944,0.78825,0.78845,1.88,1.13
2012.07.04 17:47:29.145,0.78828,0.7885,1.50,1.88
2012.07.04 17:48:07.404,0.78829,0.7885,1.13,1.88
2012.07.04 17:48:27.388,0.78829,0.7885,1.13,1.88
2012.07.04 17:48:47.327,0.78823,0.78852,1.49,1.13
2012.07.04 17:49:23.465,0.78832,0.78853,4.50,2.63
2012.07.04 17:49:23.535,0.78834,0.78853,1.13,2.63
2012.07.04 17:49:24.045,0.78835,0.78852,1.13,1.13
2012.07.04 17:50:08.665,0.7883,0.78852,1.12,1.50
2012.07.04 17:50:08.796,0.78828,0.7885,1.50,1.50
2012.07.04 17:50:10.615,0.78828,0.7885,1.88,1.88
2012.07.04 17:50:22.376,0.78828,0.7885,1.13,1.88
2012.07.04 17:50:22.587,0.78827,0.78846,1.13,1.13
2012.07.04 17:50:22.776,0.78827,0.78846,1.13,1.13
2012.07.04 17:50:22.846,0.78829,0.78848,1.13,1.13
2012.07.04 17:50:22.915,0.78829,0.7885,1.13,1.13
2012.07.04 17:50:37.205,0.78829,0.78851,1.13,5.63
2012.07.04 17:50:57.244,0.78828,0.78851,1.13,5.25
2012.07.04 17:50:57.634,0.78828,0.78851,1.13,1.50
2012.07.04 17:51:07.725,0.78829,0.78854,1.13,1.13
2012.07.04 17:51:07.797,0.7883,0.78855,1.13,2.63
2012.07.04 17:51:10.367,0.78832,0.78856,1.13,1.13
2012.07.04 17:51:10.678,0.78842,0.78864,1.13,2.25
2012.07.04 17:51:10.746,0.78845,0.78863,1.50,2.85
2012.07.04 17:51:11.265,0.7884,0.78859,4.50,1.13
2012.07.04 17:51:12.177,0.7884,0.78859,4.50,1.13
2012.07.04 17:51:12.247,0.78838,0.78858,1.12,1.13
2012.07.04 17:51:12.376,0.78833,0.78857,1.13,1.13
2012.07.04 17:51:14.956,0.78836,0.78858,1.58,3.38
2012.07.04 17:51:16.137,0.78839,0.78858,1.50,3.38
2012.07.04 17:51:16.209,0.7884,0.78863,1.50,2.63
2012.07.04 17:51:26.374,0.7884,0.78863,1.50,1.88
2012.07.04 17:51:26.574,0.7884,0.78862,1.50,1.13
2012.07.04 17:51:29.638,0.7884,0.78862,2.25,1.13
2012.07.04 17:51:29.944,0.78842,0.78864,1.88,1.50
2012.07.04 17:51:30.500,0.78839,0.78863,5.63,1.13
2012.07.04 17:51:34.484,0.78844,0.78864,1.50,1.13
2012.07.04 17:51:34.738,0.78844,0.78865,1.88,1.13
2012.07.04 17:51:35.304,0.78842,0.78864,1.50,2.63
2012.07.04 17:51:35.824,0.78839,0.78863,5.63,1.13
2012.07.04 17:51:47.457,0.7884,0.78861,1.13,1.50
2012.07.04 17:51:47.586,0.78837,0.78858,1.88,1.13
2012.07.04 17:51:47.846,0.78834,0.78858,1.13,3.38
2012.07.04 17:51:48.066,0.7883,0.78858,1.13,4.13
2012.07.04 17:51:48.567,0.7883,0.78858,1.13,4.13
2012.07.04 17:51:51.427,0.78836,0.78858,1.50,3.38
2012.07.04 17:51:51.495,0.78838,0.78858,1.13,3.00
2012.07.04 17:51:51.755,0.78839,0.78862,1.50,1.13
2012.07.04 17:51:59.116,0.78839,0.78861,1.50,1.50
2012.07.04 17:51:59.308,0.78837,0.78859,1.50,1.50
2012.07.04 17:52:08.425,0.78835,0.78859,1.13,2.63
2012.07.04 17:52:08.559,0.78833,0.78855,1.88,1.88
2012.07.04 17:52:08.701,0.78833,0.7885,1.88,1.35
2012.07.04 17:52:09.096,0.78829,0.78849,4.50,1.50
2012.07.04 17:52:09.957,0.78827,0.78847,1.13,1.50
2012.07.04 17:52:10.206,0.78827,0.78849,1.13,1.50
2012.07.04 17:52:10.528,0.78833,0.78851,1.50,1.13
2012.07.04 17:52:10.717,0.78837,0.78859,1.50,1.88
2012.07.04 17:52:10.905,0.78837,0.78859,1.50,1.88
2012.07.04 17:52:12.748,0.78833,0.78856,1.88,1.88
2012.07.04 17:52:13.297,0.78833,0.78854,1.50,1.50
2012.07.04 17:52:15.129,0.78834,0.78854,1.50,1.50
2012.07.04 17:52:15.317,0.78835,0.78858,1.88,2.63
2012.07.04 17:52:15.798,0.78837,0.78858,1.35,1.13
2012.07.04 17:53:00.816,0.78841,0.78861,1.50,1.88
2012.07.04 17:53:05.309,0.78841,0.78862,1.50,1.13
2012.07.04 17:53:07.439,0.78841,0.78862,1.50,1.13
2012.07.04 17:53:11.144,0.78841,0.78862,1.50,4.88
2012.07.04 17:53:11.336,0.78837,0.78859,1.88,1.50
2012.07.04 17:53:31.681,0.78842,0.78862,1.50,1.13
2012.07.04 17:53:49.693,0.78835,0.78847,2.25,1.58
2012.07.04 17:53:50.397,0.78835,0.78855,1.50,1.13
2012.07.04 17:53:50.706,0.78837,0.78858,1.88,1.13
2012.07.04 17:53:52.239,0.78838,0.78861,1.88,1.13
2012.07.04 17:53:52.379,0.78839,0.78862,1.50,1.13
2012.07.04 17:53:57.436,0.7884,0.78862,1.13,1.13
2012.07.04 17:54:04.665,0.7884,0.7886,1.13,1.13
2012.07.04 17:54:04.799,0.78838,0.78859,1.95,1.50
2012.07.04 17:54:08.415,0.78838,0.78859,1.13,1.13
2012.07.04 17:54:08.549,0.78839,0.78862,1.50,1.13
2012.07.04 17:54:08.675,0.78839,0.78862,1.88,1.13
2012.07.04 17:54:10.305,0.7884,0.78862,1.13,1.13
2012.07.04 17:54:17.206,0.78839,0.78862,1.88,1.13
2012.07.04 17:54:42.344,0.78841,0.78862,1.13,1.13
2012.07.04 17:54:43.161,0.78841,0.78862,1.13,1.13
2012.07.04 17:54:47.416,0.7884,0.78862,1.13,1.13
2012.07.04 17:54:52.595,0.7884,0.78862,1.13,1.13
2012.07.04 17:54:53.151,0.7884,0.78862,1.13,1.13
2012.07.04 17:54:56.076,0.7884,0.78862,1.13,1.13
2012.07.04 17:54:56.830,0.7884,0.78862,1.13,1.13
2012.07.04 17:55:08.514,0.78836,0.78865,3.38,1.13
2012.07.04 17:55:09.443,0.78836,0.78865,3.38,1.13
2012.07.04 17:55:15.933,0.78836,0.78865,3.38,1.13
2012.07.04 17:55:22.213,0.78836,0.78865,3.38,1.13
2012.07.04 17:55:37.215,0.78836,0.78867,4.73,3.00
2012.07.04 17:56:18.388,0.7884,0.78867,1.13,3.00
2012.07.04 17:56:18.707,0.78844,0.78865,1.13,1.13
2012.07.04 17:56:25.156,0.78844,0.78862,1.13,4.50
2012.07.04 17:56:25.288,0.7884,0.78859,2.63,1.50
2012.07.04 17:56:25.846,0.78839,0.78859,1.13,1.88
2012.07.04 17:56:26.756,0.78839,0.78859,2.63,1.13
2012.07.04 17:56:26.826,0.78842,0.78862,1.13,1.13
2012.07.04 17:56:27.392,0.78842,0.78862,1.13,1.13
2012.07.04 17:56:47.376,0.78842,0.78863,1.13,1.13
2012.07.04 17:57:13.917,0.78842,0.78862,1.13,1.13
2012.07.04 17:57:14.032,0.78842,0.78862,1.13,1.13
2012.07.04 17:57:26.913,0.78841,0.78863,1.13,1.13
2012.07.04 17:57:28.394,0.78841,0.78865,1.13,1.88
2012.07.04 17:57:28.550,0.78841,0.78863,1.13,1.13
2012.07.04 17:57:29.075,0.78841,0.78865,1.13,1.88
2012.07.04 17:57:37.344,0.78841,0.78863,1.13,1.13
2012.07.04 17:57:38.042,0.78841,0.78863,1.13,1.13
2012.07.04 17:57:43.377,0.78841,0.78865,1.13,1.88
2012.07.04 17:57:43.761,0.78841,0.78863,1.13,1.13
2012.07.04 17:57:44.696,0.78841,0.78864,1.13,1.13
2012.07.04 17:57:44.971,0.78841,0.78863,1.13,1.13
2012.07.04 17:57:45.905,0.78841,0.78864,1.13,1.13
2012.07.04 17:57:45.974,0.78841,0.78863,1.13,1.13
2012.07.04 17:57:46.346,0.78841,0.78865,1.13,1.88
2012.07.04 17:57:46.565,0.78841,0.78863,1.13,1.13
2012.07.04 17:57:47.135,0.78841,0.78865,1.13,1.88
2012.07.04 17:57:47.447,0.78841,0.78863,1.13,1.13
2012.07.04 17:57:50.895,0.78841,0.78865,1.13,1.88
2012.07.04 17:57:51.118,0.78841,0.78865,1.13,1.88
2012.07.04 17:57:55.200,0.78841,0.78863,1.13,1.13
2012.07.04 17:57:55.503,0.78841,0.78865,1.13,1.88
2012.07.04 17:58:02.517,0.78841,0.78866,1.13,1.88
2012.07.04 17:58:02.814,0.78841,0.78863,1.13,1.13
2012.07.04 17:58:07.377,0.78842,0.78863,1.13,1.13
2012.07.04 17:58:08.894,0.78842,0.78866,1.13,1.88
2012.07.04 17:58:12.240,0.78842,0.78864,1.13,1.13
2012.07.04 17:58:13.375,0.78841,0.78863,1.13,1.13
2012.07.04 17:58:13.575,0.78839,0.78866,1.50,1.50
2012.07.04 17:58:46.738,0.78837,0.78867,2.33,3.38
2012.07.04 17:58:47.106,0.78837,0.78867,3.23,3.38
2012.07.04 17:59:06.695,0.78838,0.78867,1.50,4.13
2012.07.04 17:59:06.913,0.78838,0.78866,1.50,1.50
2012.07.04 17:59:07.365,0.78838,0.78866,1.50,1.50
2012.07.04 17:59:13.386,0.78838,0.78866,1.50,1.50
2012.07.04 17:59:13.704,0.78838,0.78866,1.50,1.50
2012.07.04 17:59:14.857,0.78838,0.78866,1.50,1.50
2012.07.04 17:59:22.613,0.78837,0.78867,3.68,3.75
2012.07.04 17:59:22.926,0.78837,0.78867,3.68,3.00
2012.07.04 17:59:25.213,0.78837,0.78867,3.68,3.00
2012.07.04 17:59:34.234,0.78837,0.78865,2.40,1.50
2012.07.04 17:59:34.364,0.78837,0.78865,2.10,1.50
2012.07.04 17:59:45.085,0.78837,0.78865,1.65,1.50
2012.07.04 17:59:51.585,0.78836,0.78865,4.88,1.50
2012.07.04 17:59:51.669,0.78836,0.78865,4.88,1.50
2012.07.04 17:59:52.006,0.78836,0.78865,4.88,1.50
2012.07.04 17:59:52.375,0.78836,0.78864,3.30,1.50
2012.07.04 17:59:53.096,0.78836,0.78864,4.88,1.50
2012.07.04 17:59:53.380,0.78836,0.78864,4.88,1.50
2012.07.04 17:59:53.815,0.78836,0.78864,4.88,1.50
2012.07.04 17:59:57.697,0.78836,0.78864,4.88,1.50
2012.07.04 17:59:57.782,0.78836,0.78864,4.88,1.50
