2008.11.28 19:00:01.979,0.77275,0.77345,2.20,1.80
2008.11.28 19:00:20.374,0.77255,0.77325,2.20,1.00
2008.11.28 19:00:20.845,0.7725,0.7732,3.40,1.00
2008.11.28 19:00:21.124,0.7725,0.7732,2.20,1.00
2008.11.28 19:00:24.063,0.77265,0.7733,2.20,4.00
2008.11.28 19:00:24.243,0.77275,0.7733,1.40,1.00
2008.11.28 19:00:28.792,0.77275,0.77335,1.40,1.00
2008.11.28 19:00:34.471,0.77285,0.7734,1.40,1.60
2008.11.28 19:00:37.740,0.77285,0.7734,1.40,1.00
2008.11.28 19:00:38.550,0.77275,0.77335,2.20,1.80
2008.11.28 19:00:38.730,0.77265,0.7733,2.20,1.00
2008.11.28 19:00:48.977,0.7728,0.7733,1.40,1.00
2008.11.28 19:00:49.138,0.7728,0.77335,1.40,1.00
2008.11.28 19:00:49.437,0.7728,0.7734,1.40,1.60
2008.11.28 19:00:58.325,0.7727,0.7734,2.20,1.00
2008.11.28 19:01:03.794,0.77265,0.7733,5.40,1.00
2008.11.28 19:01:03.914,0.77265,0.7733,2.20,1.00
2008.11.28 19:01:17.191,0.7727,0.77335,2.20,1.20
2008.11.28 19:01:17.401,0.77285,0.7734,1.40,1.00
2008.11.28 19:01:17.891,0.77285,0.77345,1.40,1.60
2008.11.28 19:01:40.885,0.77275,0.77345,5.80,1.60
2008.11.28 19:01:41.005,0.77275,0.77345,3.80,1.60
2008.11.28 19:01:44.004,0.77275,0.7733,2.20,1.00
2008.11.28 19:01:47.993,0.7728,0.7734,1.40,1.00
2008.11.28 19:01:53.082,0.77285,0.7734,2.20,1.00
2008.11.28 19:01:53.242,0.7729,0.77345,1.40,1.00
2008.11.28 19:01:56.062,0.7729,0.77345,3.80,1.00
2008.11.28 19:01:56.171,0.77295,0.7735,1.40,8.00
2008.11.28 19:02:07.478,0.77285,0.7735,3.40,8.00
2008.11.28 19:02:07.718,0.77285,0.7735,2.20,8.00
2008.11.28 19:02:09.398,0.7729,0.7735,2.20,8.00
2008.11.28 19:02:09.628,0.773,0.7735,1.40,8.00
2008.11.28 19:02:31.923,0.7731,0.7735,1.40,8.00
2008.11.28 19:02:32.392,0.7731,0.7735,3.80,8.00
2008.11.28 19:02:37.581,0.7731,0.7735,2.20,8.00
2008.11.28 19:03:05.964,0.7731,0.7735,3.40,8.00
2008.11.28 19:03:06.254,0.77315,0.7735,3.80,8.00
2008.11.28 19:03:07.894,0.7731,0.7735,2.20,8.00
2008.11.28 19:03:31.598,0.77305,0.7735,2.20,8.00
2008.11.28 19:03:34.317,0.773,0.7735,2.40,8.00
2008.11.28 19:03:34.377,0.773,0.7735,2.00,8.00
2008.11.28 19:03:34.487,0.77285,0.7735,12.00,9.00
2008.11.28 19:03:34.648,0.77285,0.7735,10.20,9.00
2008.11.28 19:03:34.707,0.77285,0.7735,2.20,9.00
2008.11.28 19:03:37.917,0.77295,0.7735,2.20,8.00
2008.11.28 19:03:41.546,0.7729,0.7735,2.20,8.00
2008.11.28 19:03:41.886,0.77305,0.7735,3.80,8.00
2008.11.28 19:03:48.094,0.7731,0.7735,1.40,8.00
2008.11.28 19:03:48.214,0.7731,0.7735,3.80,8.00
2008.11.28 19:03:50.844,0.7731,0.7735,1.40,8.00
2008.11.28 19:03:51.013,0.77305,0.7735,2.00,8.00
2008.11.28 19:03:51.133,0.77295,0.7735,2.20,8.00
2008.11.28 19:03:51.363,0.7729,0.7735,2.20,8.00
2008.11.28 19:03:55.422,0.77295,0.7735,2.20,8.00
2008.11.28 19:03:55.482,0.77295,0.7735,3.80,8.00
2008.11.28 19:03:55.532,0.77295,0.7735,5.80,8.00
2008.11.28 19:04:00.471,0.77295,0.7735,4.40,8.00
2008.11.28 19:04:00.531,0.77295,0.7735,2.20,8.00
2008.11.28 19:04:02.521,0.7729,0.7735,2.20,8.00
2008.11.28 19:04:05.920,0.7729,0.77345,2.20,1.00
2008.11.28 19:04:06.040,0.77285,0.77345,2.20,1.00
2008.11.28 19:04:09.279,0.7729,0.7735,1.40,9.00
2008.11.28 19:04:09.399,0.7729,0.7735,1.40,8.00
2008.11.28 19:04:12.028,0.77285,0.77345,4.40,1.00
2008.11.28 19:04:12.268,0.77285,0.77345,2.20,1.00
2008.11.28 19:04:15.357,0.7729,0.7735,1.40,8.00
2008.11.28 19:04:19.267,0.77305,0.7735,1.40,8.00
2008.11.28 19:04:19.667,0.77305,0.7735,3.80,8.00
2008.11.28 19:04:20.576,0.77315,0.7735,1.40,8.00
2008.11.28 19:04:24.135,0.77325,0.7735,1.40,8.00
2008.11.28 19:04:29.414,0.77325,0.7737,1.40,8.80
2008.11.28 19:04:33.233,0.77315,0.7737,4.40,8.80
2008.11.28 19:04:35.453,0.77315,0.7735,4.40,8.00
2008.11.28 19:04:37.112,0.7732,0.7735,4.40,8.00
2008.11.28 19:04:41.621,0.77335,0.7735,1.40,8.00
2008.11.28 19:04:41.851,0.77335,0.77415,1.40,1.60
2008.11.28 19:04:43.231,0.7735,0.774,1.40,1.00
2008.11.28 19:04:43.401,0.77355,0.7741,2.20,1.20
2008.11.28 19:04:43.511,0.77355,0.77425,4.40,10.20
2008.11.28 19:04:43.681,0.77355,0.77425,4.40,1.00
2008.11.28 19:04:50.749,0.77355,0.7742,2.00,1.00
2008.11.28 19:04:50.869,0.7737,0.77425,1.40,1.20
2008.11.28 19:04:51.509,0.7737,0.7744,1.40,1.00
2008.11.28 19:04:53.788,0.7738,0.77435,1.40,2.00
2008.11.28 19:04:53.958,0.77375,0.7743,2.00,1.00
2008.11.28 19:04:54.128,0.7736,0.7743,10.20,1.80
2008.11.28 19:04:54.308,0.7736,0.7743,2.20,1.80
2008.11.28 19:04:56.058,0.7736,0.77415,2.20,1.20
2008.11.28 19:04:56.737,0.7736,0.7743,2.20,1.80
2008.11.28 19:04:57.008,0.77345,0.77415,4.40,1.00
2008.11.28 19:04:57.247,0.77345,0.77415,2.20,1.80
2008.11.28 19:05:08.745,0.77345,0.77405,2.00,1.00
2008.11.28 19:05:08.925,0.77335,0.77405,2.20,1.60
2008.11.28 19:05:15.643,0.7734,0.77405,2.20,1.00
2008.11.28 19:05:15.753,0.77345,0.7741,2.00,2.80
2008.11.28 19:05:15.873,0.77345,0.7741,2.00,1.00
2008.11.28 19:05:16.163,0.77345,0.774,2.00,1.60
2008.11.28 19:05:16.573,0.77335,0.774,2.20,1.60
2008.11.28 19:05:24.571,0.77335,0.774,2.20,2.80
2008.11.28 19:05:24.751,0.77335,0.774,2.20,1.00
2008.11.28 19:05:25.200,0.77345,0.774,1.20,1.00
2008.11.28 19:05:25.371,0.7735,0.7741,2.20,1.20
2008.11.28 19:05:25.541,0.77355,0.77425,2.20,1.00
2008.11.28 19:05:35.738,0.7738,0.77425,1.40,1.00
2008.11.28 19:05:35.848,0.7738,0.7743,1.40,1.20
2008.11.28 19:05:35.898,0.7738,0.77445,1.40,10.20
2008.11.28 19:05:35.958,0.7738,0.77445,1.40,2.20
2008.11.28 19:05:36.188,0.7738,0.77445,1.40,1.00
2008.11.28 19:05:36.308,0.77385,0.7745,1.40,8.00
2008.11.28 19:05:41.587,0.77385,0.7744,4.40,1.00
2008.11.28 19:05:41.817,0.77385,0.7744,2.20,1.00
2008.11.28 19:05:45.936,0.7739,0.7744,2.20,1.00
2008.11.28 19:05:46.166,0.774,0.7745,1.40,9.00
2008.11.28 19:05:46.216,0.774,0.7745,1.40,8.00
2008.11.28 19:05:53.864,0.77395,0.7745,3.80,8.00
2008.11.28 19:05:54.494,0.77415,0.7745,1.40,8.00
2008.11.28 19:05:57.353,0.7742,0.7745,4.40,8.00
2008.11.28 19:05:59.862,0.77415,0.7745,4.40,8.00
2008.11.28 19:06:03.362,0.774,0.7743,9.60,1.20
2008.11.28 19:06:03.531,0.7738,0.7743,2.20,1.20
2008.11.28 19:06:03.711,0.7737,0.7743,1.20,1.20
2008.11.28 19:06:03.931,0.77365,0.7743,2.20,1.20
2008.11.28 19:06:06.131,0.7739,0.7743,2.20,1.20
2008.11.28 19:06:06.371,0.774,0.77445,1.40,8.00
2008.11.28 19:06:06.601,0.774,0.7745,1.40,8.00
2008.11.28 19:06:07.890,0.77415,0.7745,2.20,8.00
2008.11.28 19:06:08.110,0.7742,0.7745,1.40,8.00
2008.11.28 19:06:08.690,0.77405,0.7744,2.20,1.20
2008.11.28 19:06:10.640,0.77425,0.7744,1.40,1.20
2008.11.28 19:06:10.749,0.77425,0.7745,1.40,8.00
2008.11.28 19:06:10.800,0.77415,0.7745,4.40,8.00
2008.11.28 19:06:11.319,0.7742,0.7745,2.20,8.00
2008.11.28 19:06:11.439,0.77425,0.7745,1.40,8.00
2008.11.28 19:06:11.849,0.7742,0.7745,4.40,8.00
2008.11.28 19:06:13.529,0.7742,0.7745,2.20,8.00
2008.11.28 19:06:13.999,0.7742,0.7745,4.40,8.00
2008.11.28 19:06:16.628,0.7742,0.7745,2.20,8.00
2008.11.28 19:06:17.028,0.7742,0.7745,4.40,8.00
2008.11.28 19:06:18.857,0.7742,0.7745,2.00,8.00
2008.11.28 19:06:19.028,0.77405,0.7744,2.20,1.20
2008.11.28 19:06:19.308,0.7742,0.7744,1.20,1.20
2008.11.28 19:06:19.478,0.77435,0.7744,1.40,1.20
2008.11.28 19:06:21.537,0.77425,0.7743,2.50,1.20
2008.11.28 19:06:21.818,0.77425,0.7743,2.20,1.20
2008.11.28 19:06:22.047,0.77415,0.7743,2.20,1.20
2008.11.28 19:06:22.377,0.7741,0.7744,2.20,1.20
2008.11.28 19:06:22.647,0.7741,0.77445,2.20,1.20
2008.11.28 19:06:23.916,0.77405,0.7744,2.20,1.20
2008.11.28 19:06:28.555,0.7742,0.7744,1.40,1.20
2008.11.28 19:06:28.725,0.7742,0.7745,1.40,8.00
2008.11.28 19:06:35.224,0.7742,0.7745,3.80,8.00
2008.11.28 19:06:35.274,0.7742,0.7745,2.20,8.00
2008.11.28 19:06:35.853,0.77425,0.7745,3.80,8.00
2008.11.28 19:06:37.763,0.7743,0.7745,3.80,8.00
2008.11.28 19:06:40.562,0.7742,0.7745,3.00,8.00
2008.11.28 19:06:40.962,0.77425,0.7751,2.00,1.60
2008.11.28 19:06:41.023,0.77435,0.7751,1.40,1.00
2008.11.28 19:06:41.132,0.77435,0.77515,1.40,1.60
2008.11.28 19:06:43.632,0.77435,0.77495,1.40,1.60
2008.11.28 19:06:43.911,0.77435,0.77495,1.40,1.00
2008.11.28 19:06:44.032,0.77435,0.775,1.40,1.60
2008.11.28 19:06:49.180,0.77435,0.77495,1.40,1.00
2008.11.28 19:06:49.520,0.77435,0.77495,1.40,1.60
2008.11.28 19:06:52.110,0.77425,0.7748,2.00,1.00
2008.11.28 19:06:52.390,0.77425,0.77475,2.00,1.00
2008.11.28 19:06:52.620,0.7741,0.77475,2.00,1.00
2008.11.28 19:06:52.859,0.7741,0.77465,2.00,1.00
2008.11.28 19:06:53.089,0.77425,0.77465,2.00,1.00
2008.11.28 19:06:55.679,0.77425,0.7747,2.00,1.60
2008.11.28 19:06:55.859,0.77405,0.77455,2.20,1.20
2008.11.28 19:06:56.199,0.7741,0.7747,1.40,1.00
2008.11.28 19:06:56.429,0.774,0.7747,5.80,1.00
2008.11.28 19:06:56.718,0.774,0.7747,3.80,1.80
2008.11.28 19:06:57.169,0.774,0.7747,5.80,1.00
2008.11.28 19:06:57.748,0.774,0.77465,1.40,1.00
2008.11.28 19:06:58.848,0.774,0.77465,3.60,1.00
2008.11.28 19:07:00.948,0.7741,0.77465,1.40,1.00
2008.11.28 19:07:02.397,0.7742,0.77465,1.40,1.00
2008.11.28 19:07:02.808,0.7742,0.77475,1.40,1.00
2008.11.28 19:07:03.167,0.7742,0.7748,1.40,1.00
2008.11.28 19:07:03.607,0.7742,0.7748,1.40,1.80
2008.11.28 19:07:04.127,0.7742,0.7748,1.40,1.00
2008.11.28 19:07:04.697,0.7742,0.7748,1.40,1.80
2008.11.28 19:07:06.356,0.7741,0.7747,1.40,1.00
2008.11.28 19:07:06.596,0.7741,0.77465,1.40,1.20
2008.11.28 19:07:07.116,0.7741,0.77465,1.40,1.80
2008.11.28 19:07:07.746,0.7742,0.7747,1.40,1.00
2008.11.28 19:07:08.896,0.7742,0.77475,1.40,1.20
2008.11.28 19:07:09.175,0.7742,0.7748,1.40,1.60
2008.11.28 19:07:09.695,0.7741,0.77475,1.40,1.00
2008.11.28 19:07:14.274,0.7741,0.7747,1.40,1.00
2008.11.28 19:07:14.495,0.7741,0.7747,1.40,1.60
2008.11.28 19:07:20.823,0.7741,0.7746,1.40,2.00
2008.11.28 19:07:20.883,0.774,0.77455,2.00,1.00
2008.11.28 19:07:20.943,0.77385,0.7745,12.00,1.20
2008.11.28 19:07:21.062,0.77385,0.7745,2.20,1.20
2008.11.28 19:07:21.183,0.774,0.7745,2.20,1.20
2008.11.28 19:07:21.353,0.77415,0.7745,1.40,1.20
2008.11.28 19:07:21.472,0.77415,0.7747,1.40,1.00
2008.11.28 19:07:22.912,0.7738,0.7745,2.20,1.20
2008.11.28 19:07:24.182,0.77375,0.7744,2.20,1.20
2008.11.28 19:07:24.582,0.77375,0.7744,2.20,1.80
2008.11.28 19:07:28.011,0.77375,0.7744,2.20,1.00
2008.11.28 19:07:29.141,0.7737,0.7744,2.20,1.00
2008.11.28 19:07:29.321,0.77395,0.77455,1.40,1.00
2008.11.28 19:07:29.730,0.7739,0.77455,1.40,1.60
2008.11.28 19:07:31.920,0.77385,0.7745,4.40,1.00
2008.11.28 19:07:32.030,0.7737,0.7744,2.20,1.80
2008.11.28 19:07:32.260,0.7737,0.77435,2.20,1.00
2008.11.28 19:07:32.440,0.7737,0.7743,2.20,2.00
2008.11.28 19:07:32.670,0.77355,0.77425,4.40,1.00
2008.11.28 19:07:32.780,0.77355,0.77425,2.20,1.00
2008.11.28 19:07:37.309,0.7735,0.77415,8.00,1.00
2008.11.28 19:07:37.708,0.7735,0.7742,10.20,1.60
2008.11.28 19:07:39.838,0.7736,0.7742,2.20,1.00
2008.11.28 19:07:40.058,0.7738,0.7743,1.40,1.00
2008.11.28 19:07:46.856,0.77365,0.7742,2.00,1.60
2008.11.28 19:07:47.086,0.7735,0.7742,11.80,1.60
2008.11.28 19:07:47.306,0.7735,0.77415,9.40,1.00
2008.11.28 19:07:51.605,0.77365,0.77415,1.40,1.00
2008.11.28 19:07:51.825,0.77365,0.77425,1.40,1.00
2008.11.28 19:08:07.712,0.7736,0.77415,1.40,1.00
2008.11.28 19:08:17.359,0.7736,0.7741,1.40,1.00
2008.11.28 19:08:17.629,0.7735,0.7741,8.00,2.80
2008.11.28 19:08:18.039,0.7735,0.77405,8.00,1.00
2008.11.28 19:08:37.704,0.7735,0.77395,8.00,8.00
2008.11.28 19:08:37.874,0.7735,0.77375,8.00,1.00
2008.11.28 19:08:37.984,0.77295,0.77375,2.20,1.00
2008.11.28 19:08:40.024,0.7733,0.7738,3.80,1.20
2008.11.28 19:08:40.253,0.7733,0.774,3.80,1.00
2008.11.28 19:08:44.222,0.77335,0.774,1.40,1.00
2008.11.28 19:08:44.762,0.77335,0.77405,3.80,1.00
2008.11.28 19:08:52.830,0.7734,0.7741,3.80,8.80
2008.11.28 19:08:55.060,0.7735,0.7741,1.40,8.80
2008.11.28 19:09:12.406,0.7735,0.7741,1.40,9.60
2008.11.28 19:09:25.582,0.77345,0.77405,1.40,1.00
2008.11.28 19:09:25.753,0.77355,0.7741,1.40,9.60
2008.11.28 19:09:29.072,0.77355,0.7741,1.40,8.80
2008.11.28 19:09:29.521,0.7736,0.7741,1.40,8.00
2008.11.28 19:09:33.181,0.77365,0.7741,1.40,8.00
2008.11.28 19:09:36.150,0.77345,0.7741,3.80,8.00
2008.11.28 19:09:39.469,0.77345,0.7741,1.40,8.80
2008.11.28 19:09:39.859,0.77355,0.7741,1.40,8.80
2008.11.28 19:09:40.019,0.7736,0.7741,1.40,8.80
2008.11.28 19:09:40.129,0.7736,0.7741,3.80,8.00
2008.11.28 19:09:40.249,0.77365,0.7741,2.00,8.00
2008.11.28 19:09:41.399,0.7736,0.7741,2.00,8.00
2008.11.28 19:09:43.608,0.77355,0.7741,4.40,8.00
2008.11.28 19:09:50.047,0.77365,0.7741,3.60,8.00
2008.11.28 19:10:11.292,0.77385,0.7741,1.40,8.00
2008.11.28 19:10:14.401,0.7738,0.7741,2.00,8.00
2008.11.28 19:10:17.060,0.77365,0.7741,12.00,8.00
2008.11.28 19:10:17.290,0.77365,0.7741,2.20,8.00
2008.11.28 19:10:17.460,0.7736,0.7741,2.20,8.00
2008.11.28 19:10:28.097,0.77385,0.7741,1.40,8.00
2008.11.28 19:10:28.387,0.77385,0.7745,1.40,1.00
2008.11.28 19:10:28.788,0.7736,0.77445,9.60,1.80
2008.11.28 19:10:29.007,0.7735,0.7742,2.20,8.00
2008.11.28 19:10:29.357,0.7736,0.7742,3.40,8.00
2008.11.28 19:10:29.467,0.7736,0.7742,2.20,8.00
2008.11.28 19:10:32.306,0.77385,0.7741,1.40,8.00
2008.11.28 19:10:32.487,0.7737,0.7741,4.40,8.00
2008.11.28 19:10:34.977,0.7739,0.7741,1.40,8.00
2008.11.28 19:10:35.145,0.7738,0.7741,2.20,8.00
2008.11.28 19:10:35.716,0.7737,0.7741,2.20,8.00
2008.11.28 19:10:36.126,0.7736,0.7741,2.20,8.00
2008.11.28 19:10:37.535,0.77385,0.7745,1.40,1.00
2008.11.28 19:10:38.015,0.7736,0.7742,10.80,8.00
2008.11.28 19:10:49.402,0.7738,0.7741,1.40,8.00
2008.11.28 19:10:58.810,0.77375,0.7741,2.00,8.00
2008.11.28 19:10:59.110,0.77365,0.7741,2.20,8.00
2008.11.28 19:11:03.879,0.7736,0.7741,2.20,8.00
2008.11.28 19:11:12.387,0.7737,0.7741,2.20,8.00
2008.11.28 19:11:12.557,0.7739,0.7741,1.40,8.00
2008.11.28 19:11:15.606,0.7739,0.7745,1.40,1.20
2008.11.28 19:11:39.340,0.77375,0.77435,2.00,1.00
2008.11.28 19:11:39.570,0.77365,0.7742,3.80,8.00
2008.11.28 19:11:47.558,0.7738,0.7741,1.40,8.00
2008.11.28 19:11:50.457,0.7738,0.7741,2.20,8.00
2008.11.28 19:11:51.767,0.77375,0.7741,5.40,8.00
2008.11.28 19:11:51.817,0.77375,0.7741,4.40,8.00
2008.11.28 19:11:51.927,0.77385,0.7741,1.40,8.00
2008.11.28 19:11:55.356,0.77385,0.7745,1.40,1.00
2008.11.28 19:12:00.805,0.7739,0.7744,1.40,1.00
2008.11.28 19:12:01.155,0.7739,0.7742,1.40,8.00
2008.11.28 19:12:04.204,0.7739,0.7745,1.40,1.00
2008.11.28 19:12:30.768,0.7739,0.7744,1.40,2.20
2008.11.28 19:12:30.878,0.77375,0.7744,4.40,3.00
2008.11.28 19:12:31.057,0.77365,0.7742,11.20,8.00
2008.11.28 19:12:31.348,0.77365,0.7742,3.20,8.00
2008.11.28 19:12:31.528,0.77365,0.7742,1.40,8.00
2008.11.28 19:12:34.987,0.7738,0.7741,1.40,8.00
2008.11.28 19:12:37.666,0.7739,0.7741,2.20,8.00
2008.11.28 19:12:37.786,0.77405,0.7745,1.40,1.00
2008.11.28 19:12:38.906,0.7741,0.7742,1.40,8.00
2008.11.28 19:12:39.136,0.7741,0.7748,1.40,1.60
2008.11.28 19:12:40.505,0.77375,0.77445,9.60,1.00
2008.11.28 19:12:40.665,0.77375,0.7744,9.60,2.00
2008.11.28 19:12:40.785,0.77365,0.7743,3.60,1.00
2008.11.28 19:12:40.845,0.77365,0.7743,1.40,1.00
2008.11.28 19:12:41.195,0.7737,0.7744,1.40,1.00
2008.11.28 19:12:42.415,0.7738,0.77445,3.80,1.00
2008.11.28 19:12:42.566,0.7739,0.77445,1.40,1.00
2008.11.28 19:12:44.894,0.7739,0.77455,3.80,3.80
2008.11.28 19:12:45.124,0.77405,0.77455,1.40,1.00
2008.11.28 19:12:48.183,0.7742,0.77465,1.40,2.00
2008.11.28 19:12:48.423,0.7742,0.7747,1.40,1.00
2008.11.28 19:12:49.633,0.7744,0.7748,1.40,8.00
2008.11.28 19:12:50.673,0.7744,0.7748,1.40,8.80
2008.11.28 19:12:50.843,0.774,0.77475,12.00,1.20
2008.11.28 19:12:51.013,0.774,0.77475,2.20,1.20
2008.11.28 19:12:51.463,0.7737,0.77455,11.20,1.00
2008.11.28 19:12:51.633,0.7737,0.77455,9.40,1.00
2008.11.28 19:12:51.743,0.7737,0.77455,1.40,1.00
2008.11.28 19:12:53.372,0.77385,0.77445,1.20,1.00
2008.11.28 19:12:53.662,0.7739,0.7746,2.20,1.80
2008.11.28 19:12:53.942,0.77395,0.7746,2.00,1.00
2008.11.28 19:12:56.322,0.7738,0.77445,11.20,1.00
2008.11.28 19:12:56.611,0.7738,0.77445,1.40,1.00
2008.11.28 19:12:56.952,0.77395,0.7746,2.20,1.80
2008.11.28 19:12:57.131,0.77415,0.7746,1.40,1.20
2008.11.28 19:12:57.411,0.77415,0.7747,3.80,1.00
2008.11.28 19:12:57.641,0.77425,0.7748,1.40,9.80
2008.11.28 19:12:57.941,0.77425,0.7748,1.40,8.80
2008.11.28 19:12:58.641,0.77415,0.77475,2.00,1.00
2008.11.28 19:12:58.761,0.77405,0.77475,2.20,1.80
2008.11.28 19:12:59.801,0.77405,0.77475,2.20,1.00
2008.11.28 19:13:00.900,0.774,0.77455,2.00,1.00
2008.11.28 19:13:01.070,0.77395,0.77455,1.40,1.00
2008.11.28 19:13:03.100,0.77395,0.77465,3.80,1.00
2008.11.28 19:13:03.340,0.774,0.77465,2.00,1.00
2008.11.28 19:13:03.690,0.774,0.7746,2.00,1.00
2008.11.28 19:13:04.100,0.77395,0.7746,4.40,1.00
2008.11.28 19:13:05.379,0.77395,0.77455,2.00,1.00
2008.11.28 19:13:05.729,0.7739,0.77455,2.00,1.00
2008.11.28 19:13:06.059,0.7739,0.7746,4.40,2.80
2008.11.28 19:13:06.169,0.7739,0.7746,4.40,1.00
2008.11.28 19:13:06.619,0.77405,0.7746,1.40,1.00
2008.11.28 19:13:06.789,0.77405,0.7747,1.40,1.00
2008.11.28 19:13:08.239,0.77405,0.7747,4.40,1.00
2008.11.28 19:13:08.349,0.77405,0.7746,2.00,1.00
2008.11.28 19:13:08.528,0.77395,0.7746,12.00,1.00
2008.11.28 19:13:08.639,0.77395,0.7746,2.20,1.00
2008.11.28 19:13:10.958,0.774,0.7746,1.20,1.00
2008.11.28 19:13:11.018,0.77415,0.7747,1.40,1.20
2008.11.28 19:13:11.138,0.77415,0.7748,1.40,8.80
2008.11.28 19:13:14.597,0.77425,0.77475,1.40,1.00
2008.11.28 19:13:15.677,0.77425,0.7748,1.40,9.60
2008.11.28 19:13:50.138,0.77425,0.77465,1.40,1.00
2008.11.28 19:13:50.429,0.77385,0.77465,12.00,1.00
2008.11.28 19:13:50.548,0.77385,0.77465,2.20,1.00
2008.11.28 19:13:53.008,0.77395,0.77465,3.80,1.00
2008.11.28 19:13:59.646,0.7742,0.7748,1.40,8.80
2008.11.28 19:14:06.094,0.7743,0.7748,1.40,8.00
2008.11.28 19:14:06.205,0.7744,0.7748,1.40,8.00
2008.11.28 19:14:08.704,0.774,0.77475,10.20,1.20
2008.11.28 19:14:08.874,0.774,0.77475,2.20,1.20
2008.11.28 19:14:11.323,0.77425,0.77475,1.40,1.20
2008.11.28 19:14:11.383,0.77425,0.7748,1.40,8.80
2008.11.28 19:14:20.241,0.77415,0.7748,2.00,8.80
2008.11.28 19:14:28.259,0.7741,0.77475,2.20,1.20
2008.11.28 19:14:31.938,0.77405,0.77475,2.20,1.00
2008.11.28 19:14:38.337,0.77405,0.77475,3.40,1.00
2008.11.28 19:14:38.577,0.77425,0.7748,1.40,8.80
2008.11.28 19:14:39.046,0.77425,0.7748,1.40,8.00
2008.11.28 19:14:42.726,0.7744,0.7748,1.40,8.00
2008.11.28 19:14:45.555,0.77425,0.7748,3.60,8.00
2008.11.28 19:14:45.675,0.77425,0.7748,1.40,8.00
2008.11.28 19:14:48.274,0.7744,0.7748,1.40,8.00
2008.11.28 19:15:07.551,0.77435,0.7748,4.40,8.00
2008.11.28 19:15:11.089,0.7744,0.7748,2.20,8.00
2008.11.28 19:15:11.669,0.77425,0.7748,2.20,8.00
2008.11.28 19:15:16.698,0.77425,0.77475,2.20,1.20
2008.11.28 19:15:16.758,0.7741,0.77475,2.20,1.20
2008.11.28 19:15:20.877,0.7741,0.7747,2.20,1.20
2008.11.28 19:15:21.037,0.7741,0.77475,2.20,1.20
2008.11.28 19:15:22.026,0.77425,0.77475,1.40,1.20
2008.11.28 19:15:22.257,0.77425,0.7748,1.40,8.00
2008.11.28 19:15:23.256,0.77445,0.7748,1.40,8.00
2008.11.28 19:15:28.984,0.7745,0.7748,1.40,8.00
2008.11.28 19:15:33.273,0.77455,0.7748,1.40,8.00
2008.11.28 19:15:36.613,0.77455,0.775,1.40,24.00
2008.11.28 19:15:37.312,0.7745,0.775,1.40,24.00
2008.11.28 19:15:37.543,0.7745,0.7748,1.40,8.00
2008.11.28 19:15:37.833,0.77455,0.7748,1.40,8.00
2008.11.28 19:15:40.912,0.77455,0.775,1.40,24.00
2008.11.28 19:15:43.851,0.7746,0.775,1.40,24.00
2008.11.28 19:15:44.031,0.7746,0.7748,1.40,8.00
2008.11.28 19:15:47.260,0.7746,0.775,1.40,24.00
2008.11.28 19:15:53.949,0.7745,0.775,1.40,24.00
2008.11.28 19:15:54.288,0.7745,0.7748,1.40,8.00
2008.11.28 19:15:59.517,0.7744,0.7748,1.40,8.00
2008.11.28 19:16:04.606,0.77435,0.7748,2.20,8.00
2008.11.28 19:16:04.726,0.7743,0.7748,3.80,8.00
2008.11.28 19:16:07.415,0.7742,0.77475,3.60,1.60
2008.11.28 19:16:07.475,0.77415,0.7747,1.40,1.00
2008.11.28 19:16:24.731,0.77415,0.77475,1.40,1.60
2008.11.28 19:16:25.071,0.77405,0.77465,3.60,1.00
2008.11.28 19:16:25.241,0.77405,0.77465,1.40,1.00
2008.11.28 19:16:25.831,0.77405,0.77465,1.40,2.40
2008.11.28 19:16:26.071,0.77405,0.77465,1.40,3.80
2008.11.28 19:16:28.530,0.77405,0.77465,3.80,3.80
2008.11.28 19:16:28.770,0.7741,0.77465,1.40,1.00
2008.11.28 19:16:29.680,0.77415,0.7747,1.40,1.00
2008.11.28 19:16:29.970,0.77415,0.7745,1.40,1.00
2008.11.28 19:16:30.090,0.774,0.77445,2.00,1.00
2008.11.28 19:16:30.390,0.77365,0.77445,1.40,1.00
2008.11.28 19:16:34.489,0.7737,0.77425,2.20,1.00
2008.11.28 19:16:34.669,0.77365,0.77425,1.40,1.00
2008.11.28 19:16:36.058,0.7737,0.7743,1.40,4.60
2008.11.28 19:16:36.178,0.7737,0.7743,1.40,3.80
2008.11.28 19:16:38.128,0.7737,0.7743,1.40,2.20
2008.11.28 19:16:38.418,0.7737,0.7743,1.40,1.00
2008.11.28 19:16:43.437,0.77365,0.77425,1.40,1.00
2008.11.28 19:16:49.775,0.7736,0.77415,1.40,1.00
2008.11.28 19:16:53.684,0.77355,0.7741,2.20,1.00
2008.11.28 19:16:54.084,0.7735,0.7741,9.60,1.00
2008.11.28 19:16:57.573,0.77355,0.7741,1.40,1.00
2008.11.28 19:16:57.683,0.7735,0.77395,8.00,1.00
2008.11.28 19:17:06.411,0.77395,0.77425,2.00,1.00
2008.11.28 19:17:06.931,0.77395,0.7743,2.00,1.00
2008.11.28 19:17:07.921,0.7738,0.7741,9.60,1.00
2008.11.28 19:17:08.261,0.77345,0.7741,1.40,1.00
2008.11.28 19:17:09.750,0.77355,0.7741,3.80,1.00
2008.11.28 19:17:15.039,0.77355,0.77425,2.20,1.80
2008.11.28 19:17:15.929,0.7736,0.77425,2.20,1.20
2008.11.28 19:17:16.318,0.7736,0.7743,2.20,1.00
2008.11.28 19:17:16.499,0.77355,0.7742,2.00,1.00
2008.11.28 19:17:16.679,0.7735,0.7742,10.40,1.00
2008.11.28 19:17:17.548,0.7738,0.7742,2.00,1.00
2008.11.28 19:17:17.829,0.7738,0.77425,2.00,1.00
2008.11.28 19:17:23.627,0.77405,0.7744,2.00,1.00
2008.11.28 19:17:23.857,0.77405,0.77445,2.00,1.00
2008.11.28 19:17:25.656,0.77405,0.7745,2.00,8.80
2008.11.28 19:17:26.416,0.774,0.7745,1.40,8.80
2008.11.28 19:17:26.716,0.77405,0.7745,2.00,8.80
2008.11.28 19:17:45.861,0.77405,0.7745,2.00,8.00
2008.11.28 19:18:15.934,0.7739,0.7745,13.60,8.00
2008.11.28 19:18:15.984,0.7739,0.7745,5.60,8.00
2008.11.28 19:18:16.214,0.7739,0.7745,3.80,8.00
2008.11.28 19:18:22.882,0.7739,0.7745,1.40,8.00
2008.11.28 19:18:23.172,0.77385,0.7745,3.80,8.80
2008.11.28 19:18:23.632,0.7738,0.7743,1.20,1.00
2008.11.28 19:18:23.802,0.77375,0.7743,3.80,1.00
2008.11.28 19:18:25.812,0.7738,0.77435,3.80,1.00
2008.11.28 19:18:33.170,0.7737,0.77425,2.20,1.00
2008.11.28 19:18:47.057,0.7737,0.7742,2.20,1.00
2008.11.28 19:19:03.322,0.7737,0.7742,3.80,1.00
2008.11.28 19:19:13.440,0.7737,0.7741,2.20,1.00
2008.11.28 19:19:13.620,0.77365,0.7741,2.20,1.00
2008.11.28 19:19:30.947,0.77365,0.77415,3.80,1.00
2008.11.28 19:19:31.526,0.77365,0.77415,2.20,1.00
2008.11.28 19:19:33.885,0.7736,0.77415,3.80,1.00
2008.11.28 19:19:47.052,0.77375,0.77425,1.40,1.00
2008.11.28 19:19:52.761,0.7736,0.77415,5.80,1.00
2008.11.28 19:19:53.111,0.7736,0.77415,3.80,1.00
2008.11.28 19:20:06.647,0.7736,0.7741,3.80,1.00
2008.11.28 19:20:06.827,0.7736,0.7741,1.40,1.00
2008.11.28 19:20:13.986,0.7736,0.77415,1.40,1.00
2008.11.28 19:20:14.225,0.7736,0.77415,3.80,1.00
2008.11.28 19:20:18.235,0.77365,0.7742,1.40,1.00
2008.11.28 19:20:18.795,0.7737,0.7742,1.40,1.00
2008.11.28 19:20:20.844,0.77365,0.7742,3.80,1.00
2008.11.28 19:20:33.621,0.77365,0.7742,2.20,1.00
2008.11.28 19:20:50.367,0.7736,0.7742,3.80,1.00
2008.11.28 19:20:51.176,0.7736,0.7741,3.80,1.00
2008.11.28 19:20:53.116,0.7736,0.7741,1.40,1.00
2008.11.28 19:20:55.726,0.7736,0.7742,1.40,1.00
2008.11.28 19:20:56.075,0.7736,0.7741,1.40,1.00
2008.11.28 19:20:58.925,0.77355,0.7741,2.20,1.00
2008.11.28 19:20:59.195,0.7735,0.774,3.80,1.00
2008.11.28 19:21:00.204,0.7735,0.7741,3.80,1.00
2008.11.28 19:21:02.614,0.77355,0.77415,1.40,1.00
2008.11.28 19:21:02.794,0.77355,0.77415,3.80,1.00
2008.11.28 19:21:03.144,0.77355,0.77415,4.80,1.00
2008.11.28 19:21:03.504,0.7736,0.77415,2.20,1.00
2008.11.28 19:21:15.161,0.77355,0.77415,4.80,1.00
2008.11.28 19:21:15.381,0.77355,0.7741,3.80,1.00
2008.11.28 19:21:15.781,0.77355,0.7741,2.20,1.00
2008.11.28 19:21:30.747,0.7736,0.7741,3.80,1.00
2008.11.28 19:21:33.496,0.7736,0.77415,3.80,1.00
2008.11.28 19:21:44.134,0.77365,0.77415,2.20,1.00
2008.11.28 19:21:44.414,0.77375,0.77425,3.80,1.00
2008.11.28 19:21:50.263,0.7738,0.7743,1.40,1.00
2008.11.28 19:21:50.502,0.7738,0.77435,3.80,1.00
2008.11.28 19:21:51.302,0.7738,0.77435,4.80,1.00
2008.11.28 19:21:51.422,0.77385,0.7744,3.80,1.00
2008.11.28 19:21:52.042,0.77385,0.77445,3.80,1.00
2008.11.28 19:21:52.512,0.7739,0.77445,2.20,1.20
2008.11.28 19:21:53.512,0.7739,0.7745,2.20,16.00
2008.11.28 19:21:58.020,0.7739,0.7745,3.80,16.00
2008.11.28 19:21:58.370,0.77385,0.7745,5.80,16.00
2008.11.28 19:21:58.591,0.77385,0.7745,3.80,16.00
2008.11.28 19:22:00.660,0.7738,0.7744,4.40,1.00
2008.11.28 19:22:00.720,0.7738,0.7744,2.20,1.00
2008.11.28 19:22:02.039,0.77385,0.7744,2.20,1.00
2008.11.28 19:22:03.709,0.7738,0.77445,2.20,1.00
2008.11.28 19:22:04.739,0.7738,0.7745,3.80,17.60
2008.11.28 19:22:14.636,0.7738,0.7744,3.80,1.20
2008.11.28 19:22:14.866,0.7738,0.7745,3.80,17.60
2008.11.28 19:22:18.416,0.7738,0.77445,2.20,1.00
2008.11.28 19:22:20.715,0.7738,0.7744,2.20,1.00
2008.11.28 19:22:20.945,0.7738,0.77445,2.20,1.00
2008.11.28 19:22:23.314,0.7738,0.7744,2.20,1.00
2008.11.28 19:22:24.014,0.77375,0.7744,3.80,1.00
2008.11.28 19:22:28.623,0.77375,0.77435,2.20,1.00
2008.11.28 19:22:45.479,0.77365,0.77435,2.20,1.60
2008.11.28 19:22:45.759,0.77365,0.77415,2.20,1.00
2008.11.28 19:22:45.989,0.77355,0.77415,2.20,1.00
2008.11.28 19:22:46.768,0.77355,0.77415,3.80,1.00
2008.11.28 19:22:47.059,0.77355,0.7741,1.40,1.00
2008.11.28 19:22:47.359,0.7736,0.7742,3.80,2.20
2008.11.28 19:22:47.648,0.7736,0.7742,3.80,1.00
2008.11.28 19:22:47.869,0.77365,0.77425,3.80,3.80
2008.11.28 19:22:48.098,0.77365,0.77435,2.20,4.60
2008.11.28 19:22:48.448,0.77365,0.77435,2.20,2.80
2008.11.28 19:22:49.658,0.7736,0.7743,2.20,1.60
2008.11.28 19:22:49.828,0.7736,0.7743,2.20,2.80
2008.11.28 19:22:52.477,0.77365,0.7743,2.20,1.80
2008.11.28 19:22:52.707,0.7737,0.7743,1.40,1.20
2008.11.28 19:22:52.817,0.7737,0.77435,1.40,4.60
2008.11.28 19:22:55.736,0.7737,0.77435,3.80,3.80
2008.11.28 19:22:57.566,0.7737,0.77435,3.80,1.00
2008.11.28 19:22:59.786,0.7737,0.77425,2.20,1.00
2008.11.28 19:23:00.296,0.77365,0.77425,2.20,1.00
2008.11.28 19:23:00.515,0.77365,0.7743,3.80,1.00
2008.11.28 19:23:00.635,0.77365,0.7743,3.80,2.20
2008.11.28 19:23:00.756,0.77365,0.7743,3.80,3.80
2008.11.28 19:23:10.603,0.7737,0.7743,2.20,3.80
2008.11.28 19:23:10.833,0.77385,0.7743,1.40,1.60
2008.11.28 19:23:10.893,0.77385,0.77435,1.40,3.00
2008.11.28 19:23:11.113,0.7739,0.77435,1.40,3.00
2008.11.28 19:23:11.233,0.7739,0.77435,1.40,1.40
2008.11.28 19:23:11.393,0.7739,0.77445,1.40,3.80
2008.11.28 19:23:15.452,0.774,0.77445,1.40,3.00
2008.11.28 19:23:15.572,0.774,0.7745,1.40,24.00
2008.11.28 19:23:16.371,0.774,0.77445,1.40,1.00
2008.11.28 19:23:16.541,0.7739,0.77445,2.00,1.00
2008.11.28 19:23:16.711,0.77375,0.77445,12.00,1.00
2008.11.28 19:23:16.941,0.77375,0.77445,2.20,1.60
2008.11.28 19:23:17.102,0.77375,0.7744,2.20,1.00
2008.11.28 19:23:19.451,0.77375,0.7744,2.20,1.60
2008.11.28 19:23:19.741,0.7737,0.77435,3.80,1.00
2008.11.28 19:23:20.210,0.77375,0.7744,2.20,1.00
2008.11.28 19:23:20.501,0.77395,0.77445,1.40,4.80
2008.11.28 19:23:20.671,0.77395,0.77445,1.40,3.80
2008.11.28 19:23:22.360,0.77395,0.7745,1.40,25.60
2008.11.28 19:23:22.540,0.774,0.7745,1.40,24.80
2008.11.28 19:23:29.598,0.77395,0.77445,1.40,1.00
2008.11.28 19:23:29.878,0.7738,0.77435,2.00,1.00
2008.11.28 19:23:30.168,0.77365,0.77435,3.80,2.80
2008.11.28 19:23:30.278,0.77365,0.7743,1.40,1.00
2008.11.28 19:23:32.068,0.77365,0.77425,1.40,1.00
2008.11.28 19:23:32.338,0.7737,0.77435,1.40,4.60
2008.11.28 19:23:32.798,0.7737,0.77435,3.80,3.80
2008.11.28 19:23:33.197,0.7737,0.77435,3.80,3.00
2008.11.28 19:23:33.547,0.7737,0.7744,3.80,1.60
2008.11.28 19:23:34.287,0.77375,0.7744,2.20,1.00
2008.11.28 19:23:40.076,0.77375,0.77445,2.20,1.60
2008.11.28 19:23:41.056,0.77375,0.7744,2.20,1.00
2008.11.28 19:23:57.791,0.77365,0.7742,2.20,1.00
2008.11.28 19:23:58.031,0.77355,0.7742,2.20,1.60
2008.11.28 19:24:09.309,0.77365,0.77425,1.40,4.60
2008.11.28 19:24:10.108,0.77365,0.7742,1.40,1.60
2008.11.28 19:24:10.408,0.77365,0.7742,1.40,4.60
2008.11.28 19:24:17.327,0.77365,0.7742,1.40,3.80
2008.11.28 19:24:18.197,0.7736,0.77415,1.40,1.00
2008.11.28 19:24:18.496,0.7736,0.7741,1.40,1.60
2008.11.28 19:24:18.736,0.7736,0.7741,1.40,3.00
2008.11.28 19:24:20.016,0.77365,0.7741,1.40,3.00
2008.11.28 19:24:20.196,0.77365,0.77415,1.40,1.00
2008.11.28 19:24:41.441,0.77345,0.77415,2.20,1.00
2008.11.28 19:24:53.888,0.77345,0.7741,2.20,1.00
2008.11.28 19:24:55.717,0.77365,0.7743,4.40,3.80
2008.11.28 19:24:55.997,0.77365,0.7743,2.20,4.80
2008.11.28 19:24:56.167,0.77365,0.7743,2.20,4.00
2008.11.28 19:24:56.287,0.7738,0.77425,1.40,1.20
2008.11.28 19:24:56.397,0.7738,0.7743,1.40,4.00
2008.11.28 19:24:56.518,0.7738,0.7743,1.40,1.20
2008.11.28 19:24:56.788,0.7738,0.7743,1.40,1.80
2008.11.28 19:24:58.027,0.7738,0.7743,1.40,3.20
2008.11.28 19:24:58.197,0.7738,0.7743,1.40,4.80
2008.11.28 19:24:58.597,0.77385,0.7743,1.40,4.00
2008.11.28 19:24:58.777,0.77385,0.7743,2.20,1.40
2008.11.28 19:24:59.067,0.7737,0.77435,3.00,1.20
2008.11.28 19:24:59.297,0.7737,0.7744,3.00,1.80
2008.11.28 19:24:59.527,0.77355,0.7742,4.40,1.00
2008.11.28 19:24:59.926,0.77355,0.7742,2.20,1.00
2008.11.28 19:25:00.686,0.77355,0.77425,2.20,1.00
2008.11.28 19:25:00.906,0.7737,0.7743,1.40,1.00
2008.11.28 19:25:02.576,0.77385,0.7744,1.40,1.00
2008.11.28 19:25:04.755,0.7735,0.77425,2.00,1.00
2008.11.28 19:25:04.985,0.7734,0.7742,3.80,1.00
2008.11.28 19:25:06.035,0.7735,0.7742,5.80,1.00
2008.11.28 19:25:08.305,0.77365,0.7743,2.00,3.80
2008.11.28 19:25:08.425,0.7738,0.7743,1.40,1.00
2008.11.28 19:25:14.903,0.7738,0.77435,1.40,1.00
2008.11.28 19:25:15.083,0.7738,0.7744,1.40,1.60
2008.11.28 19:25:15.323,0.77385,0.77445,1.40,1.60
2008.11.28 19:25:15.543,0.77385,0.77445,1.40,1.00
2008.11.28 19:25:15.763,0.77385,0.7745,1.40,34.40
2008.11.28 19:25:25.020,0.77385,0.7744,1.40,1.00
2008.11.28 19:25:25.360,0.7738,0.7744,3.80,1.00
2008.11.28 19:25:25.520,0.7739,0.7745,1.40,35.20
2008.11.28 19:25:25.680,0.7739,0.77435,1.40,1.00
2008.11.28 19:25:25.800,0.77385,0.7744,1.40,1.00
2008.11.28 19:25:26.140,0.7738,0.7744,1.40,1.00
2008.11.28 19:25:26.260,0.7738,0.7744,1.40,1.60
2008.11.28 19:25:30.849,0.77385,0.77445,1.40,1.60
2008.11.28 19:25:31.149,0.77385,0.77445,1.40,1.00
2008.11.28 19:25:31.209,0.77385,0.7745,1.40,36.40
2008.11.28 19:25:31.269,0.77385,0.7745,1.40,34.40
2008.11.28 19:25:32.569,0.7738,0.7745,4.40,34.40
2008.11.28 19:25:32.748,0.7738,0.77445,2.00,1.00
2008.11.28 19:25:32.868,0.77375,0.77445,4.40,1.00
2008.11.28 19:25:33.209,0.77375,0.77445,2.20,1.00
2008.11.28 19:25:33.389,0.7737,0.7744,2.20,1.00
2008.11.28 19:25:37.907,0.77375,0.77445,3.80,1.60
2008.11.28 19:25:39.397,0.77375,0.7744,1.40,1.00
2008.11.28 19:25:40.327,0.77375,0.7744,3.80,1.00
2008.11.28 19:25:41.347,0.77375,0.77435,1.40,1.00
2008.11.28 19:25:55.313,0.77375,0.7742,1.40,1.00
2008.11.28 19:25:55.433,0.77365,0.7742,2.00,1.00
2008.11.28 19:25:55.873,0.77355,0.7742,2.20,1.00
2008.11.28 19:25:56.103,0.7735,0.7742,5.80,1.00
2008.11.28 19:26:06.360,0.7735,0.7741,3.60,1.00
2008.11.28 19:26:06.470,0.7735,0.7741,2.00,1.60
2008.11.28 19:26:06.710,0.77345,0.7741,1.40,1.60
2008.11.28 19:26:08.450,0.77345,0.7741,1.40,1.00
2008.11.28 19:26:08.790,0.7734,0.77405,13.80,1.00
2008.11.28 19:26:08.970,0.7734,0.77405,9.40,1.60
2008.11.28 19:26:10.449,0.7734,0.774,9.40,1.00
2008.11.28 19:26:14.039,0.77345,0.774,1.40,1.00
2008.11.28 19:26:22.397,0.77345,0.77405,1.40,1.00
2008.11.28 19:26:25.356,0.77345,0.774,1.40,1.00
2008.11.28 19:26:30.045,0.7734,0.774,9.40,1.00
2008.11.28 19:26:36.794,0.7734,0.77395,9.40,1.00
2008.11.28 19:26:36.853,0.7734,0.7738,8.00,1.00
2008.11.28 19:27:00.058,0.7734,0.77365,8.00,1.20
2008.11.28 19:27:00.417,0.7734,0.7737,8.00,1.00
2008.11.28 19:27:03.466,0.7734,0.7737,8.00,1.60
2008.11.28 19:27:21.722,0.7734,0.7737,8.00,1.00
2008.11.28 19:27:22.062,0.77295,0.77365,2.20,1.20
2008.11.28 19:27:33.119,0.773,0.77365,2.20,1.20
2008.11.28 19:27:42.187,0.77295,0.77345,1.20,1.00
2008.11.28 19:27:42.307,0.7729,0.77345,56.00,1.00
2008.11.28 19:27:42.477,0.7729,0.7734,56.00,1.00
2008.11.28 19:27:43.067,0.7728,0.7734,2.20,1.00
2008.11.28 19:27:43.417,0.77275,0.7734,3.80,1.00
2008.11.28 19:28:08.541,0.77275,0.7734,1.40,1.60
2008.11.28 19:28:11.400,0.77275,0.7734,3.80,1.00
2008.11.28 19:28:11.810,0.77285,0.7734,1.40,1.00
2008.11.28 19:28:14.439,0.7729,0.77345,1.40,1.00
2008.11.28 19:28:16.849,0.77285,0.7734,3.80,1.00
2008.11.28 19:28:17.189,0.77285,0.7734,1.40,1.00
2008.11.28 19:28:43.063,0.7727,0.77335,2.20,1.00
2008.11.28 19:28:44.862,0.77295,0.77335,2.00,1.00
2008.11.28 19:28:45.152,0.7731,0.7734,2.00,1.00
2008.11.28 19:28:45.332,0.77315,0.77355,2.00,1.00
2008.11.28 19:28:45.672,0.7732,0.77355,2.00,1.00
2008.11.28 19:28:45.852,0.7732,0.7736,2.00,1.00
2008.11.28 19:28:46.412,0.77335,0.77365,2.00,1.00
2008.11.28 19:29:05.547,0.77325,0.77365,2.00,1.00
2008.11.28 19:29:06.407,0.77325,0.7736,2.00,1.00
2008.11.28 19:29:06.637,0.7732,0.7736,2.00,1.00
2008.11.28 19:29:10.806,0.77315,0.77355,2.00,1.00
2008.11.28 19:29:10.976,0.7731,0.77355,2.00,1.00
2008.11.28 19:29:11.156,0.7731,0.7735,2.00,1.00
2008.11.28 19:29:25.702,0.7733,0.77355,2.20,2.00
2008.11.28 19:29:25.992,0.77355,0.77415,2.00,2.40
2008.11.28 19:29:26.292,0.7736,0.77415,2.00,1.60
2008.11.28 19:29:26.752,0.77365,0.77415,2.00,1.60
2008.11.28 19:29:33.841,0.7736,0.774,8.00,1.60
2008.11.28 19:29:34.020,0.7734,0.774,2.20,1.60
2008.11.28 19:29:41.538,0.7734,0.7739,2.20,2.00
2008.11.28 19:29:41.698,0.77325,0.77385,2.00,1.00
2008.11.28 19:29:41.818,0.77335,0.7738,2.20,1.20
2008.11.28 19:29:41.938,0.77335,0.774,2.20,1.60
2008.11.28 19:29:42.058,0.77325,0.77385,2.00,1.00
2008.11.28 19:29:42.468,0.77315,0.7738,2.20,1.20
2008.11.28 19:29:44.138,0.7731,0.77375,2.20,1.20
2008.11.28 19:29:46.087,0.77305,0.77375,3.40,1.80
2008.11.28 19:29:46.198,0.77305,0.77375,2.20,1.80
2008.11.28 19:29:46.427,0.77305,0.7737,2.20,1.20
2008.11.28 19:29:56.615,0.773,0.7737,2.20,1.80
2008.11.28 19:29:57.244,0.77305,0.7737,2.20,1.20
2008.11.28 19:29:57.475,0.77305,0.77375,2.20,1.00
2008.11.28 19:29:57.824,0.7731,0.7738,2.20,1.80
2008.11.28 19:29:57.994,0.7731,0.7738,2.20,1.00
2008.11.28 19:29:58.644,0.77315,0.77385,2.20,1.80
2008.11.28 19:30:01.133,0.7731,0.7738,2.20,1.00
2008.11.28 19:30:01.244,0.7731,0.7738,2.20,1.80
2008.11.28 19:30:35.445,0.7731,0.77375,2.20,1.20
2008.11.28 19:30:35.845,0.77305,0.77375,2.20,1.80
2008.11.28 19:30:37.585,0.77305,0.7737,2.20,1.00
2008.11.28 19:30:37.805,0.77305,0.7737,2.20,1.80
2008.11.28 19:30:38.045,0.77305,0.7737,2.20,1.20
2008.11.28 19:30:38.435,0.77305,0.77375,2.20,1.80
2008.11.28 19:30:38.774,0.7731,0.77375,2.20,1.20
2008.11.28 19:30:40.444,0.77315,0.77385,2.20,4.00
2008.11.28 19:30:40.614,0.77315,0.77385,2.20,1.80
2008.11.28 19:31:00.339,0.77295,0.77345,2.00,1.00
2008.11.28 19:31:00.789,0.77295,0.7732,2.00,1.00
2008.11.28 19:31:01.129,0.77295,0.77315,2.00,1.00
2008.11.28 19:31:02.599,0.7727,0.77295,6.00,1.00
2008.11.28 19:31:04.789,0.7727,0.7729,6.00,1.00
2008.11.28 19:31:04.908,0.7727,0.77285,6.00,1.00
2008.11.28 19:31:05.118,0.7727,0.7729,6.00,1.00
2008.11.28 19:31:05.408,0.7727,0.77285,6.00,1.00
2008.11.28 19:31:05.648,0.7726,0.77285,8.00,1.80
2008.11.28 19:31:08.647,0.7727,0.773,8.00,9.40
2008.11.28 19:31:09.047,0.7727,0.773,8.00,10.20
2008.11.28 19:31:09.167,0.7727,0.773,8.00,8.80
2008.11.28 19:31:09.227,0.7727,0.773,8.00,1.00
2008.11.28 19:31:09.497,0.7727,0.7729,10.00,1.00
2008.11.28 19:31:09.767,0.7727,0.7729,2.00,1.00
2008.11.28 19:31:10.297,0.7727,0.773,2.00,1.00
2008.11.28 19:31:10.507,0.7727,0.773,10.00,2.80
2008.11.28 19:31:10.737,0.7727,0.77295,10.00,1.00
2008.11.28 19:31:10.897,0.7727,0.77285,10.00,1.00
2008.11.28 19:31:13.606,0.7727,0.77285,2.00,1.00
2008.11.28 19:31:15.565,0.7723,0.77285,1.20,1.80
2008.11.28 19:31:15.686,0.77235,0.77285,2.20,1.20
2008.11.28 19:31:15.805,0.7727,0.773,1.40,9.40
2008.11.28 19:31:15.966,0.77255,0.773,8.00,9.40
2008.11.28 19:31:16.085,0.77255,0.77315,8.00,1.00
2008.11.28 19:31:16.316,0.77255,0.7732,8.00,1.80
2008.11.28 19:31:18.405,0.77295,0.7732,2.20,1.20
2008.11.28 19:31:18.625,0.7726,0.77295,8.00,1.20
2008.11.28 19:31:18.805,0.7725,0.77295,8.00,1.20
2008.11.28 19:31:19.265,0.7725,0.77295,8.00,1.80
2008.11.28 19:31:20.294,0.7726,0.77285,8.00,1.20
2008.11.28 19:31:20.464,0.7727,0.773,8.00,8.00
2008.11.28 19:31:20.584,0.7727,0.7729,8.00,1.20
2008.11.28 19:31:20.704,0.7726,0.7729,8.00,1.20
2008.11.28 19:31:20.824,0.7727,0.773,8.00,9.40
2008.11.28 19:31:21.334,0.7727,0.7729,8.00,1.80
2008.11.28 19:31:21.564,0.7726,0.7729,8.00,1.00
2008.11.28 19:31:21.794,0.7726,0.77295,8.00,1.80
2008.11.28 19:31:22.504,0.7726,0.7729,8.00,1.80
2008.11.28 19:31:23.654,0.7726,0.77295,8.00,1.20
2008.11.28 19:31:23.943,0.7727,0.773,8.00,1.00
2008.11.28 19:31:24.523,0.7727,0.7731,8.00,9.40
2008.11.28 19:31:24.753,0.77275,0.7733,2.00,1.00
2008.11.28 19:31:25.853,0.77275,0.77305,2.00,1.00
2008.11.28 19:31:26.563,0.77275,0.77335,2.00,1.00
2008.11.28 19:31:26.733,0.77275,0.7732,2.00,1.00
2008.11.28 19:31:28.353,0.7729,0.77315,2.20,2.00
2008.11.28 19:31:28.412,0.7729,0.7735,2.20,8.00
2008.11.28 19:31:28.742,0.7729,0.77315,2.20,2.00
2008.11.28 19:31:28.792,0.77275,0.77315,2.00,2.00
2008.11.28 19:31:28.912,0.7728,0.77315,2.00,2.00
2008.11.28 19:31:30.452,0.77285,0.77355,1.20,16.00
2008.11.28 19:31:30.802,0.7729,0.77355,2.20,16.00
2008.11.28 19:31:30.912,0.77275,0.77305,2.00,1.00
2008.11.28 19:31:34.371,0.7728,0.7729,2.00,1.00
2008.11.28 19:31:37.140,0.77285,0.7729,2.20,1.00
2008.11.28 19:31:37.260,0.7728,0.77355,3.00,32.00
2008.11.28 19:31:37.371,0.773,0.77355,2.00,32.00
2008.11.28 19:31:40.260,0.773,0.7732,2.00,2.00
2008.11.28 19:31:40.370,0.773,0.77315,2.00,1.00
2008.11.28 19:31:40.989,0.7727,0.773,6.00,1.00
2008.11.28 19:31:43.169,0.773,0.77305,2.00,1.00
2008.11.28 19:31:43.509,0.7731,0.7734,2.20,17.50
2008.11.28 19:31:43.629,0.7731,0.7735,2.20,32.00
2008.11.28 19:31:44.089,0.7731,0.7735,4.40,32.00
2008.11.28 19:31:46.458,0.773,0.7734,8.00,32.00
2008.11.28 19:31:46.638,0.7728,0.7734,4.40,32.00
2008.11.28 19:31:52.786,0.7729,0.7734,2.00,32.00
2008.11.28 19:31:52.906,0.7729,0.7734,4.40,32.00
2008.11.28 19:32:22.620,0.77295,0.7734,2.00,32.00
2008.11.28 19:32:22.789,0.7729,0.7734,4.40,32.00
2008.11.28 19:32:27.438,0.77295,0.7734,1.20,32.00
2008.11.28 19:32:27.608,0.77305,0.7734,2.20,32.00
2008.11.28 19:32:28.068,0.77315,0.7736,2.20,1.00
2008.11.28 19:32:28.408,0.7731,0.7736,3.40,1.00
2008.11.28 19:32:28.748,0.7731,0.7736,2.20,1.00
2008.11.28 19:32:29.088,0.7731,0.7734,2.20,32.00
2008.11.28 19:32:40.315,0.773,0.7734,2.20,32.00
2008.11.28 19:32:45.604,0.7729,0.7734,2.20,32.00
2008.11.28 19:32:51.822,0.77275,0.77335,2.20,1.00
2008.11.28 19:32:52.062,0.77275,0.7734,3.80,32.00
2008.11.28 19:32:52.112,0.77285,0.7734,2.20,32.00
2008.11.28 19:33:17.746,0.7728,0.7734,3.40,32.00
2008.11.28 19:33:17.856,0.7728,0.7734,2.20,32.00
2008.11.28 19:33:17.976,0.7728,0.77335,2.20,1.00
2008.11.28 19:33:21.805,0.7729,0.7734,1.40,32.00
2008.11.28 19:33:21.985,0.7729,0.7734,3.80,32.00
2008.11.28 19:33:22.265,0.77295,0.7734,1.40,32.00
2008.11.28 19:33:22.655,0.77295,0.7734,3.80,32.00
2008.11.28 19:33:23.795,0.773,0.7734,1.40,32.00
2008.11.28 19:33:24.034,0.773,0.7734,3.80,32.00
2008.11.28 19:33:25.404,0.773,0.7734,1.40,32.00
2008.11.28 19:33:26.844,0.773,0.7734,3.80,32.00
2008.11.28 19:33:27.134,0.77305,0.7734,1.40,32.00
2008.11.28 19:33:28.434,0.77315,0.7734,1.40,32.00
2008.11.28 19:33:29.233,0.7732,0.7734,1.40,32.00
2008.11.28 19:33:32.362,0.7731,0.7734,2.20,32.00
2008.11.28 19:33:34.042,0.77305,0.7734,1.40,32.00
2008.11.28 19:33:34.573,0.7731,0.7734,1.40,32.00
2008.11.28 19:33:34.922,0.77315,0.7734,1.40,32.00
2008.11.28 19:33:35.262,0.7732,0.7734,1.40,32.00
2008.11.28 19:33:37.141,0.77325,0.7734,1.40,32.00
2008.11.28 19:33:37.821,0.7732,0.7734,1.40,32.00
2008.11.28 19:33:40.590,0.7732,0.7734,2.40,32.00
2008.11.28 19:33:40.861,0.7734,0.77415,2.80,10.20
2008.11.28 19:33:41.090,0.7736,0.77435,1.40,1.00
2008.11.28 19:33:41.690,0.7736,0.7744,1.40,1.60
2008.11.28 19:33:47.589,0.77375,0.77425,1.40,1.00
2008.11.28 19:33:47.819,0.77375,0.7743,1.40,1.60
2008.11.28 19:33:48.109,0.77375,0.77415,1.40,1.00
2008.11.28 19:33:48.339,0.77335,0.7741,2.20,1.20
2008.11.28 19:33:49.248,0.77335,0.7741,2.20,1.80
2008.11.28 19:33:49.428,0.7734,0.7741,2.20,2.80
2008.11.28 19:33:53.297,0.7734,0.7739,2.20,1.20
2008.11.28 19:33:53.398,0.7732,0.77385,9.40,1.00
2008.11.28 19:33:53.728,0.7732,0.7738,9.40,1.00
2008.11.28 19:33:54.257,0.7732,0.7738,9.40,2.80
2008.11.28 19:33:54.377,0.7732,0.77375,8.00,1.00
2008.11.28 19:33:54.787,0.7732,0.7737,8.00,1.00
2008.11.28 19:33:55.287,0.7732,0.77375,8.00,2.80
2008.11.28 19:33:55.577,0.7732,0.77375,9.40,1.00
2008.11.28 19:33:58.526,0.7732,0.77375,8.00,1.00
2008.11.28 19:33:58.746,0.7732,0.7737,8.00,1.00
2008.11.28 19:34:00.526,0.7732,0.77375,9.40,1.00
2008.11.28 19:34:02.425,0.7732,0.7736,8.00,1.00
2008.11.28 19:34:25.070,0.7732,0.77365,8.00,1.00
2008.11.28 19:34:29.329,0.7732,0.7736,8.00,2.00
2008.11.28 19:34:29.439,0.7732,0.77355,8.00,1.00
2008.11.28 19:34:29.789,0.7732,0.7735,8.00,1.00
2008.11.28 19:34:30.579,0.7732,0.77355,8.00,1.00
2008.11.28 19:34:54.603,0.7732,0.7737,8.00,3.20
2008.11.28 19:34:54.843,0.7732,0.77375,8.00,1.00
2008.11.28 19:34:56.702,0.7732,0.7738,8.00,1.00
2008.11.28 19:34:58.851,0.77345,0.7739,2.20,2.00
2008.11.28 19:34:58.961,0.77345,0.7741,4.40,1.40
2008.11.28 19:34:59.021,0.77345,0.7743,4.40,8.80
2008.11.28 19:35:05.730,0.77365,0.7743,2.20,8.80
2008.11.28 19:35:09.669,0.77355,0.77425,2.20,1.00
2008.11.28 19:35:18.377,0.7736,0.77425,1.40,1.00
2008.11.28 19:35:19.297,0.7736,0.77425,3.60,1.00
2008.11.28 19:35:23.975,0.77355,0.77425,2.20,1.00
2008.11.28 19:35:54.068,0.7735,0.7742,4.40,1.00
2008.11.28 19:35:54.308,0.7735,0.77415,2.20,1.20
2008.11.28 19:36:09.454,0.7735,0.7741,2.20,1.20
2008.11.28 19:36:09.684,0.7735,0.7742,2.20,11.20
2008.11.28 19:36:10.084,0.7735,0.7742,2.20,1.80
2008.11.28 19:36:19.402,0.7735,0.77415,2.20,1.20
2008.11.28 19:36:19.642,0.7735,0.7742,2.20,1.80
2008.11.28 19:36:23.731,0.7735,0.77415,2.20,1.00
2008.11.28 19:36:26.450,0.77345,0.77415,2.20,1.00
2008.11.28 19:36:41.657,0.77345,0.77405,2.20,2.00
2008.11.28 19:36:41.827,0.7733,0.77395,2.20,1.20
2008.11.28 19:36:45.086,0.77345,0.77405,9.60,1.20
2008.11.28 19:36:45.506,0.7733,0.77405,2.20,1.20
2008.11.28 19:36:47.376,0.7732,0.77375,8.00,1.00
2008.11.28 19:36:47.655,0.7732,0.77375,8.00,2.80
2008.11.28 19:36:47.775,0.7732,0.77365,8.00,1.00
2008.11.28 19:36:56.463,0.7734,0.77365,2.00,1.00
2008.11.28 19:36:56.583,0.7734,0.774,4.40,9.40
2008.11.28 19:36:56.733,0.7734,0.774,4.40,8.00
2008.11.28 19:36:56.903,0.7734,0.77415,4.40,1.00
2008.11.28 19:36:59.852,0.7732,0.7738,8.00,1.00
2008.11.28 19:37:02.752,0.7733,0.7737,1.20,1.00
2008.11.28 19:37:02.871,0.7734,0.7739,4.40,8.00
2008.11.28 19:37:03.032,0.7734,0.77405,4.40,1.00
2008.11.28 19:37:06.361,0.7734,0.774,2.00,1.00
2008.11.28 19:37:10.800,0.77345,0.77405,1.40,1.00
2008.11.28 19:37:22.277,0.77345,0.7741,1.40,1.00
2008.11.28 19:37:23.317,0.7734,0.77405,5.80,1.00
2008.11.28 19:37:23.497,0.7734,0.77405,3.80,1.00
2008.11.28 19:37:25.196,0.7732,0.7738,8.00,1.00
2008.11.28 19:37:30.435,0.77335,0.77385,3.80,1.20
2008.11.28 19:37:30.785,0.77355,0.7742,1.40,1.00
2008.11.28 19:37:30.955,0.7736,0.77425,1.40,1.00
2008.11.28 19:37:31.185,0.7736,0.7743,1.40,1.00
2008.11.28 19:37:31.465,0.77355,0.7743,1.40,1.00
2008.11.28 19:37:32.165,0.77355,0.77415,3.80,1.00
2008.11.28 19:37:33.954,0.7736,0.77415,1.40,1.00
2008.11.28 19:37:34.704,0.7736,0.77425,3.80,1.00
2008.11.28 19:37:36.823,0.7737,0.77425,1.40,1.00
2008.11.28 19:37:37.063,0.77375,0.7743,1.40,17.60
2008.11.28 19:37:37.183,0.77375,0.7743,1.40,16.80
2008.11.28 19:37:41.252,0.77375,0.77415,1.40,2.00
2008.11.28 19:37:41.492,0.77355,0.77405,2.00,1.00
2008.11.28 19:37:41.662,0.7734,0.77405,9.60,1.80
2008.11.28 19:37:41.832,0.77325,0.77405,2.20,1.80
2008.11.28 19:37:43.912,0.7733,0.77395,2.20,1.20
2008.11.28 19:37:44.561,0.77325,0.77395,2.20,1.80
2008.11.28 19:37:45.121,0.7732,0.77385,35.40,1.00
2008.11.28 19:37:45.181,0.7732,0.77385,34.20,1.00
2008.11.28 19:37:45.531,0.7732,0.77385,34.20,1.80
2008.11.28 19:37:48.870,0.77325,0.77385,2.20,1.20
2008.11.28 19:37:48.921,0.77325,0.77395,2.20,11.20
2008.11.28 19:37:49.150,0.77325,0.77395,2.20,3.20
2008.11.28 19:37:49.270,0.77325,0.77395,2.20,1.80
2008.11.28 19:37:49.800,0.7732,0.7739,34.20,1.00
2008.11.28 19:37:50.190,0.7732,0.7739,34.20,1.80
2008.11.28 19:38:09.355,0.7733,0.7739,2.20,1.20
2008.11.28 19:38:09.586,0.7733,0.77395,2.20,1.80
2008.11.28 19:38:09.755,0.7733,0.77395,2.20,1.00
2008.11.28 19:38:16.104,0.7733,0.774,2.20,1.00
2008.11.28 19:38:16.814,0.7733,0.774,4.40,1.00
2008.11.28 19:38:17.633,0.77335,0.774,2.00,1.00
2008.11.28 19:38:18.033,0.7733,0.774,4.40,1.00
2008.11.28 19:38:18.483,0.7734,0.774,2.00,1.00
2008.11.28 19:38:18.954,0.7733,0.774,4.40,1.00
2008.11.28 19:38:20.743,0.7733,0.774,2.20,1.00
2008.11.28 19:38:26.151,0.77335,0.77405,2.20,1.80
2008.11.28 19:38:30.290,0.77335,0.77405,2.20,1.00
2008.11.28 19:38:55.434,0.77335,0.77405,2.20,1.60
2008.11.28 19:38:55.664,0.7733,0.774,2.20,1.80
2008.11.28 19:38:58.473,0.7733,0.77395,2.20,1.00
2008.11.28 19:39:07.681,0.7734,0.774,1.40,1.80
2008.11.28 19:39:07.851,0.7734,0.774,1.40,1.00
2008.11.28 19:39:22.488,0.7734,0.774,1.40,1.60
2008.11.28 19:39:30.976,0.77325,0.7739,4.40,1.00
2008.11.28 19:39:31.256,0.77325,0.7739,2.20,1.00
2008.11.28 19:39:45.722,0.77325,0.77395,2.20,1.00
2008.11.28 19:39:46.652,0.77325,0.77395,2.20,1.80
2008.11.28 19:39:46.812,0.77325,0.77395,2.20,1.00
2008.11.28 19:39:48.212,0.7732,0.7738,33.00,1.00
2008.11.28 19:39:48.381,0.7732,0.7738,33.00,1.80
2008.11.28 19:39:48.561,0.7732,0.77365,32.00,1.00
2008.11.28 19:39:48.791,0.7732,0.7738,32.00,1.80
2008.11.28 19:39:50.721,0.77325,0.7738,2.20,1.20
2008.11.28 19:39:50.961,0.77325,0.77395,2.20,1.00
2008.11.28 19:39:52.861,0.7733,0.77395,2.20,1.00
2008.11.28 19:39:53.840,0.7733,0.774,2.20,1.00
2008.11.28 19:40:02.318,0.7733,0.774,2.20,2.80
2008.11.28 19:40:02.548,0.77325,0.7738,2.20,1.00
2008.11.28 19:40:02.948,0.7733,0.7739,2.20,1.20
2008.11.28 19:40:03.188,0.7733,0.774,2.20,1.00
2008.11.28 19:40:05.217,0.77325,0.77395,2.20,1.00
2008.11.28 19:40:06.887,0.7732,0.7739,34.20,1.00
2008.11.28 19:40:10.626,0.77325,0.77395,2.20,1.00
2008.11.28 19:40:21.883,0.7732,0.7739,34.20,1.00
2008.11.28 19:40:25.862,0.7732,0.7739,35.40,1.00
2008.11.28 19:40:26.202,0.7734,0.774,1.40,1.00
2008.11.28 19:41:18.860,0.7734,0.7739,1.40,2.00
2008.11.28 19:41:18.980,0.7732,0.77385,32.00,1.00
2008.11.28 19:41:19.559,0.7732,0.7738,32.00,1.00
2008.11.28 19:41:25.968,0.77325,0.7739,2.20,2.00
2008.11.28 19:41:26.088,0.7734,0.7739,1.40,2.00
2008.11.28 19:41:26.258,0.7734,0.77395,1.40,1.00
2008.11.28 19:41:31.237,0.7733,0.77385,3.60,1.60
2008.11.28 19:41:31.407,0.7733,0.77385,1.40,1.60
2008.11.28 19:41:32.846,0.7732,0.77375,32.00,1.00
2008.11.28 19:41:32.906,0.7732,0.77365,32.00,1.00
2008.11.28 19:41:34.216,0.7732,0.7736,32.00,1.00
2008.11.28 19:41:37.285,0.77325,0.7737,1.40,1.00
2008.11.28 19:41:40.135,0.7732,0.77355,32.00,1.00
2008.11.28 19:41:41.044,0.7732,0.7735,32.00,1.00
2008.11.28 19:41:44.833,0.7732,0.7736,32.00,1.00
2008.11.28 19:42:06.538,0.7732,0.77365,32.00,1.00
2008.11.28 19:42:08.278,0.7732,0.7736,32.00,1.00
2008.11.28 19:42:11.907,0.7732,0.77365,32.00,1.00
2008.11.28 19:42:12.577,0.7732,0.7737,32.00,1.00
2008.11.28 19:42:12.907,0.7732,0.77365,32.00,1.00
2008.11.28 19:42:13.086,0.77325,0.77365,2.20,1.00
2008.11.28 19:42:13.257,0.77325,0.77405,4.40,1.60
2008.11.28 19:42:16.796,0.7733,0.77395,2.20,1.60
2008.11.28 19:42:20.745,0.7733,0.77395,2.20,1.00
2008.11.28 19:42:53.007,0.77325,0.77395,5.40,1.60
2008.11.28 19:42:53.127,0.77325,0.7738,5.40,1.00
2008.11.28 19:42:53.177,0.77325,0.7738,4.40,1.00
2008.11.28 19:42:53.407,0.77325,0.7738,2.20,1.00
2008.11.28 19:42:56.406,0.7733,0.77395,2.20,1.00
2008.11.28 19:43:08.893,0.7733,0.7738,2.20,1.00
2008.11.28 19:43:09.003,0.77325,0.7738,2.20,1.00
2008.11.28 19:43:13.982,0.77325,0.77385,2.20,1.00
2008.11.28 19:43:14.152,0.77325,0.7738,2.20,1.00
2008.11.28 19:43:28.079,0.77325,0.77385,2.20,1.00
2008.11.28 19:43:28.418,0.77325,0.7738,2.20,1.00
2008.11.28 19:43:29.588,0.7732,0.7738,34.20,1.00
2008.11.28 19:43:35.837,0.77325,0.7738,2.20,1.00
2008.11.28 19:43:36.007,0.77335,0.77385,1.40,1.00
2008.11.28 19:43:38.146,0.77335,0.7739,1.40,1.00
2008.11.28 19:43:38.596,0.7733,0.7738,1.40,1.00
2008.11.28 19:43:40.265,0.7733,0.7739,1.40,1.60
2008.11.28 19:43:40.775,0.7733,0.7738,1.40,1.00
2008.11.28 19:43:47.144,0.77335,0.77385,1.40,1.00
2008.11.28 19:43:56.981,0.77325,0.77375,1.40,1.00
2008.11.28 19:44:00.511,0.77335,0.77395,1.40,1.00
2008.11.28 19:44:02.510,0.77335,0.77385,1.40,1.00
2008.11.28 19:44:02.740,0.7733,0.7738,1.40,1.00
2008.11.28 19:44:06.089,0.77325,0.7738,1.40,1.00
2008.11.28 19:44:07.279,0.77325,0.77375,1.40,1.00
2008.11.28 19:44:10.998,0.7732,0.7736,32.00,1.00
2008.11.28 19:44:11.808,0.7732,0.77365,32.00,1.00
2008.11.28 19:44:11.978,0.7732,0.77375,32.00,1.00
2008.11.28 19:44:12.218,0.77325,0.77385,2.20,1.00
2008.11.28 19:44:12.398,0.77325,0.7739,2.20,1.00
2008.11.28 19:44:33.243,0.77325,0.77395,2.20,1.00
2008.11.28 19:45:04.375,0.77325,0.7739,2.20,1.20
2008.11.28 19:45:04.665,0.77325,0.77395,2.20,1.00
2008.11.28 19:45:06.824,0.77325,0.7739,2.20,1.20
2008.11.28 19:45:07.005,0.77325,0.77395,2.20,1.00
2008.11.28 19:45:08.584,0.7732,0.7738,32.00,1.00
2008.11.28 19:45:12.193,0.7732,0.77385,32.00,1.00
2008.11.28 19:45:14.363,0.7732,0.7739,34.20,1.00
2008.11.28 19:45:15.203,0.77325,0.77385,1.40,1.00
2008.11.28 19:45:16.792,0.77325,0.77385,1.40,1.60
2008.11.28 19:45:17.392,0.77325,0.7738,1.40,1.00
2008.11.28 19:45:19.891,0.7732,0.77375,33.40,1.00
2008.11.28 19:45:28.699,0.7732,0.7738,33.40,1.00
2008.11.28 19:45:58.492,0.7732,0.7738,33.40,2.80
2008.11.28 19:45:58.602,0.7732,0.7738,33.40,3.80
2008.11.28 19:45:58.712,0.7732,0.7737,33.40,1.00
2008.11.28 19:46:03.381,0.7732,0.77375,33.40,1.00
2008.11.28 19:46:19.917,0.7732,0.77375,33.40,1.60
2008.11.28 19:46:33.554,0.7732,0.7737,33.40,1.00
2008.11.28 19:46:44.191,0.7732,0.7737,32.00,1.60
2008.11.28 19:46:44.831,0.7732,0.77365,32.00,1.60
2008.11.28 19:46:45.631,0.7732,0.77365,32.00,1.00
2008.11.28 19:46:47.420,0.7732,0.77375,33.40,1.00
2008.11.28 19:46:47.942,0.7732,0.77375,33.40,2.80
2008.11.28 19:46:48.120,0.7732,0.77365,32.00,1.00
2008.11.28 19:46:51.039,0.7732,0.7736,32.00,1.00
2008.11.28 19:46:53.259,0.7732,0.77365,32.00,1.00
2008.11.28 19:46:54.189,0.7732,0.7736,32.00,1.00
2008.11.28 19:46:55.588,0.7732,0.7737,33.40,1.20
2008.11.28 19:46:55.758,0.7732,0.77375,33.40,1.00
2008.11.28 19:46:56.218,0.77335,0.77375,1.40,1.00
2008.11.28 19:46:56.548,0.77335,0.77385,1.40,1.60
2008.11.28 19:46:56.848,0.77335,0.77385,1.40,1.00
2008.11.28 19:46:58.338,0.7734,0.77395,1.40,1.60
2008.11.28 19:46:59.417,0.7733,0.7738,3.80,1.00
2008.11.28 19:46:59.477,0.7733,0.7738,1.40,1.00
2008.11.28 19:47:00.417,0.7732,0.7737,33.40,1.00
2008.11.28 19:47:03.147,0.7732,0.77365,32.00,1.00
2008.11.28 19:47:03.667,0.7732,0.77365,32.00,1.60
2008.11.28 19:47:04.816,0.7732,0.77365,32.00,1.00
2008.11.28 19:47:04.986,0.7732,0.7737,32.00,1.60
2008.11.28 19:47:07.775,0.7732,0.7737,33.40,1.00
2008.11.28 19:47:09.085,0.7732,0.7737,32.00,1.00
2008.11.28 19:47:13.724,0.7732,0.7737,33.40,1.00
2008.11.28 19:47:26.821,0.77325,0.77375,1.40,1.00
2008.11.28 19:47:27.800,0.7732,0.7737,33.40,1.00
2008.11.28 19:47:36.798,0.77325,0.77375,1.40,1.00
2008.11.28 19:47:37.208,0.77325,0.77385,1.40,1.00
2008.11.28 19:47:37.898,0.77325,0.7739,3.80,1.00
2008.11.28 19:47:38.118,0.7733,0.77395,1.40,1.60
2008.11.28 19:47:42.647,0.77325,0.7739,3.80,1.00
2008.11.28 19:47:57.283,0.77325,0.77385,2.20,1.00
2008.11.28 19:48:00.123,0.7732,0.77385,32.00,1.60
2008.11.28 19:48:00.293,0.7732,0.7738,32.00,1.20
2008.11.28 19:48:23.747,0.7732,0.7737,32.00,1.00
2008.11.28 19:48:24.187,0.7732,0.77365,32.00,1.00
2008.11.28 19:49:51.456,0.7732,0.77375,32.00,1.00
2008.11.28 19:50:50.451,0.7732,0.77365,32.00,1.00
2008.11.28 19:50:53.111,0.7732,0.77375,32.00,2.80
2008.11.28 19:50:53.231,0.7732,0.77375,32.00,1.00
2008.11.28 19:51:47.787,0.7732,0.7737,32.00,1.00
2008.11.28 19:52:15.341,0.7732,0.77375,32.00,1.00
2008.11.28 19:52:36.956,0.7732,0.77365,32.00,1.00
2008.11.28 19:52:37.136,0.7732,0.7736,32.00,1.00
2008.11.28 19:52:37.365,0.7732,0.7736,32.00,1.80
2008.11.28 19:52:37.635,0.7732,0.77355,32.00,1.00
2008.11.28 19:52:42.844,0.7732,0.7734,32.00,1.00
2008.11.28 19:52:43.174,0.773,0.7734,8.00,2.80
2008.11.28 19:52:43.284,0.773,0.77335,8.00,1.00
2008.11.28 19:52:43.514,0.773,0.77325,8.00,1.00
2008.11.28 19:52:45.883,0.773,0.77335,8.00,2.00
2008.11.28 19:52:52.092,0.7724,0.77325,5.80,1.00
2008.11.28 19:52:52.332,0.77305,0.77325,32.00,1.00
2008.11.28 19:52:56.061,0.77245,0.77325,2.20,1.00
2008.11.28 19:53:22.455,0.77255,0.77325,2.20,1.00
2008.11.28 19:53:22.695,0.7726,0.77325,2.20,1.80
2008.11.28 19:53:32.182,0.7725,0.7732,2.20,1.00
2008.11.28 19:53:37.351,0.77255,0.77325,2.20,1.80
2008.11.28 19:53:37.701,0.77255,0.77325,2.20,1.00
2008.11.28 19:53:58.706,0.77255,0.77325,2.20,2.80
2008.11.28 19:53:58.876,0.7725,0.77305,2.20,1.00
2008.11.28 19:54:02.175,0.77275,0.77315,1.40,1.20
2008.11.28 19:54:02.405,0.77285,0.7736,1.40,1.00
2008.11.28 19:54:04.914,0.77285,0.7733,2.00,1.00
2008.11.28 19:54:05.084,0.77265,0.7733,2.20,1.00
2008.11.28 19:54:06.874,0.7726,0.77325,4.40,1.00
2008.11.28 19:54:06.994,0.7726,0.77325,2.20,1.00
2008.11.28 19:54:07.534,0.77255,0.77325,2.20,1.00
2008.11.28 19:54:30.448,0.7726,0.77325,2.00,1.00
2008.11.28 19:55:31.463,0.77255,0.77325,2.20,1.00
2008.11.28 19:55:51.589,0.7726,0.7733,2.20,1.00
2008.11.28 19:56:01.166,0.7726,0.7733,4.40,1.00
2008.11.28 19:56:01.286,0.7727,0.77335,2.20,1.00
2008.11.28 19:56:01.746,0.7727,0.7734,2.20,1.00
2008.11.28 19:56:02.336,0.7727,0.7734,4.40,1.00
2008.11.28 19:56:03.616,0.77275,0.77345,2.20,1.00
2008.11.28 19:56:40.887,0.77295,0.7735,2.20,2.00
2008.11.28 19:56:41.067,0.77295,0.77355,2.20,1.20
2008.11.28 19:56:41.237,0.77295,0.7736,4.40,8.00
2008.11.28 19:56:41.996,0.77285,0.77345,1.20,1.00
2008.11.28 19:56:42.227,0.7728,0.77345,2.20,1.00
2008.11.28 19:56:42.406,0.77275,0.77345,2.20,1.00
2008.11.28 19:56:44.696,0.77285,0.77345,8.00,1.00
2008.11.28 19:56:44.866,0.77305,0.7736,4.40,8.00
2008.11.28 19:56:47.965,0.7726,0.7733,2.20,1.00
2008.11.28 19:56:49.464,0.7727,0.77335,2.20,3.20
2008.11.28 19:56:49.584,0.7727,0.7734,4.40,1.00
2008.11.28 19:56:49.994,0.77275,0.77345,2.20,1.00
2008.11.28 19:56:54.403,0.77265,0.77335,2.20,1.80
2008.11.28 19:56:54.823,0.7726,0.7733,2.20,1.00
2008.11.28 19:57:11.369,0.7727,0.77335,2.20,4.00
2008.11.28 19:57:11.429,0.7727,0.77335,2.20,1.80
2008.11.28 19:57:11.489,0.7727,0.77335,4.40,1.00
2008.11.28 19:57:11.949,0.7727,0.7734,4.40,1.00
2008.11.28 19:57:19.237,0.7728,0.7735,4.40,1.00
2008.11.28 19:57:50.910,0.7728,0.7735,2.20,1.00
2008.11.28 19:57:55.778,0.7728,0.7735,4.40,1.00
2008.11.28 19:57:57.168,0.7728,0.77345,4.40,1.00
2008.11.28 19:57:57.288,0.7728,0.7734,2.20,2.00
2008.11.28 19:57:57.348,0.7727,0.77335,2.00,1.00
2008.11.28 19:57:57.458,0.77265,0.7733,2.20,1.20
2008.11.28 19:57:57.568,0.77275,0.77345,2.20,1.00
2008.11.28 19:58:07.096,0.7728,0.77345,2.00,1.00
2008.11.28 19:58:07.206,0.77285,0.7735,2.20,1.00
2008.11.28 19:58:08.195,0.7728,0.7733,3.00,1.00
2008.11.28 19:58:08.425,0.77245,0.7732,2.20,1.80
2008.11.28 19:58:09.895,0.7725,0.77315,2.20,1.00
2008.11.28 19:58:18.613,0.7724,0.77295,1.20,1.00
2008.11.28 19:58:18.833,0.77225,0.7729,2.20,2.00
2008.11.28 19:58:19.013,0.7722,0.77285,2.00,1.00
2008.11.28 19:58:19.243,0.77215,0.77285,2.20,1.80
2008.11.28 19:58:19.923,0.7721,0.7728,2.20,1.00
2008.11.28 19:58:25.821,0.7721,0.7728,3.80,1.00
2008.11.28 19:58:26.051,0.77215,0.7728,2.00,1.00
2008.11.28 19:58:26.403,0.77215,0.7728,2.00,2.80
2008.11.28 19:58:26.521,0.77205,0.7727,2.20,1.00
2008.11.28 19:58:27.451,0.772,0.7727,2.20,1.60
2008.11.28 19:58:28.021,0.77195,0.77265,3.80,1.00
2008.11.28 19:58:36.958,0.77195,0.7726,2.20,1.00
2008.11.28 19:58:50.896,0.7718,0.77245,2.20,1.00
2008.11.28 19:58:51.895,0.77175,0.77245,2.20,1.60
2008.11.28 19:58:54.954,0.7718,0.77245,2.20,1.00
2008.11.28 19:58:55.444,0.7718,0.77245,3.40,1.00
2008.11.28 19:58:55.544,0.77185,0.7725,3.80,1.20
2008.11.28 19:58:55.664,0.77185,0.77255,3.80,1.00
2008.11.28 19:58:55.834,0.772,0.77265,1.40,1.80
2008.11.28 19:58:55.954,0.77225,0.7727,2.00,1.00
2008.11.28 19:58:56.364,0.77205,0.77275,1.60,2.80
2008.11.28 19:58:56.534,0.77205,0.77275,1.60,1.00
2008.11.28 19:58:56.704,0.77195,0.77275,2.20,1.00
2008.11.28 19:59:54.640,0.772,0.77265,7.00,1.00
2008.11.28 19:59:54.760,0.772,0.77255,4.40,1.00
2008.11.28 19:59:55.050,0.772,0.77255,2.20,1.00
2008.11.28 19:59:55.169,0.772,0.7726,2.20,1.00
2008.11.28 19:59:55.490,0.772,0.77265,3.80,1.60
2008.11.28 19:59:57.009,0.77195,0.77255,3.80,1.00
2008.11.28 19:59:57.179,0.772,0.77265,3.80,1.00
2008.11.28 19:59:57.509,0.772,0.7727,3.80,1.00
2008.11.28 19:59:57.629,0.77205,0.77275,2.20,2.80
2008.11.28 19:59:57.849,0.77205,0.77275,2.20,1.00
2008.11.28 19:59:58.399,0.77205,0.7726,2.20,1.00
2008.11.28 19:59:58.679,0.772,0.7726,2.20,1.00
