2009.11.24 23:00:24.789,0.83695,0.8373,1.00,1.60
2009.11.24 23:00:25.088,0.83695,0.8373,1.00,1.60
2009.11.24 23:00:28.608,0.8369,0.8373,1.80,1.60
2009.11.24 23:00:28.898,0.83695,0.8373,1.00,1.60
2009.11.24 23:00:29.248,0.8369,0.8373,1.80,1.60
2009.11.24 23:00:30.287,0.83695,0.8373,1.00,1.60
2009.11.24 23:00:32.647,0.8369,0.8373,1.80,1.60
2009.11.24 23:00:35.496,0.83695,0.8373,1.00,1.60
2009.11.24 23:00:39.685,0.8369,0.8373,1.80,1.60
2009.11.24 23:00:40.035,0.83695,0.8373,1.00,1.60
2009.11.24 23:00:49.673,0.8369,0.8373,1.80,1.60
2009.11.24 23:00:49.963,0.8369,0.83725,1.00,3.20
2009.11.24 23:00:52.452,0.83685,0.83725,3.20,3.20
2009.11.24 23:00:52.562,0.8368,0.83715,1.00,1.60
2009.11.24 23:00:52.672,0.8368,0.83715,1.00,3.20
2009.11.24 23:00:53.022,0.83645,0.8371,1.60,1.60
2009.11.24 23:01:16.216,0.83655,0.8371,1.60,1.80
2009.11.24 23:01:16.916,0.83655,0.83705,1.60,1.60
2009.11.24 23:01:17.776,0.83655,0.83705,1.60,1.60
2009.11.24 23:01:18.066,0.83655,0.83705,1.60,3.20
2009.11.24 23:01:18.396,0.83645,0.83705,1.60,3.20
2009.11.24 23:01:18.695,0.83645,0.83695,1.60,1.60
2009.11.24 23:01:20.325,0.83645,0.83685,1.60,1.60
2009.11.24 23:01:21.995,0.83635,0.83685,1.60,1.60
2009.11.24 23:01:49.308,0.83615,0.83675,4.10,1.60
2009.11.24 23:02:15.622,0.83595,0.83655,1.70,1.60
2009.11.24 23:02:15.982,0.83595,0.83685,4.20,1.60
2009.11.24 23:02:16.152,0.83595,0.83685,4.00,1.60
2009.11.24 23:02:16.322,0.83595,0.8366,2.40,1.60
2009.11.24 23:02:16.492,0.8359,0.8366,1.00,1.60
2009.11.24 23:02:16.722,0.836,0.83655,1.00,1.60
2009.11.24 23:02:17.051,0.8361,0.83655,1.00,1.60
2009.11.24 23:02:17.391,0.8361,0.83705,1.00,1.60
2009.11.24 23:02:18.291,0.83605,0.8371,4.30,4.00
2009.11.24 23:02:18.462,0.83625,0.83695,1.60,4.00
2009.11.24 23:02:20.291,0.83635,0.83695,1.60,2.40
2009.11.24 23:02:20.581,0.83635,0.837,1.60,4.00
2009.11.24 23:03:06.620,0.83635,0.83695,1.60,2.40
2009.11.24 23:03:06.740,0.83635,0.83695,1.60,4.00
2009.11.24 23:03:12.578,0.83625,0.83675,1.60,1.60
2009.11.24 23:03:19.696,0.83635,0.83675,1.60,1.60
2009.11.24 23:04:12.094,0.83635,0.83685,1.60,1.60
2009.11.24 23:04:18.402,0.83645,0.83685,1.60,1.60
2009.11.24 23:04:26.500,0.83655,0.83695,1.60,1.60
2009.11.24 23:04:27.480,0.83655,0.83705,1.60,1.60
2009.11.24 23:04:49.285,0.83655,0.83705,1.60,3.20
2009.11.24 23:04:49.455,0.83655,0.83705,1.60,1.60
2009.11.24 23:04:50.095,0.83655,0.8371,1.60,3.40
2009.11.24 23:04:54.054,0.83655,0.83705,1.60,3.40
2009.11.24 23:04:54.114,0.83655,0.8369,1.60,1.60
2009.11.24 23:04:55.563,0.83645,0.8369,1.60,1.60
2009.11.24 23:05:07.040,0.83655,0.83695,1.60,1.60
2009.11.24 23:05:12.949,0.8366,0.837,1.60,1.80
2009.11.24 23:05:13.249,0.83665,0.837,1.60,1.60
2009.11.24 23:05:13.779,0.83665,0.83705,3.20,3.20
2009.11.24 23:05:14.059,0.83665,0.83705,3.20,1.60
2009.11.24 23:05:14.909,0.83655,0.837,1.60,1.60
2009.11.24 23:05:33.754,0.83655,0.837,1.60,1.80
2009.11.24 23:05:34.044,0.83655,0.837,1.60,1.60
2009.11.24 23:05:37.964,0.83665,0.83705,1.60,3.20
2009.11.24 23:05:38.193,0.83665,0.83705,3.20,3.20
2009.11.24 23:05:39.533,0.83665,0.83705,3.20,3.40
2009.11.24 23:05:40.003,0.83665,0.837,1.60,1.60
2009.11.24 23:05:40.113,0.8366,0.837,1.60,1.60
2009.11.24 23:05:41.303,0.83665,0.837,1.60,1.60
2009.11.24 23:05:41.362,0.8367,0.8371,1.60,1.60
2009.11.24 23:05:44.422,0.83685,0.8372,3.20,1.60
2009.11.24 23:05:44.772,0.83685,0.83715,1.60,1.60
2009.11.24 23:05:45.471,0.83685,0.83725,1.60,1.60
2009.11.24 23:05:45.821,0.83685,0.8373,1.60,1.60
2009.11.24 23:05:46.121,0.83695,0.83735,1.60,3.40
2009.11.24 23:05:46.461,0.83695,0.83735,3.20,3.20
2009.11.24 23:05:46.841,0.83695,0.83735,3.20,1.60
2009.11.24 23:05:47.081,0.837,0.8374,1.60,1.60
2009.11.24 23:05:47.371,0.83705,0.8374,1.60,1.60
2009.11.24 23:05:47.951,0.83705,0.8374,1.60,1.80
2009.11.24 23:05:50.570,0.83705,0.83735,1.60,1.00
2009.11.24 23:05:50.810,0.83705,0.8373,1.60,1.60
2009.11.24 23:05:50.990,0.83695,0.8373,1.60,1.60
2009.11.24 23:05:57.089,0.83695,0.83735,3.20,3.20
2009.11.24 23:05:57.549,0.83695,0.83735,3.20,1.60
2009.11.24 23:05:57.788,0.83695,0.83735,1.60,1.60
2009.11.24 23:05:58.178,0.83685,0.83735,4.00,3.40
2009.11.24 23:05:58.848,0.83685,0.83735,3.40,3.20
2009.11.24 23:06:01.438,0.8369,0.83735,1.00,3.20
2009.11.24 23:06:01.667,0.8369,0.83735,1.80,1.60
2009.11.24 23:06:11.685,0.83685,0.83735,3.40,3.20
2009.11.24 23:06:12.605,0.8369,0.83735,1.00,3.20
2009.11.24 23:06:13.485,0.83685,0.83735,3.40,3.20
2009.11.24 23:06:16.624,0.8369,0.83735,1.00,3.20
2009.11.24 23:06:16.744,0.83685,0.83735,3.40,3.20
2009.11.24 23:06:17.514,0.8369,0.83735,1.00,3.20
2009.11.24 23:06:17.684,0.83685,0.83735,3.40,3.20
2009.11.24 23:06:21.603,0.8369,0.83735,1.00,3.20
2009.11.24 23:06:21.773,0.83685,0.83735,3.40,3.20
2009.11.24 23:06:25.572,0.8369,0.83735,1.00,3.20
2009.11.24 23:06:25.692,0.83685,0.83735,3.40,3.20
2009.11.24 23:06:32.130,0.8369,0.83735,1.00,3.20
2009.11.24 23:06:32.310,0.83685,0.83735,3.40,3.20
2009.11.24 23:07:08.212,0.8369,0.83735,1.60,1.60
2009.11.24 23:07:09.161,0.8369,0.83735,1.80,1.60
2009.11.24 23:07:09.331,0.8369,0.83735,1.60,1.60
2009.11.24 23:07:15.110,0.8369,0.83735,1.80,1.60
2009.11.24 23:07:15.230,0.8369,0.83735,1.60,1.60
2009.11.24 23:07:24.108,0.8369,0.83735,1.80,1.60
2009.11.24 23:07:24.388,0.83705,0.83735,1.60,1.60
2009.11.24 23:07:24.678,0.8371,0.83745,1.60,1.70
2009.11.24 23:07:25.307,0.83705,0.83745,1.60,3.40
2009.11.24 23:07:25.837,0.837,0.8374,1.60,1.60
2009.11.24 23:07:27.557,0.837,0.8374,1.80,1.60
2009.11.24 23:07:30.816,0.83705,0.83745,1.00,3.20
2009.11.24 23:07:40.654,0.837,0.83735,1.80,1.60
2009.11.24 23:07:44.613,0.83705,0.83735,1.00,1.60
2009.11.24 23:07:44.783,0.837,0.83735,1.80,1.60
2009.11.24 23:07:49.762,0.83705,0.83735,1.00,1.60
2009.11.24 23:07:49.941,0.837,0.83735,1.80,1.60
2009.11.24 23:07:53.311,0.83695,0.83735,3.40,3.20
2009.11.24 23:07:53.421,0.83695,0.83735,1.80,3.20
2009.11.24 23:07:55.040,0.837,0.83735,1.00,3.20
2009.11.24 23:07:55.150,0.83695,0.83735,1.80,3.20
2009.11.24 23:08:08.937,0.83675,0.83725,1.60,3.20
2009.11.24 23:08:11.736,0.83675,0.8372,1.60,1.60
2009.11.24 23:08:15.205,0.83675,0.8372,1.70,1.60
2009.11.24 23:08:15.615,0.83675,0.8372,1.60,1.60
2009.11.24 23:08:19.774,0.83675,0.83715,1.60,1.60
2009.11.24 23:08:35.151,0.83675,0.83715,1.70,1.60
2009.11.24 23:08:35.651,0.83675,0.83715,1.60,1.60
2009.11.24 23:08:55.136,0.83675,0.83715,1.70,1.60
2009.11.24 23:08:55.646,0.83675,0.83715,1.60,1.60
2009.11.24 23:09:06.453,0.83675,0.8372,3.20,1.60
2009.11.24 23:09:08.493,0.83675,0.8372,3.30,1.60
2009.11.24 23:09:08.662,0.83675,0.8372,3.40,1.60
2009.11.24 23:09:17.101,0.8368,0.8372,1.00,1.60
2009.11.24 23:09:17.280,0.83675,0.8372,3.40,1.60
2009.11.24 23:09:17.740,0.8368,0.8372,1.00,1.60
2009.11.24 23:09:17.971,0.83675,0.8372,3.40,1.60
2009.11.24 23:09:18.330,0.8368,0.8372,1.00,1.60
2009.11.24 23:09:18.630,0.83675,0.8372,3.40,1.60
2009.11.24 23:09:40.715,0.8368,0.8372,1.00,1.60
2009.11.24 23:09:41.645,0.83675,0.8372,3.40,1.60
2009.11.24 23:09:44.564,0.8368,0.8372,1.00,1.60
2009.11.24 23:09:46.513,0.83675,0.8372,3.40,1.60
2009.11.24 23:09:59.371,0.8368,0.8372,1.60,1.60
2009.11.24 23:10:08.398,0.8368,0.8372,1.80,1.60
2009.11.24 23:10:08.738,0.8368,0.83725,1.60,3.30
2009.11.24 23:10:11.667,0.83685,0.83725,1.60,3.40
2009.11.24 23:10:11.907,0.83685,0.83725,1.60,3.20
2009.11.24 23:10:12.187,0.8368,0.8372,1.60,1.60
2009.11.24 23:10:31.093,0.83685,0.83725,1.60,3.40
2009.11.24 23:10:31.482,0.83685,0.83725,1.60,3.20
2009.11.24 23:10:31.823,0.8368,0.8372,1.60,1.60
2009.11.24 23:10:35.262,0.83685,0.83725,1.60,3.40
2009.11.24 23:10:35.322,0.83685,0.83725,1.60,3.20
2009.11.24 23:10:35.431,0.83685,0.83725,3.20,3.20
2009.11.24 23:10:35.542,0.83685,0.8372,1.60,1.60
2009.11.24 23:10:39.561,0.83685,0.83725,3.20,3.20
2009.11.24 23:10:39.681,0.83685,0.8372,1.60,1.60
2009.11.24 23:10:44.460,0.83685,0.83725,3.20,3.20
2009.11.24 23:11:08.913,0.83685,0.83725,3.20,3.40
2009.11.24 23:11:09.264,0.83685,0.8372,1.60,1.60
2009.11.24 23:11:09.903,0.8368,0.8372,1.60,1.60
2009.11.24 23:11:10.123,0.8368,0.8372,1.80,1.60
2009.11.24 23:11:11.593,0.83685,0.83725,1.60,3.20
2009.11.24 23:11:12.103,0.83685,0.83725,3.20,3.20
2009.11.24 23:12:26.255,0.83685,0.83725,3.40,3.20
2009.11.24 23:12:26.595,0.83685,0.83725,3.20,3.20
2009.11.24 23:12:33.973,0.83685,0.83725,3.40,3.20
2009.11.24 23:12:34.673,0.83685,0.83725,3.20,3.20
2009.11.24 23:12:36.043,0.83685,0.83725,3.40,3.20
2009.11.24 23:12:36.383,0.83685,0.83725,3.20,3.20
2009.11.24 23:12:42.561,0.83685,0.83725,3.40,3.20
2009.11.24 23:12:43.371,0.83685,0.83725,3.20,3.20
2009.11.24 23:12:44.531,0.83685,0.83725,3.40,3.20
2009.11.24 23:12:49.929,0.83685,0.83725,3.20,3.20
2009.11.24 23:12:49.979,0.83685,0.83725,3.40,3.20
2009.11.24 23:13:14.354,0.83685,0.83725,3.20,3.20
2009.11.24 23:13:41.057,0.83685,0.8372,1.60,1.60
2009.11.24 23:13:41.167,0.83665,0.83715,1.60,1.60
2009.11.24 23:13:41.347,0.83675,0.83715,1.60,1.60
2009.11.24 23:13:44.586,0.83665,0.83715,1.60,1.60
2009.11.24 23:13:45.326,0.83665,0.83705,1.60,1.60
2009.11.24 23:13:51.654,0.83655,0.83705,1.60,1.60
2009.11.24 23:14:10.500,0.83655,0.83695,1.60,1.60
2009.11.24 23:15:39.258,0.83655,0.83695,3.20,1.60
2009.11.24 23:15:39.428,0.83655,0.83705,3.20,1.60
2009.11.24 23:15:46.617,0.83655,0.83705,3.40,1.60
2009.11.24 23:15:46.787,0.83665,0.83705,1.60,1.60
2009.11.24 23:15:46.967,0.83665,0.83715,1.60,1.60
2009.11.24 23:15:48.076,0.83665,0.83705,1.60,1.60
2009.11.24 23:16:03.493,0.83665,0.83715,3.20,1.60
2009.11.24 23:16:40.844,0.83665,0.83715,3.40,1.60
2009.11.24 23:16:41.714,0.83665,0.83715,3.20,1.60
2009.11.24 23:16:57.870,0.83675,0.83715,1.60,1.60
2009.11.24 23:16:58.090,0.83675,0.83715,1.60,1.60
2009.11.24 23:16:58.200,0.83675,0.83715,3.20,1.60
2009.11.24 23:16:58.430,0.83675,0.83715,1.60,1.60
2009.11.24 23:16:58.889,0.83665,0.83715,3.20,1.60
2009.11.24 23:16:59.229,0.83665,0.83715,3.40,1.60
2009.11.24 23:16:59.619,0.83665,0.83715,3.20,1.60
2009.11.24 23:17:02.319,0.83675,0.83715,3.20,1.60
2009.11.24 23:17:03.358,0.8368,0.83725,1.60,1.60
2009.11.24 23:17:16.435,0.83685,0.83725,1.60,1.60
2009.11.24 23:17:32.601,0.83675,0.83725,3.40,1.60
2009.11.24 23:17:33.301,0.83675,0.83725,3.20,1.60
2009.11.24 23:17:33.531,0.83675,0.83725,3.40,1.60
2009.11.24 23:17:44.089,0.8368,0.83725,1.60,1.60
2009.11.24 23:17:44.199,0.8368,0.83725,1.80,1.60
2009.11.24 23:17:45.118,0.8368,0.83725,1.60,1.60
2009.11.24 23:17:45.468,0.8368,0.83725,1.80,1.60
2009.11.24 23:17:45.648,0.8368,0.83725,1.60,1.60
2009.11.24 23:17:46.008,0.83675,0.83725,3.40,1.60
2009.11.24 23:17:48.518,0.83675,0.83725,1.60,3.20
2009.11.24 23:17:48.928,0.83675,0.83715,1.60,1.60
2009.11.24 23:17:59.935,0.83675,0.83725,3.40,1.60
2009.11.24 23:18:01.645,0.83675,0.83725,3.20,1.60
2009.11.24 23:18:01.824,0.83675,0.83725,3.40,1.60
2009.11.24 23:18:03.054,0.8368,0.83725,1.60,1.60
2009.11.24 23:18:03.234,0.83685,0.83725,1.60,1.60
2009.11.24 23:18:35.636,0.83685,0.83735,1.60,1.60
2009.11.24 23:19:10.128,0.8369,0.83735,1.60,1.60
2009.11.24 23:19:12.837,0.8369,0.83735,1.80,1.60
2009.11.24 23:19:16.216,0.8369,0.83735,1.60,1.60
2009.11.24 23:19:16.327,0.8369,0.83735,1.80,1.60
2009.11.24 23:19:19.216,0.83685,0.8373,1.70,1.60
2009.11.24 23:19:19.376,0.83685,0.83725,1.00,1.60
2009.11.24 23:19:21.275,0.8368,0.83725,1.80,1.60
2009.11.24 23:19:21.625,0.83685,0.83725,1.00,1.60
2009.11.24 23:19:22.945,0.8368,0.83725,1.80,1.60
2009.11.24 23:19:24.545,0.83685,0.83725,1.00,1.60
2009.11.24 23:19:52.678,0.83685,0.83725,1.00,1.60
2009.11.24 23:19:52.908,0.83685,0.83725,1.00,1.60
2009.11.24 23:19:55.447,0.8369,0.83725,1.00,1.60
2009.11.24 23:20:04.575,0.83685,0.83725,1.00,1.60
2009.11.24 23:20:04.915,0.8369,0.83725,1.00,1.60
2009.11.24 23:20:09.754,0.83685,0.83725,1.00,1.60
2009.11.24 23:20:09.913,0.83685,0.8372,1.00,1.60
2009.11.24 23:20:11.063,0.8368,0.8372,1.80,1.60
2009.11.24 23:20:11.223,0.83685,0.8372,1.00,1.60
2009.11.24 23:20:11.343,0.8368,0.8372,1.80,1.60
2009.11.24 23:20:24.400,0.83685,0.83725,1.00,3.20
2009.11.24 23:20:24.740,0.8368,0.8372,1.80,1.60
2009.11.24 23:20:25.380,0.8368,0.83715,1.80,1.60
2009.11.24 23:20:27.089,0.8368,0.83715,1.60,1.60
2009.11.24 23:20:27.210,0.8368,0.83715,1.80,1.60
2009.11.24 23:20:34.678,0.83675,0.83715,3.40,3.20
2009.11.24 23:20:35.027,0.83675,0.83715,1.80,3.20
2009.11.24 23:20:37.107,0.83675,0.83715,1.60,3.20
2009.11.24 23:20:37.227,0.83675,0.83715,1.80,3.20
2009.11.24 23:20:44.355,0.83675,0.83715,1.60,3.20
2009.11.24 23:20:45.835,0.83675,0.83715,1.60,3.40
2009.11.24 23:20:46.005,0.83675,0.83715,1.80,3.20
2009.11.24 23:20:48.105,0.83675,0.83715,1.60,3.40
2009.11.24 23:20:48.344,0.83675,0.83715,1.80,3.20
2009.11.24 23:20:50.074,0.83675,0.83715,1.60,3.40
2009.11.24 23:20:52.703,0.83675,0.83715,1.70,3.20
2009.11.24 23:20:53.053,0.83675,0.83715,1.80,3.20
2009.11.24 23:21:09.089,0.83675,0.83715,1.60,3.40
2009.11.24 23:21:09.309,0.83675,0.83715,1.80,3.20
2009.11.24 23:21:09.719,0.83675,0.83715,1.60,3.40
2009.11.24 23:21:16.597,0.83665,0.83705,3.20,3.20
2009.11.24 23:21:50.040,0.83665,0.837,1.60,1.60
2009.11.24 23:21:50.739,0.8366,0.837,1.80,1.60
2009.11.24 23:22:18.882,0.83665,0.837,1.00,1.60
2009.11.24 23:22:19.323,0.8366,0.837,1.80,1.60
2009.11.24 23:22:43.896,0.8366,0.83695,1.00,1.60
2009.11.24 23:22:49.997,0.83655,0.8369,1.60,1.60
2009.11.24 23:22:50.395,0.83645,0.8368,1.60,1.60
2009.11.24 23:22:53.104,0.8365,0.83685,1.60,1.60
2009.11.24 23:22:53.444,0.83645,0.8368,1.60,1.60
2009.11.24 23:22:54.484,0.83645,0.83685,3.20,3.20
2009.11.24 23:22:55.634,0.83645,0.83685,3.40,3.20
2009.11.24 23:22:55.984,0.83645,0.83685,3.20,3.20
2009.11.24 23:22:56.973,0.83645,0.83685,3.40,3.20
2009.11.24 23:22:58.133,0.83645,0.83685,3.20,3.40
2009.11.24 23:22:58.373,0.83645,0.83685,3.40,3.20
2009.11.24 23:23:03.132,0.83645,0.83685,3.20,3.20
2009.11.24 23:23:03.492,0.83645,0.83685,3.40,3.20
2009.11.24 23:23:07.141,0.83645,0.83685,3.20,3.20
2009.11.24 23:23:07.471,0.83645,0.83685,3.40,3.20
2009.11.24 23:23:12.699,0.83645,0.83685,3.40,3.20
2009.11.24 23:23:13.730,0.8365,0.83685,1.00,1.60
2009.11.24 23:23:13.899,0.83645,0.83685,3.40,1.60
2009.11.24 23:23:14.069,0.83645,0.83685,3.30,1.60
2009.11.24 23:23:14.249,0.83645,0.83685,3.40,1.60
2009.11.24 23:23:16.709,0.83645,0.83685,3.20,1.60
2009.11.24 23:23:16.999,0.83645,0.83685,3.40,1.60
2009.11.24 23:23:18.548,0.83645,0.83685,3.20,1.60
2009.11.24 23:23:18.848,0.83645,0.83685,3.40,1.60
2009.11.24 23:23:22.577,0.83645,0.83685,3.20,1.60
2009.11.24 23:23:22.977,0.83645,0.83685,3.40,1.60
2009.11.24 23:23:23.557,0.83645,0.83685,3.20,1.60
2009.11.24 23:23:24.067,0.83645,0.83685,3.40,1.60
2009.11.24 23:23:26.546,0.83645,0.83685,3.20,1.60
2009.11.24 23:23:26.716,0.83645,0.83685,3.40,1.60
2009.11.24 23:23:27.126,0.83645,0.83685,3.20,1.60
2009.11.24 23:23:27.186,0.83645,0.83685,3.40,1.60
2009.11.24 23:23:28.106,0.83645,0.83685,3.20,1.60
2009.11.24 23:23:28.386,0.83645,0.83685,3.40,1.60
2009.11.24 23:23:30.975,0.83645,0.83685,3.20,1.60
2009.11.24 23:23:31.195,0.83645,0.8368,1.00,1.60
2009.11.24 23:23:31.415,0.8364,0.8368,1.80,1.60
2009.11.24 23:23:32.165,0.83645,0.8368,1.00,1.60
2009.11.24 23:23:32.335,0.8364,0.8368,1.80,1.60
2009.11.24 23:23:39.293,0.83645,0.8368,1.00,1.60
2009.11.24 23:23:39.403,0.8364,0.8368,1.70,1.60
2009.11.24 23:23:39.523,0.8364,0.8368,1.80,1.60
2009.11.24 23:23:39.643,0.8364,0.83685,1.60,3.30
2009.11.24 23:23:40.493,0.8364,0.8368,1.80,1.60
2009.11.24 23:23:44.022,0.8364,0.83675,1.80,1.60
2009.11.24 23:24:21.793,0.8364,0.8368,1.80,1.60
2009.11.24 23:24:41.018,0.8364,0.8368,1.60,1.60
2009.11.24 23:24:42.778,0.8364,0.83675,1.60,1.60
2009.11.24 23:24:54.315,0.8364,0.83675,1.80,1.60
2009.11.24 23:24:54.735,0.8364,0.83675,1.60,1.60
2009.11.24 23:24:55.065,0.8364,0.83675,1.80,1.60
2009.11.24 23:24:59.074,0.8364,0.83675,1.60,1.60
2009.11.24 23:24:59.194,0.8364,0.83675,1.80,1.60
2009.11.24 23:24:59.644,0.8364,0.83675,1.60,1.60
2009.11.24 23:24:59.754,0.8364,0.83675,1.80,1.60
2009.11.24 23:25:00.094,0.8364,0.83675,1.60,1.60
2009.11.24 23:25:00.444,0.8364,0.83675,1.80,1.60
2009.11.24 23:25:01.663,0.8364,0.83675,1.60,1.60
2009.11.24 23:25:01.883,0.8364,0.83675,1.80,1.60
2009.11.24 23:25:05.633,0.8364,0.83675,1.60,1.60
2009.11.24 23:25:05.923,0.8364,0.83675,1.80,1.60
2009.11.24 23:25:06.222,0.8364,0.83675,1.70,1.60
2009.11.24 23:25:06.512,0.8364,0.83675,1.80,1.60
2009.11.24 23:25:07.812,0.8364,0.83675,1.60,1.60
2009.11.24 23:25:08.162,0.8364,0.83675,1.80,1.60
2009.11.24 23:25:11.451,0.8364,0.83675,1.60,1.60
2009.11.24 23:25:11.911,0.8364,0.83675,1.80,1.60
2009.11.24 23:25:14.100,0.8364,0.83675,1.60,1.60
2009.11.24 23:25:14.220,0.8364,0.83675,1.80,1.60
2009.11.24 23:25:14.670,0.8364,0.83675,1.60,1.60
2009.11.24 23:25:14.950,0.8364,0.83675,1.80,1.60
2009.11.24 23:25:18.069,0.8364,0.83675,1.60,1.60
2009.11.24 23:25:18.369,0.8364,0.83675,1.80,1.60
2009.11.24 23:25:22.648,0.8364,0.83675,1.60,1.60
2009.11.24 23:25:22.988,0.83635,0.83675,3.50,1.60
2009.11.24 23:25:25.618,0.8364,0.83675,1.60,1.60
2009.11.24 23:25:25.917,0.8364,0.83675,1.80,1.60
2009.11.24 23:26:15.096,0.8364,0.83675,1.60,1.60
2009.11.24 23:26:15.266,0.8364,0.83675,1.80,1.60
2009.11.24 23:26:17.055,0.83635,0.83675,3.20,1.60
2009.11.24 23:26:17.175,0.8364,0.83675,1.80,1.60
2009.11.24 23:26:33.211,0.8364,0.83675,1.60,1.60
2009.11.24 23:26:34.371,0.8364,0.83675,1.70,1.60
2009.11.24 23:26:46.168,0.8364,0.8368,1.70,1.60
2009.11.24 23:26:51.807,0.8364,0.8368,1.80,1.80
2009.11.24 23:26:53.616,0.8364,0.8368,1.80,1.60
2009.11.24 23:26:54.126,0.8364,0.8368,1.60,1.80
2009.11.24 23:26:54.176,0.8364,0.83685,1.80,3.30
2009.11.24 23:27:01.235,0.8364,0.8368,1.60,1.80
2009.11.24 23:27:01.534,0.8364,0.83675,1.60,1.60
2009.11.24 23:27:01.645,0.8364,0.83675,1.80,1.60
2009.11.24 23:27:01.815,0.8364,0.83675,1.60,1.60
2009.11.24 23:27:02.605,0.8364,0.83675,1.80,1.60
2009.11.24 23:27:02.944,0.8364,0.83675,1.60,1.60
2009.11.24 23:27:03.354,0.8364,0.83675,1.80,1.60
2009.11.24 23:27:15.041,0.8364,0.83675,1.60,1.60
2009.11.24 23:27:15.321,0.8364,0.83675,1.80,1.60
2009.11.24 23:27:15.441,0.8364,0.83675,1.60,1.60
2009.11.24 23:27:33.017,0.8364,0.83675,1.80,1.60
2009.11.24 23:27:35.616,0.8364,0.83675,1.60,1.70
2009.11.24 23:27:35.846,0.8364,0.83675,1.60,1.60
2009.11.24 23:27:36.136,0.8364,0.83675,1.60,1.70
2009.11.24 23:27:36.306,0.8364,0.83675,1.60,1.60
2009.11.24 23:27:39.395,0.8364,0.8368,1.60,3.50
2009.11.24 23:27:39.665,0.8364,0.83675,1.60,1.60
2009.11.24 23:27:40.135,0.8364,0.83675,1.60,1.70
2009.11.24 23:27:40.255,0.8364,0.83675,1.60,1.60
2009.11.24 23:27:40.705,0.8364,0.83675,1.60,1.70
2009.11.24 23:27:41.035,0.8364,0.83675,1.60,1.60
2009.11.24 23:27:43.154,0.8364,0.83675,1.60,1.70
2009.11.24 23:27:43.504,0.8364,0.83675,1.60,1.60
2009.11.24 23:27:50.863,0.8364,0.83675,1.80,1.60
2009.11.24 23:27:51.333,0.8364,0.83675,1.60,1.60
2009.11.24 23:27:53.642,0.8364,0.83675,1.60,1.70
2009.11.24 23:27:53.872,0.8364,0.83675,1.60,1.60
2009.11.24 23:27:54.112,0.8364,0.83675,1.60,1.70
2009.11.24 23:27:54.452,0.8364,0.83675,1.60,1.60
2009.11.24 23:27:55.152,0.8364,0.83675,1.60,1.70
2009.11.24 23:27:55.262,0.8364,0.83675,1.60,1.60
2009.11.24 23:27:58.141,0.8364,0.83675,1.60,1.70
2009.11.24 23:27:58.471,0.8364,0.83675,1.60,1.60
2009.11.24 23:27:59.191,0.8364,0.83675,1.60,1.70
2009.11.24 23:27:59.361,0.8364,0.83675,1.60,1.60
2009.11.24 23:28:01.180,0.8364,0.83675,1.60,1.60
2009.11.24 23:28:01.300,0.8364,0.83675,1.60,1.60
2009.11.24 23:28:02.160,0.8364,0.83675,1.60,1.60
2009.11.24 23:28:02.280,0.8364,0.83675,1.60,1.60
2009.11.24 23:28:06.539,0.8364,0.83675,1.70,1.60
2009.11.24 23:28:06.979,0.8364,0.83675,1.80,1.60
2009.11.24 23:28:07.099,0.8364,0.83675,1.60,1.60
2009.11.24 23:28:07.219,0.8364,0.83675,1.80,1.60
2009.11.24 23:28:07.329,0.8364,0.83675,1.60,1.60
2009.11.24 23:28:07.679,0.8364,0.83675,1.60,1.70
2009.11.24 23:28:07.798,0.8364,0.83675,1.60,1.60
2009.11.24 23:28:08.078,0.8364,0.83675,1.70,1.60
2009.11.24 23:28:08.408,0.8364,0.83675,1.60,1.60
2009.11.24 23:28:08.759,0.8364,0.83675,1.80,1.60
2009.11.24 23:28:27.644,0.8364,0.83675,1.60,1.70
2009.11.24 23:28:27.864,0.8364,0.83675,1.60,1.60
2009.11.24 23:28:28.554,0.8364,0.83675,1.60,1.70
2009.11.24 23:28:28.904,0.8364,0.83675,1.60,1.60
2009.11.24 23:28:37.642,0.8364,0.83675,1.80,1.60
2009.11.24 23:28:37.761,0.8364,0.83675,1.60,1.60
2009.11.24 23:28:41.771,0.8364,0.83675,1.80,1.60
2009.11.24 23:28:42.580,0.8364,0.83675,1.60,1.60
2009.11.24 23:28:43.210,0.8364,0.83675,1.80,1.60
2009.11.24 23:28:46.069,0.8364,0.83675,1.60,1.60
2009.11.24 23:28:46.429,0.8364,0.83675,1.80,1.60
2009.11.24 23:28:48.279,0.8364,0.83675,1.60,1.60
2009.11.24 23:28:48.619,0.8364,0.83675,1.80,1.60
2009.11.24 23:28:50.108,0.8364,0.83675,1.60,1.60
2009.11.24 23:28:50.278,0.8364,0.83675,1.80,1.60
2009.11.24 23:28:52.158,0.8364,0.83675,1.60,1.60
2009.11.24 23:28:52.388,0.8364,0.83675,1.80,1.60
2009.11.24 23:28:52.548,0.8364,0.83675,1.60,1.60
2009.11.24 23:28:52.788,0.8364,0.83675,1.80,1.60
2009.11.24 23:28:53.817,0.8364,0.83675,1.60,1.60
2009.11.24 23:28:54.177,0.8364,0.83675,1.70,1.60
2009.11.24 23:28:54.527,0.8364,0.83675,1.80,1.60
2009.11.24 23:28:54.577,0.8364,0.83675,1.60,1.60
2009.11.24 23:28:54.817,0.8364,0.8368,1.80,3.20
2009.11.24 23:28:56.597,0.83635,0.83675,3.30,1.60
2009.11.24 23:28:56.707,0.8364,0.83675,1.80,1.60
2009.11.24 23:28:57.587,0.8364,0.83675,1.60,1.60
2009.11.24 23:28:57.706,0.8364,0.83675,1.80,1.60
2009.11.24 23:28:59.106,0.8364,0.83675,1.60,1.60
2009.11.24 23:28:59.386,0.8364,0.83675,1.80,1.60
2009.11.24 23:29:03.615,0.8364,0.83675,1.60,1.60
2009.11.24 23:29:03.785,0.8364,0.83675,1.80,1.60
2009.11.24 23:29:04.605,0.8364,0.83675,1.60,1.60
2009.11.24 23:29:04.775,0.8364,0.83675,1.80,1.60
2009.11.24 23:29:23.630,0.8364,0.83675,1.60,1.60
2009.11.24 23:29:23.910,0.8364,0.83675,1.80,1.60
2009.11.24 23:29:27.190,0.8364,0.83675,1.60,1.60
2009.11.24 23:29:27.480,0.8364,0.83675,1.80,1.60
2009.11.24 23:29:31.258,0.8364,0.83675,1.60,1.60
2009.11.24 23:29:31.598,0.8364,0.83675,1.80,1.60
2009.11.24 23:29:32.058,0.8364,0.83675,1.60,1.60
2009.11.24 23:29:32.288,0.8364,0.83675,1.80,1.60
2009.11.24 23:29:32.638,0.8364,0.83675,1.60,1.60
2009.11.24 23:29:32.758,0.8364,0.83675,1.80,1.60
2009.11.24 23:29:36.127,0.8364,0.83675,1.60,1.60
2009.11.24 23:29:36.477,0.8364,0.83675,1.80,1.60
2009.11.24 23:29:40.616,0.8364,0.83675,1.60,1.60
2009.11.24 23:29:40.966,0.8364,0.83675,1.80,1.60
2009.11.24 23:29:44.615,0.8364,0.83675,1.60,1.60
2009.11.24 23:29:44.785,0.8364,0.83675,1.80,1.60
2009.11.24 23:29:47.665,0.8364,0.83675,1.60,1.60
2009.11.24 23:29:47.775,0.8364,0.83675,1.80,1.60
2009.11.24 23:29:53.723,0.8364,0.83675,1.60,1.60
2009.11.24 23:29:54.063,0.8364,0.83675,1.80,1.60
2009.11.24 23:29:54.183,0.8364,0.83675,1.70,1.60
2009.11.24 23:29:54.363,0.8364,0.83675,1.80,1.60
2009.11.24 23:30:07.220,0.83645,0.83675,1.00,1.60
2009.11.24 23:30:07.340,0.8364,0.83675,1.80,1.60
2009.11.24 23:30:10.599,0.83645,0.83675,1.00,1.60
2009.11.24 23:30:11.589,0.8364,0.83675,1.80,1.60
2009.11.24 23:30:11.929,0.83645,0.83675,1.00,1.60
2009.11.24 23:30:12.618,0.8364,0.83675,1.80,1.60
2009.11.24 23:30:12.678,0.83645,0.83675,1.00,1.60
2009.11.24 23:30:14.238,0.8364,0.83675,1.80,1.60
2009.11.24 23:30:17.537,0.8364,0.83675,1.80,1.70
2009.11.24 23:30:17.807,0.8364,0.83675,1.80,1.60
2009.11.24 23:30:22.286,0.8364,0.83675,1.00,1.60
2009.11.24 23:30:24.146,0.83645,0.83675,1.00,1.60
2009.11.24 23:30:24.316,0.8364,0.83675,1.00,1.60
2009.11.24 23:30:24.656,0.83645,0.83675,1.00,1.60
2009.11.24 23:30:24.766,0.8364,0.83675,1.00,1.60
2009.11.24 23:30:31.094,0.83645,0.83675,1.00,1.60
2009.11.24 23:30:32.404,0.8364,0.83675,1.00,1.60
2009.11.24 23:30:41.961,0.8364,0.8368,1.00,1.00
2009.11.24 23:30:53.919,0.83645,0.83685,1.00,1.70
2009.11.24 23:30:54.259,0.8364,0.8368,1.00,1.00
2009.11.24 23:30:55.838,0.83645,0.83685,1.00,1.70
2009.11.24 23:31:24.181,0.83645,0.83675,1.00,1.60
2009.11.24 23:31:25.661,0.8364,0.83685,1.00,1.70
2009.11.24 23:31:25.901,0.8364,0.8368,1.80,3.20
2009.11.24 23:31:26.191,0.8364,0.83675,1.80,1.60
2009.11.24 23:31:32.329,0.83655,0.8368,1.60,1.60
2009.11.24 23:31:32.389,0.83655,0.83685,3.40,1.60
2009.11.24 23:31:32.440,0.8365,0.8369,2.00,1.00
2009.11.24 23:31:32.560,0.8365,0.8369,1.80,1.00
2009.11.24 23:31:33.369,0.8365,0.8369,1.00,1.00
2009.11.24 23:31:33.719,0.8365,0.83685,1.00,1.60
2009.11.24 23:31:34.429,0.8365,0.83685,1.00,3.20
2009.11.24 23:31:43.787,0.83655,0.8369,1.70,3.40
2009.11.24 23:31:55.354,0.83655,0.8369,1.60,3.40
2009.11.24 23:31:55.524,0.8365,0.83685,1.80,1.60
2009.11.24 23:31:55.854,0.8365,0.83685,1.00,3.20
2009.11.24 23:32:00.093,0.83645,0.83685,1.70,3.40
2009.11.24 23:32:00.263,0.83645,0.83685,1.00,3.40
2009.11.24 23:32:09.930,0.83645,0.8368,1.00,1.60
2009.11.24 23:32:10.090,0.83645,0.8368,1.00,3.20
2009.11.24 23:32:10.270,0.8364,0.8368,1.80,3.40
2009.11.24 23:32:10.440,0.8364,0.83675,1.80,1.60
2009.11.24 23:32:11.450,0.8364,0.83675,1.70,1.60
2009.11.24 23:32:11.810,0.8364,0.83675,1.80,1.60
2009.11.24 23:32:14.380,0.83645,0.83675,1.00,1.60
2009.11.24 23:32:38.983,0.8364,0.83675,1.80,1.60
2009.11.24 23:32:51.800,0.83645,0.83675,1.00,1.60
2009.11.24 23:32:52.030,0.83645,0.83675,3.40,1.60
2009.11.24 23:32:52.700,0.83645,0.83675,3.20,1.60
2009.11.24 23:32:52.930,0.83645,0.83675,3.40,1.60
2009.11.24 23:32:53.110,0.83645,0.83675,3.30,1.60
2009.11.24 23:32:53.350,0.83645,0.83675,3.40,1.60
2009.11.24 23:32:53.570,0.83645,0.83675,3.20,1.60
2009.11.24 23:32:53.800,0.83645,0.83675,3.40,1.60
2009.11.24 23:32:57.649,0.83645,0.83675,3.20,1.60
2009.11.24 23:32:57.879,0.83645,0.83675,3.40,1.60
2009.11.24 23:33:03.597,0.83645,0.83675,3.20,1.60
2009.11.24 23:33:03.717,0.83645,0.83675,3.40,1.60
2009.11.24 23:33:04.127,0.83645,0.83675,3.20,1.60
2009.11.24 23:33:04.407,0.83645,0.83675,3.40,1.60
2009.11.24 23:33:06.557,0.83645,0.83675,3.20,1.60
2009.11.24 23:33:06.837,0.83645,0.83675,3.40,1.60
2009.11.24 23:33:11.646,0.83645,0.83675,3.20,1.60
2009.11.24 23:33:11.985,0.83645,0.83675,3.40,1.60
2009.11.24 23:33:12.105,0.83645,0.83675,3.20,1.60
2009.11.24 23:33:12.225,0.83645,0.83675,3.40,1.60
2009.11.24 23:33:20.153,0.83645,0.83675,3.20,1.60
2009.11.24 23:33:20.443,0.83645,0.83675,3.40,1.60
2009.11.24 23:33:24.562,0.83645,0.83675,3.20,1.60
2009.11.24 23:33:24.912,0.83645,0.83675,3.40,1.60
2009.11.24 23:33:27.652,0.83645,0.83675,3.20,1.60
2009.11.24 23:33:27.771,0.83645,0.83675,3.40,1.60
2009.11.24 23:33:28.072,0.83645,0.83675,3.20,1.60
2009.11.24 23:33:28.191,0.83645,0.83675,3.40,1.60
2009.11.24 23:33:38.189,0.83645,0.83675,3.20,1.60
2009.11.24 23:33:38.519,0.83645,0.83675,3.40,1.60
2009.11.24 23:33:42.188,0.83645,0.83675,3.20,1.60
2009.11.24 23:33:42.248,0.83645,0.83675,3.40,1.60
2009.11.24 23:33:54.655,0.83645,0.83675,3.20,1.60
2009.11.24 23:33:55.665,0.83645,0.83675,3.40,1.60
2009.11.24 23:33:58.794,0.83645,0.83675,3.20,1.60
2009.11.24 23:33:59.814,0.83645,0.83675,3.40,1.60
2009.11.24 23:34:00.224,0.83645,0.83675,3.20,1.60
2009.11.24 23:34:00.394,0.83645,0.83675,3.40,1.60
2009.11.24 23:34:16.180,0.83645,0.83675,3.20,1.60
2009.11.24 23:34:16.520,0.83645,0.83675,3.40,1.60
2009.11.24 23:34:21.179,0.83645,0.83675,3.20,1.60
2009.11.24 23:34:21.530,0.8365,0.83675,1.60,1.60
2009.11.24 23:34:21.869,0.8365,0.83685,1.60,3.40
2009.11.24 23:34:22.209,0.8365,0.83685,1.60,3.30
2009.11.24 23:34:22.549,0.8365,0.83685,1.60,3.40
2009.11.24 23:34:22.889,0.8365,0.8368,1.60,1.00
2009.11.24 23:34:23.179,0.8365,0.83685,1.60,3.40
2009.11.24 23:34:24.328,0.83655,0.83685,1.60,1.70
2009.11.24 23:34:24.618,0.83655,0.83685,1.00,1.60
2009.11.24 23:34:24.898,0.8365,0.83685,1.60,3.40
2009.11.24 23:34:45.114,0.8365,0.8368,1.60,1.00
2009.11.24 23:34:45.233,0.8365,0.83685,1.60,3.40
2009.11.24 23:34:45.633,0.8365,0.8368,1.60,1.00
2009.11.24 23:34:46.154,0.8365,0.83685,1.60,3.40
2009.11.24 23:34:51.612,0.8365,0.8368,1.60,1.00
2009.11.24 23:34:51.892,0.8365,0.83685,1.60,3.40
2009.11.24 23:34:54.801,0.8365,0.83685,1.80,3.20
2009.11.24 23:34:55.031,0.83655,0.83685,1.80,1.60
2009.11.24 23:34:55.271,0.83655,0.83695,3.40,3.40
2009.11.24 23:34:59.580,0.83655,0.83695,5.00,3.40
2009.11.24 23:35:00.320,0.83655,0.8369,5.00,1.00
2009.11.24 23:35:00.540,0.83655,0.83695,5.00,3.40
2009.11.24 23:35:02.570,0.83665,0.83695,1.70,1.60
2009.11.24 23:35:02.789,0.83665,0.83695,3.40,1.60
2009.11.24 23:35:02.909,0.83665,0.83705,3.40,3.40
2009.11.24 23:35:03.989,0.8366,0.83705,2.70,3.40
2009.11.24 23:35:05.029,0.83665,0.83705,3.40,3.40
2009.11.24 23:35:20.335,0.83665,0.837,3.20,1.00
2009.11.24 23:35:20.565,0.8366,0.83705,3.60,3.40
2009.11.24 23:35:25.844,0.83665,0.83705,1.70,3.40
2009.11.24 23:35:26.144,0.8366,0.837,1.80,1.00
2009.11.24 23:35:31.092,0.8366,0.83685,1.00,1.60
2009.11.24 23:35:31.263,0.83655,0.83685,1.60,1.00
2009.11.24 23:35:31.432,0.83655,0.83685,1.60,1.80
2009.11.24 23:35:31.602,0.8365,0.83685,1.60,1.80
2009.11.24 23:35:31.942,0.8365,0.83685,1.60,3.40
2009.11.24 23:35:33.602,0.83645,0.8368,5.00,1.60
2009.11.24 23:35:33.882,0.83645,0.8368,3.40,1.60
2009.11.24 23:35:33.992,0.83645,0.8368,3.30,1.70
2009.11.24 23:35:34.352,0.83645,0.8368,3.40,1.80
2009.11.24 23:35:35.581,0.8365,0.8368,1.00,1.60
2009.11.24 23:35:35.762,0.8365,0.83685,1.80,3.40
2009.11.24 23:35:35.931,0.83655,0.83685,1.00,1.60
2009.11.24 23:35:36.622,0.83655,0.83695,1.80,3.40
2009.11.24 23:35:37.341,0.83655,0.83695,3.40,3.40
2009.11.24 23:35:37.851,0.83655,0.8369,1.70,1.60
2009.11.24 23:35:38.181,0.8365,0.83685,1.80,1.60
2009.11.24 23:35:38.991,0.8365,0.83685,1.80,3.20
2009.11.24 23:35:39.331,0.8365,0.83685,1.60,3.40
2009.11.24 23:35:40.810,0.83655,0.83685,1.00,1.60
2009.11.24 23:35:41.040,0.83655,0.83685,1.70,1.60
2009.11.24 23:35:41.560,0.83665,0.83695,1.70,1.60
2009.11.24 23:35:45.919,0.83655,0.83695,5.00,3.40
2009.11.24 23:35:46.199,0.83655,0.83695,3.40,3.40
2009.11.24 23:35:50.108,0.83655,0.8369,3.40,1.00
2009.11.24 23:36:01.485,0.83655,0.83685,3.20,1.00
2009.11.24 23:36:01.657,0.83655,0.8369,3.40,1.00
2009.11.24 23:36:01.995,0.83655,0.83685,3.20,1.00
2009.11.24 23:36:04.614,0.83655,0.8369,3.40,1.00
2009.11.24 23:36:05.004,0.83655,0.83685,3.20,1.00
2009.11.24 23:36:05.234,0.83655,0.8369,3.40,1.00
2009.11.24 23:36:06.274,0.83655,0.83685,3.20,1.00
2009.11.24 23:36:09.663,0.83655,0.8369,3.40,1.00
2009.11.24 23:36:09.963,0.83655,0.83685,3.20,1.00
2009.11.24 23:36:10.603,0.83655,0.8369,3.30,1.00
2009.11.24 23:36:10.823,0.83655,0.83685,3.20,1.00
2009.11.24 23:36:12.792,0.83655,0.83685,1.60,1.00
2009.11.24 23:36:13.192,0.83655,0.8369,1.70,3.40
2009.11.24 23:36:15.732,0.83655,0.83695,3.40,3.40
2009.11.24 23:36:16.132,0.83655,0.83685,3.20,1.00
2009.11.24 23:36:18.251,0.83655,0.83695,3.40,3.40
2009.11.24 23:36:20.300,0.83655,0.8368,3.20,1.00
2009.11.24 23:36:20.871,0.83655,0.8368,3.20,1.00
2009.11.24 23:36:21.110,0.83655,0.8368,3.20,1.00
2009.11.24 23:36:22.080,0.83655,0.8368,3.20,1.00
2009.11.24 23:36:22.300,0.83655,0.83695,3.40,3.40
2009.11.24 23:36:22.700,0.83655,0.83695,3.30,3.20
2009.11.24 23:36:22.880,0.83665,0.83695,1.60,1.60
2009.11.24 23:36:23.320,0.83665,0.83705,1.60,1.60
2009.11.24 23:36:32.618,0.8366,0.83705,1.00,1.60
2009.11.24 23:36:41.446,0.83665,0.83705,1.60,1.60
2009.11.24 23:36:41.805,0.83665,0.83705,3.20,1.60
2009.11.24 23:36:47.574,0.83665,0.83715,3.20,3.40
2009.11.24 23:37:20.396,0.83665,0.8371,1.60,1.80
2009.11.24 23:37:21.316,0.83665,0.8371,3.20,1.00
2009.11.24 23:37:21.666,0.83665,0.8371,1.60,1.60
2009.11.24 23:37:22.006,0.83665,0.83715,3.20,3.40
2009.11.24 23:37:26.325,0.83665,0.8371,1.60,1.80
2009.11.24 23:37:27.744,0.83665,0.83715,3.20,3.40
2009.11.24 23:37:41.351,0.83665,0.8371,3.20,1.00
2009.11.24 23:37:41.641,0.83665,0.83715,3.20,3.40
2009.11.24 23:37:41.821,0.83665,0.8371,3.20,1.00
2009.11.24 23:37:42.441,0.83665,0.83715,3.20,3.40
2009.11.24 23:37:54.448,0.83665,0.8371,3.20,1.00
2009.11.24 23:37:54.668,0.83665,0.83715,3.20,3.40
2009.11.24 23:37:55.008,0.83665,0.83705,3.20,1.00
2009.11.24 23:37:55.358,0.83665,0.83715,3.20,3.40
2009.11.24 23:37:55.688,0.83665,0.83705,3.20,1.00
2009.11.24 23:37:57.247,0.83655,0.8371,6.40,1.00
2009.11.24 23:37:57.637,0.83665,0.83715,3.20,3.40
2009.11.24 23:37:59.507,0.83665,0.8371,3.20,1.00
2009.11.24 23:38:01.007,0.83665,0.83705,3.20,1.00
2009.11.24 23:38:01.176,0.83665,0.83715,3.20,3.40
2009.11.24 23:38:01.356,0.83665,0.83705,3.20,1.00
2009.11.24 23:38:03.146,0.83665,0.8371,3.20,1.00
2009.11.24 23:38:04.126,0.83665,0.83715,3.20,3.40
2009.11.24 23:38:04.476,0.83665,0.8371,3.20,1.00
2009.11.24 23:38:05.656,0.83665,0.8371,3.20,1.00
2009.11.24 23:38:05.885,0.83665,0.8371,3.20,1.00
2009.11.24 23:38:08.555,0.83665,0.83705,3.20,1.00
2009.11.24 23:38:09.644,0.8367,0.8371,1.60,1.00
2009.11.24 23:38:10.004,0.83675,0.8371,1.60,1.00
2009.11.24 23:38:10.344,0.83675,0.83715,1.60,1.60
2009.11.24 23:38:10.864,0.83675,0.83705,1.60,1.00
2009.11.24 23:38:11.094,0.83665,0.8371,3.20,1.00
2009.11.24 23:38:11.474,0.83665,0.83715,3.20,1.80
2009.11.24 23:38:11.804,0.83665,0.83715,3.20,2.50
2009.11.24 23:38:12.954,0.83665,0.83715,3.40,2.40
2009.11.24 23:38:13.243,0.83665,0.83715,3.20,2.50
2009.11.24 23:38:14.223,0.83665,0.83715,3.40,2.40
2009.11.24 23:38:14.393,0.83665,0.83715,3.20,2.50
2009.11.24 23:38:14.773,0.83665,0.83705,1.60,1.00
2009.11.24 23:38:15.123,0.83655,0.83705,3.40,2.40
2009.11.24 23:38:15.753,0.83665,0.83705,1.60,1.60
2009.11.24 23:38:18.062,0.83665,0.83705,1.60,2.40
2009.11.24 23:38:21.152,0.8368,0.83705,1.60,1.60
2009.11.24 23:38:21.791,0.83675,0.83725,4.10,1.70
2009.11.24 23:38:22.091,0.83685,0.83725,3.20,1.00
2009.11.24 23:38:22.441,0.83685,0.8372,1.60,1.00
2009.11.24 23:38:24.681,0.83685,0.83725,1.60,1.00
2009.11.24 23:38:26.300,0.83685,0.8372,1.60,1.00
2009.11.24 23:38:27.970,0.83685,0.83725,3.20,1.00
2009.11.24 23:38:28.330,0.83685,0.8373,3.20,1.00
2009.11.24 23:38:28.510,0.83685,0.8372,3.20,1.00
2009.11.24 23:38:28.680,0.83685,0.8373,3.20,1.00
2009.11.24 23:38:29.030,0.83685,0.8372,3.20,1.00
2009.11.24 23:38:29.699,0.83685,0.83725,3.20,1.60
2009.11.24 23:38:30.919,0.83685,0.83725,1.60,3.20
2009.11.24 23:38:31.149,0.83685,0.83725,1.60,3.40
2009.11.24 23:38:38.897,0.83675,0.83725,3.20,3.40
2009.11.24 23:38:52.804,0.83675,0.83725,3.40,3.40
2009.11.24 23:38:54.963,0.83675,0.8372,1.70,1.60
2009.11.24 23:38:55.303,0.83675,0.8372,1.60,1.80
2009.11.24 23:38:57.183,0.83675,0.83725,4.90,3.40
2009.11.24 23:38:58.362,0.83675,0.83725,3.40,3.40
2009.11.24 23:38:59.342,0.8368,0.83725,1.60,3.40
2009.11.24 23:39:00.322,0.83675,0.83725,3.40,3.40
2009.11.24 23:39:26.796,0.8369,0.83725,1.00,3.20
2009.11.24 23:39:31.634,0.8369,0.83725,1.00,3.20
2009.11.24 23:39:34.494,0.83685,0.83725,1.60,3.40
2009.11.24 23:39:36.843,0.83685,0.83725,3.40,1.70
2009.11.24 23:39:38.063,0.83695,0.83725,1.80,1.60
2009.11.24 23:39:38.283,0.837,0.83735,1.60,1.70
2009.11.24 23:39:38.463,0.837,0.83735,1.60,1.00
2009.11.24 23:39:40.513,0.837,0.8374,1.60,1.00
2009.11.24 23:39:42.142,0.837,0.83745,1.80,3.40
2009.11.24 23:39:42.892,0.837,0.8374,1.60,1.00
2009.11.24 23:39:53.759,0.83695,0.8374,1.70,1.80
2009.11.24 23:39:57.658,0.83695,0.83735,1.60,3.40
2009.11.24 23:40:01.217,0.83695,0.83735,1.60,1.70
2009.11.24 23:40:01.388,0.83695,0.83735,1.70,1.60
2009.11.24 23:40:01.567,0.83695,0.83735,3.40,1.80
2009.11.24 23:40:01.907,0.837,0.8374,3.20,1.00
2009.11.24 23:40:02.198,0.83705,0.83745,3.40,3.40
2009.11.24 23:40:13.344,0.83705,0.83745,3.40,3.20
2009.11.24 23:40:13.404,0.8371,0.83745,1.60,1.60
2009.11.24 23:40:13.455,0.8371,0.8375,1.60,1.80
2009.11.24 23:40:14.135,0.8371,0.8375,1.60,1.70
2009.11.24 23:40:14.904,0.8371,0.8375,1.60,1.80
2009.11.24 23:40:15.295,0.83715,0.83755,1.60,1.70
2009.11.24 23:40:25.212,0.83715,0.83755,1.60,1.00
2009.11.24 23:40:27.341,0.8372,0.83755,1.60,1.00
2009.11.24 23:40:27.691,0.8372,0.8376,1.60,1.80
2009.11.24 23:40:33.779,0.8372,0.8376,1.80,1.60
2009.11.24 23:40:35.409,0.8372,0.8376,1.80,1.80
2009.11.24 23:40:35.699,0.8372,0.8376,1.80,1.60
2009.11.24 23:40:35.819,0.8372,0.83765,1.80,3.50
2009.11.24 23:40:35.999,0.8372,0.8376,1.80,1.60
2009.11.24 23:40:36.799,0.8372,0.8376,1.60,1.60
2009.11.24 23:40:37.159,0.8372,0.83765,1.00,3.20
2009.11.24 23:40:38.678,0.83725,0.83765,1.60,3.20
2009.11.24 23:40:39.028,0.83725,0.83765,1.60,1.60
2009.11.24 23:40:39.368,0.83725,0.8377,1.60,1.60
2009.11.24 23:40:40.458,0.83725,0.83765,1.60,1.60
2009.11.24 23:40:40.848,0.83725,0.83765,1.60,3.20
2009.11.24 23:40:42.597,0.83725,0.83765,1.60,3.40
2009.11.24 23:40:43.127,0.83725,0.8376,1.60,1.00
2009.11.24 23:40:43.417,0.83725,0.8376,1.60,1.80
2009.11.24 23:40:43.467,0.8372,0.8376,1.00,1.80
2009.11.24 23:40:46.377,0.8372,0.83755,1.00,1.60
2009.11.24 23:40:46.607,0.83715,0.83755,1.70,1.60
2009.11.24 23:40:49.996,0.8371,0.8375,1.80,1.00
2009.11.24 23:40:50.346,0.83705,0.83745,1.60,1.80
2009.11.24 23:40:51.475,0.83705,0.83745,1.60,1.60
2009.11.24 23:40:51.765,0.83705,0.8375,1.60,1.60
2009.11.24 23:41:03.642,0.83705,0.83745,1.60,1.60
2009.11.24 23:41:19.838,0.837,0.83745,1.80,3.20
2009.11.24 23:41:21.418,0.83695,0.8374,3.20,1.60
2009.11.24 23:41:21.718,0.83695,0.83735,3.20,1.60
2009.11.24 23:41:22.938,0.83695,0.83735,1.60,1.60
2009.11.24 23:41:23.628,0.83685,0.83735,3.30,3.20
2009.11.24 23:41:23.788,0.8368,0.83735,3.40,3.40
2009.11.24 23:41:24.127,0.83685,0.83735,3.40,3.20
2009.11.24 23:41:24.297,0.83685,0.83735,3.20,3.40
2009.11.24 23:41:39.994,0.83685,0.8373,3.20,1.00
2009.11.24 23:41:40.353,0.83685,0.83735,3.20,3.40
2009.11.24 23:41:40.633,0.83685,0.8373,3.20,1.00
2009.11.24 23:42:00.389,0.83685,0.83735,3.20,3.40
2009.11.24 23:42:00.748,0.83685,0.8373,3.20,1.00
2009.11.24 23:42:20.754,0.83685,0.83735,3.20,3.40
2009.11.24 23:42:21.613,0.83685,0.8373,3.20,1.00
2009.11.24 23:42:38.070,0.83685,0.83735,3.20,3.40
2009.11.24 23:42:38.240,0.83685,0.8373,3.20,1.00
2009.11.24 23:42:39.069,0.83685,0.83725,3.20,1.60
2009.11.24 23:43:20.040,0.83685,0.83735,3.40,3.40
2009.11.24 23:43:20.729,0.83685,0.8373,3.20,1.00
2009.11.24 23:43:20.969,0.83685,0.8373,3.20,1.00
2009.11.24 23:43:21.139,0.83685,0.83735,3.20,3.40
2009.11.24 23:43:22.179,0.83685,0.8373,3.20,1.00
2009.11.24 23:43:22.479,0.83685,0.83725,3.20,1.60
2009.11.24 23:43:33.136,0.83685,0.83725,1.60,1.60
2009.11.24 23:43:37.135,0.83675,0.83725,3.40,1.60
2009.11.24 23:43:39.275,0.8368,0.83725,1.00,1.60
2009.11.24 23:43:39.615,0.83675,0.83725,3.40,1.60
2009.11.24 23:43:42.114,0.83685,0.83725,1.60,1.60
2009.11.24 23:43:50.852,0.83685,0.83725,3.20,1.60
2009.11.24 23:44:27.323,0.83685,0.83725,3.20,1.60
2009.11.24 23:44:27.673,0.83685,0.83725,3.20,1.60
2009.11.24 23:44:28.003,0.83685,0.83725,3.20,1.70
2009.11.24 23:44:30.832,0.8369,0.83725,1.60,1.70
2009.11.24 23:44:31.003,0.8369,0.8373,1.60,1.00
2009.11.24 23:44:31.712,0.83685,0.83735,3.20,3.60
2009.11.24 23:44:32.182,0.83685,0.83725,3.20,1.00
2009.11.24 23:44:44.049,0.83685,0.83725,3.20,1.70
2009.11.24 23:44:44.280,0.83685,0.8373,1.60,4.30
2009.11.24 23:44:44.339,0.83685,0.83725,1.60,2.50
2009.11.24 23:44:44.459,0.83675,0.8372,1.60,1.60
2009.11.24 23:44:44.569,0.83675,0.83715,1.60,1.60
2009.11.24 23:44:53.327,0.83675,0.83715,3.20,1.60
2009.11.24 23:44:54.997,0.83675,0.83715,3.40,1.60
2009.11.24 23:44:55.217,0.83675,0.83715,3.20,1.60
2009.11.24 23:44:55.837,0.83675,0.83715,3.40,1.60
2009.11.24 23:45:00.445,0.83675,0.83715,3.20,1.70
2009.11.24 23:45:01.186,0.8368,0.83715,1.00,1.60
2009.11.24 23:45:01.295,0.83675,0.83715,3.40,1.60
2009.11.24 23:45:01.755,0.83675,0.83715,1.70,3.20
2009.11.24 23:45:02.505,0.83675,0.83715,1.00,3.20
2009.11.24 23:45:05.394,0.8367,0.83715,1.00,3.40
2009.11.24 23:45:18.411,0.8367,0.83715,1.00,3.20
2009.11.24 23:45:18.521,0.8367,0.83715,1.80,3.20
2009.11.24 23:45:18.691,0.8367,0.83705,1.00,1.60
2009.11.24 23:45:18.861,0.83665,0.83705,3.40,1.60
2009.11.24 23:45:19.261,0.83675,0.83705,1.00,1.60
2009.11.24 23:45:19.591,0.83675,0.8371,1.00,1.60
2009.11.24 23:45:21.890,0.8368,0.8371,1.00,1.60
2009.11.24 23:45:31.538,0.83675,0.8371,1.00,1.60
2009.11.24 23:45:31.828,0.8368,0.8371,1.00,1.60
2009.11.24 23:45:32.178,0.83675,0.8371,1.00,1.60
2009.11.24 23:45:38.007,0.8368,0.83715,1.00,5.00
2009.11.24 23:45:41.965,0.8368,0.83715,1.80,3.30
2009.11.24 23:45:42.256,0.8368,0.8372,3.60,1.00
2009.11.24 23:45:43.165,0.8369,0.83725,1.60,1.70
2009.11.24 23:45:43.495,0.83695,0.83735,3.20,4.20
2009.11.24 23:45:44.195,0.837,0.83735,1.60,2.40
2009.11.24 23:45:45.474,0.837,0.83735,1.60,1.60
2009.11.24 23:45:46.174,0.837,0.83735,1.80,1.60
2009.11.24 23:45:46.354,0.837,0.83735,1.80,2.40
2009.11.24 23:45:47.224,0.837,0.83735,1.80,1.60
2009.11.24 23:45:47.794,0.837,0.83735,1.80,2.40
2009.11.24 23:45:50.224,0.837,0.83735,1.60,2.40
2009.11.24 23:45:50.523,0.837,0.83735,1.60,2.50
2009.11.24 23:45:52.773,0.837,0.83735,1.80,2.50
2009.11.24 23:46:03.840,0.83695,0.83725,3.20,1.60
2009.11.24 23:46:04.020,0.83695,0.83725,1.60,3.20
2009.11.24 23:46:04.400,0.83685,0.83725,5.00,3.20
2009.11.24 23:46:06.370,0.83685,0.83725,5.00,3.40
2009.11.24 23:46:16.767,0.83685,0.83725,5.00,1.70
2009.11.24 23:46:16.887,0.83685,0.83725,5.00,3.40
2009.11.24 23:46:17.007,0.83685,0.83725,5.00,1.70
2009.11.24 23:46:17.517,0.83685,0.83725,5.00,3.40
2009.11.24 23:46:17.878,0.83685,0.83725,5.00,1.00
2009.11.24 23:46:18.227,0.8369,0.83735,1.00,5.00
2009.11.24 23:46:18.457,0.83685,0.83725,5.80,1.00
2009.11.24 23:46:18.687,0.83705,0.83735,1.60,3.30
2009.11.24 23:46:18.867,0.83705,0.8373,1.60,1.00
2009.11.24 23:46:19.096,0.83705,0.8373,3.20,1.00
2009.11.24 23:46:20.026,0.83715,0.83735,1.60,1.00
2009.11.24 23:46:20.196,0.83715,0.83745,1.60,5.00
2009.11.24 23:46:20.726,0.83715,0.83745,1.60,3.40
2009.11.24 23:46:26.915,0.83705,0.8374,3.30,1.60
2009.11.24 23:46:26.965,0.83705,0.83745,3.40,3.40
2009.11.24 23:46:27.084,0.83705,0.8374,1.60,1.80
2009.11.24 23:46:29.574,0.83705,0.8374,1.70,1.60
2009.11.24 23:46:58.247,0.83715,0.83745,1.60,3.40
2009.11.24 23:47:00.576,0.83715,0.83745,1.60,1.70
2009.11.24 23:47:00.916,0.83715,0.8375,3.30,1.60
2009.11.24 23:47:02.046,0.83715,0.8375,1.70,1.60
2009.11.24 23:47:02.446,0.83715,0.83745,1.70,1.60
2009.11.24 23:47:02.616,0.83715,0.83745,1.70,3.20
2009.11.24 23:47:02.856,0.83715,0.8374,1.00,1.60
2009.11.24 23:47:04.216,0.83715,0.83745,1.70,4.80
2009.11.24 23:47:04.386,0.83715,0.83745,1.70,3.20
2009.11.24 23:47:04.685,0.83715,0.83745,3.30,3.20
2009.11.24 23:47:05.545,0.83715,0.83745,3.20,3.30
2009.11.24 23:47:05.895,0.83715,0.83745,3.20,3.40
2009.11.24 23:47:06.245,0.83705,0.8374,1.60,1.80
2009.11.24 23:47:11.764,0.83715,0.83745,1.60,3.40
2009.11.24 23:47:16.672,0.83715,0.8374,1.60,1.00
2009.11.24 23:47:16.903,0.83715,0.83745,1.60,3.40
2009.11.24 23:47:17.132,0.83715,0.8374,1.60,1.00
2009.11.24 23:47:17.412,0.83715,0.83745,1.60,3.40
2009.11.24 23:47:17.702,0.83715,0.8374,1.60,1.00
2009.11.24 23:47:17.932,0.83715,0.83745,1.60,3.40
2009.11.24 23:47:18.622,0.83715,0.8374,1.60,1.00
2009.11.24 23:47:18.922,0.83715,0.83745,1.60,3.40
2009.11.24 23:47:20.682,0.83715,0.83745,1.60,3.30
2009.11.24 23:47:20.971,0.83715,0.83745,1.60,3.40
2009.11.24 23:47:22.361,0.83715,0.83745,1.70,3.20
2009.11.24 23:47:22.481,0.83715,0.8375,3.30,1.60
2009.11.24 23:47:32.899,0.83715,0.8375,3.20,1.80
2009.11.24 23:47:34.149,0.83715,0.83745,3.20,1.00
2009.11.24 23:47:34.208,0.83715,0.8375,3.20,1.80
2009.11.24 23:47:34.678,0.83715,0.8375,3.20,1.70
2009.11.24 23:47:34.798,0.83715,0.8375,3.20,1.80
2009.11.24 23:47:37.108,0.83715,0.8375,3.20,2.00
2009.11.24 23:47:37.268,0.83715,0.8375,3.20,1.80
2009.11.24 23:47:37.627,0.83715,0.83745,3.20,1.00
2009.11.24 23:47:37.808,0.83715,0.8375,3.20,1.80
2009.11.24 23:47:38.607,0.83715,0.83745,3.20,1.00
2009.11.24 23:47:38.897,0.83715,0.8375,3.20,1.80
2009.11.24 23:47:40.637,0.83715,0.83745,3.20,1.00
2009.11.24 23:47:40.807,0.83715,0.8375,3.20,1.80
2009.11.24 23:47:58.512,0.83725,0.83755,1.60,3.30
2009.11.24 23:47:58.682,0.8373,0.83755,1.60,1.70
2009.11.24 23:47:58.853,0.83725,0.83755,1.60,3.20
2009.11.24 23:47:59.152,0.83725,0.83755,1.60,3.40
2009.11.24 23:47:59.322,0.83725,0.83755,1.60,3.20
2009.11.24 23:47:59.732,0.83725,0.83755,1.60,3.40
2009.11.24 23:48:15.738,0.83725,0.83755,1.60,3.20
2009.11.24 23:48:15.958,0.83725,0.83755,1.60,3.40
2009.11.24 23:48:16.248,0.83725,0.83755,1.60,3.20
2009.11.24 23:48:16.608,0.83725,0.83755,1.60,3.40
2009.11.24 23:48:22.717,0.83725,0.83755,1.60,3.20
2009.11.24 23:48:27.926,0.83725,0.83755,1.60,3.30
2009.11.24 23:48:28.145,0.83725,0.83755,1.60,3.40
2009.11.24 23:48:28.365,0.83725,0.83765,3.20,3.40
2009.11.24 23:48:28.585,0.83735,0.8377,1.60,1.80
2009.11.24 23:48:28.815,0.83735,0.83775,1.60,3.20
2009.11.24 23:48:29.045,0.83735,0.8378,3.20,1.80
2009.11.24 23:48:29.265,0.83735,0.8378,3.20,1.60
2009.11.24 23:48:29.445,0.8374,0.8378,1.60,1.80
2009.11.24 23:48:29.625,0.8374,0.83775,1.60,1.60
2009.11.24 23:48:29.805,0.8374,0.83775,1.60,3.20
2009.11.24 23:48:30.675,0.83745,0.83775,1.00,3.20
2009.11.24 23:48:31.964,0.8375,0.83775,1.00,3.20
2009.11.24 23:48:33.004,0.8374,0.83775,1.70,3.20
2009.11.24 23:48:33.344,0.8374,0.8376,1.00,1.60
2009.11.24 23:48:33.794,0.83735,0.8376,1.70,1.60
2009.11.24 23:48:34.464,0.83735,0.8376,1.60,1.60
2009.11.24 23:48:35.084,0.83735,0.8377,3.20,1.60
2009.11.24 23:48:35.194,0.83735,0.8377,3.40,1.60
2009.11.24 23:48:35.294,0.83735,0.8377,3.20,1.60
2009.11.24 23:48:36.163,0.83735,0.8377,3.40,1.60
2009.11.24 23:48:38.003,0.8374,0.8377,1.00,1.60
2009.11.24 23:48:40.162,0.83735,0.8377,3.40,1.80
2009.11.24 23:48:41.142,0.83735,0.8376,3.20,1.00
2009.11.24 23:48:41.302,0.8373,0.8376,3.20,1.00
2009.11.24 23:48:41.532,0.83735,0.83765,1.60,1.00
2009.11.24 23:48:41.702,0.83735,0.83765,3.20,1.00
2009.11.24 23:48:44.132,0.83735,0.8376,3.20,1.00
2009.11.24 23:48:44.481,0.83735,0.83765,3.20,1.00
2009.11.24 23:48:44.821,0.83735,0.8376,3.20,1.00
2009.11.24 23:48:44.872,0.83735,0.83765,3.20,1.00
2009.11.24 23:48:45.101,0.83735,0.8376,3.20,1.00
2009.11.24 23:48:45.221,0.83735,0.83765,3.20,1.00
2009.11.24 23:48:46.111,0.83735,0.83765,1.60,1.00
2009.11.24 23:48:46.411,0.8373,0.83765,1.60,1.00
2009.11.24 23:49:00.028,0.83725,0.83765,3.20,1.00
2009.11.24 23:49:02.827,0.83725,0.8376,1.60,1.00
2009.11.24 23:49:05.127,0.83725,0.83755,1.60,1.00
2009.11.24 23:49:06.096,0.83725,0.8376,1.60,1.00
2009.11.24 23:49:07.336,0.83725,0.83755,1.60,1.00
2009.11.24 23:49:22.522,0.8373,0.83765,1.60,1.70
2009.11.24 23:49:22.862,0.8373,0.83765,1.60,1.00
2009.11.24 23:49:27.102,0.83725,0.83765,5.00,1.00
2009.11.24 23:49:27.391,0.83725,0.8376,3.20,1.00
2009.11.24 23:49:27.551,0.83725,0.8377,3.40,1.80
2009.11.24 23:49:27.721,0.83725,0.8377,3.20,2.00
2009.11.24 23:49:27.841,0.83725,0.8377,3.40,1.80
2009.11.24 23:49:28.181,0.83725,0.83765,3.20,1.00
2009.11.24 23:49:28.571,0.83725,0.8377,3.40,1.80
2009.11.24 23:49:30.561,0.83725,0.83765,1.60,1.80
2009.11.24 23:49:30.790,0.83725,0.83765,1.60,3.40
2009.11.24 23:49:31.770,0.83715,0.8376,3.40,1.80
2009.11.24 23:49:33.160,0.83715,0.8376,4.20,1.80
2009.11.24 23:49:33.510,0.8373,0.8377,1.80,1.80
2009.11.24 23:49:33.860,0.83735,0.83775,1.60,1.70
2009.11.24 23:49:34.329,0.83735,0.83775,3.20,1.70
2009.11.24 23:49:34.679,0.83735,0.83775,3.40,1.60
2009.11.24 23:49:35.409,0.83735,0.83775,1.70,3.20
2009.11.24 23:49:35.800,0.83735,0.83775,1.60,3.40
2009.11.24 23:49:38.848,0.83735,0.83775,1.70,3.20
2009.11.24 23:49:39.238,0.8373,0.8377,1.00,1.60
2009.11.24 23:49:39.578,0.8373,0.8377,1.00,3.20
2009.11.24 23:49:41.678,0.83725,0.83765,3.40,1.70
2009.11.24 23:49:42.158,0.8373,0.83765,1.00,1.60
2009.11.24 23:49:48.636,0.8373,0.83765,1.80,1.60
2009.11.24 23:49:49.256,0.8373,0.8377,1.80,1.80
2009.11.24 23:49:54.775,0.8373,0.83765,1.00,1.60
2009.11.24 23:49:54.835,0.8373,0.83765,1.00,1.80
2009.11.24 23:49:55.354,0.8373,0.83765,1.00,3.40
2009.11.24 23:49:57.064,0.8373,0.83765,1.80,1.60
2009.11.24 23:49:58.004,0.83735,0.83765,1.60,1.60
2009.11.24 23:49:58.364,0.8374,0.83775,1.00,3.40
2009.11.24 23:49:58.714,0.83735,0.83775,3.40,1.70
2009.11.24 23:49:59.403,0.83735,0.83775,1.60,3.40
2009.11.24 23:49:59.853,0.83745,0.83775,1.60,1.70
2009.11.24 23:49:59.973,0.83745,0.83775,1.60,1.60
2009.11.24 23:50:00.153,0.83745,0.83775,1.80,1.60
2009.11.24 23:50:00.323,0.83745,0.8378,1.00,1.60
2009.11.24 23:50:00.483,0.8374,0.83775,1.60,1.70
2009.11.24 23:50:00.653,0.8374,0.83775,1.80,1.60
2009.11.24 23:50:01.003,0.8374,0.83775,1.60,1.70
2009.11.24 23:50:02.103,0.8374,0.83775,1.80,1.60
2009.11.24 23:50:02.383,0.8374,0.83775,1.60,1.70
2009.11.24 23:50:02.623,0.8374,0.83775,1.80,1.60
2009.11.24 23:50:02.913,0.8374,0.83775,1.60,1.70
2009.11.24 23:50:04.062,0.8374,0.83775,1.80,1.60
2009.11.24 23:50:05.102,0.8374,0.83775,1.60,1.70
2009.11.24 23:50:11.460,0.83725,0.8376,1.70,1.80
2009.11.24 23:50:11.821,0.83725,0.8376,1.00,1.80
2009.11.24 23:50:12.270,0.8372,0.83755,1.80,1.60
2009.11.24 23:50:14.190,0.8373,0.83765,1.00,1.70
2009.11.24 23:50:14.310,0.83735,0.83765,1.00,1.60
2009.11.24 23:50:14.430,0.8372,0.8376,1.80,1.00
2009.11.24 23:50:14.780,0.83735,0.83765,1.60,1.70
2009.11.24 23:50:14.960,0.8373,0.83765,1.60,1.70
2009.11.24 23:50:18.189,0.8373,0.83765,1.80,1.60
2009.11.24 23:50:18.479,0.8373,0.83765,1.60,1.70
2009.11.24 23:50:19.169,0.83745,0.8377,1.60,1.90
2009.11.24 23:50:19.349,0.83745,0.83775,1.60,1.70
2009.11.24 23:50:19.799,0.83745,0.83775,1.80,1.60
2009.11.24 23:50:27.347,0.8373,0.83765,1.60,1.00
2009.11.24 23:50:46.462,0.8373,0.83765,1.60,1.00
2009.11.24 23:50:48.062,0.8374,0.8377,1.00,3.20
2009.11.24 23:50:48.292,0.83745,0.83775,3.40,1.60
2009.11.24 23:50:48.871,0.8374,0.8378,3.60,3.40
2009.11.24 23:50:58.859,0.83745,0.83775,3.40,1.60
2009.11.24 23:51:06.387,0.83745,0.83775,1.80,1.60
2009.11.24 23:51:06.737,0.8374,0.83775,1.00,3.20
2009.11.24 23:51:07.087,0.83735,0.83775,1.00,3.40
2009.11.24 23:51:13.896,0.8374,0.83775,1.60,1.70
2009.11.24 23:51:38.480,0.83735,0.83765,1.60,1.60
2009.11.24 23:51:40.859,0.83735,0.83765,1.60,1.70
2009.11.24 23:51:44.408,0.83735,0.8377,3.20,1.00
2009.11.24 23:51:44.698,0.83725,0.8377,1.60,1.80
2009.11.24 23:51:44.988,0.83725,0.83765,1.60,1.60
2009.11.24 23:51:50.087,0.8373,0.83765,1.60,1.60
2009.11.24 23:52:04.234,0.83725,0.83765,1.70,1.60
2009.11.24 23:52:04.583,0.83725,0.83765,1.60,1.60
2009.11.24 23:52:04.703,0.83725,0.83765,1.60,1.70
2009.11.24 23:52:21.560,0.83725,0.8376,1.60,1.80
2009.11.24 23:52:21.909,0.83715,0.8376,1.70,1.80
2009.11.24 23:52:23.999,0.8372,0.8376,1.60,1.80
2009.11.24 23:52:42.584,0.83715,0.83755,3.40,1.60
2009.11.24 23:52:43.014,0.83715,0.83755,3.40,3.40
2009.11.24 23:52:43.134,0.83715,0.83755,3.40,3.20
2009.11.24 23:52:43.304,0.83715,0.83755,3.40,3.40
2009.11.24 23:52:45.094,0.83725,0.83755,1.60,1.70
2009.11.24 23:52:45.264,0.83725,0.83755,1.60,1.60
2009.11.24 23:52:45.434,0.83725,0.8376,1.60,1.00
2009.11.24 23:52:45.724,0.8372,0.8376,3.40,1.80
2009.11.24 23:52:45.894,0.8372,0.8376,1.60,1.80
2009.11.24 23:52:47.743,0.83715,0.83755,3.40,1.80
2009.11.24 23:52:47.913,0.83715,0.83755,3.40,3.40
2009.11.24 23:52:48.143,0.83715,0.83755,3.40,3.20
2009.11.24 23:52:48.313,0.83715,0.83755,3.40,3.40
2009.11.24 23:52:48.723,0.83715,0.83755,3.40,3.20
2009.11.24 23:52:49.063,0.83715,0.83755,3.40,3.40
2009.11.24 23:52:57.331,0.83715,0.8375,1.60,1.60
2009.11.24 23:52:57.621,0.83715,0.8375,1.60,1.80
2009.11.24 23:52:57.911,0.8371,0.8375,1.60,1.80
2009.11.24 23:53:02.360,0.8371,0.8375,3.20,1.80
2009.11.24 23:53:02.710,0.83715,0.8375,1.60,1.00
2009.11.24 23:53:02.889,0.83715,0.83755,1.80,3.40
2009.11.24 23:53:03.229,0.83715,0.8375,1.60,1.00
2009.11.24 23:53:03.399,0.83715,0.83755,1.80,3.40
2009.11.24 23:53:03.619,0.83715,0.8375,1.60,1.00
2009.11.24 23:53:03.969,0.83715,0.83755,1.80,3.40
2009.11.24 23:53:10.128,0.83715,0.83745,1.00,1.60
2009.11.24 23:53:10.248,0.8371,0.8375,1.60,1.80
2009.11.24 23:53:10.418,0.8371,0.83745,1.60,1.00
2009.11.24 23:53:10.538,0.83705,0.83745,3.40,1.80
2009.11.24 23:53:11.338,0.83705,0.83745,3.20,1.80
2009.11.24 23:53:12.297,0.83705,0.83745,3.30,1.70
2009.11.24 23:53:12.467,0.83705,0.83745,3.40,1.80
2009.11.24 23:53:12.697,0.83705,0.83745,3.20,1.80
2009.11.24 23:53:12.867,0.83705,0.83745,3.40,1.80
2009.11.24 23:53:14.647,0.83705,0.83745,3.20,1.80
2009.11.24 23:53:14.886,0.83705,0.83745,3.40,1.80
2009.11.24 23:53:15.166,0.837,0.83745,4.90,1.80
2009.11.24 23:53:15.286,0.83705,0.83745,3.40,1.80
2009.11.24 23:53:22.705,0.83705,0.83745,3.20,1.80
2009.11.24 23:53:23.035,0.83705,0.83745,3.40,1.80
2009.11.24 23:53:27.444,0.8371,0.8375,1.60,1.80
2009.11.24 23:53:34.172,0.8371,0.8375,1.60,1.70
2009.11.24 23:53:34.292,0.8371,0.8375,1.60,1.80
2009.11.24 23:53:36.711,0.8371,0.83745,1.60,1.00
2009.11.24 23:53:37.011,0.8371,0.8375,1.60,1.80
2009.11.24 23:53:39.191,0.8371,0.83745,1.60,1.00
2009.11.24 23:53:39.371,0.8371,0.8375,1.60,1.80
2009.11.24 23:54:12.483,0.83705,0.83745,3.40,1.80
2009.11.24 23:54:12.763,0.83705,0.83745,3.40,1.60
2009.11.24 23:54:13.112,0.83705,0.83745,3.40,1.80
2009.11.24 23:54:24.630,0.83705,0.83745,3.20,1.80
2009.11.24 23:54:24.790,0.83705,0.83745,3.40,1.80
2009.11.24 23:54:39.406,0.83705,0.83745,3.40,1.60
2009.11.24 23:54:39.526,0.8371,0.8375,1.60,1.80
2009.11.24 23:54:40.176,0.8371,0.83745,1.60,1.00
2009.11.24 23:54:40.296,0.8371,0.8375,1.60,1.80
2009.11.24 23:54:41.116,0.8371,0.83745,1.60,1.00
2009.11.24 23:54:41.406,0.8371,0.8375,1.60,1.80
2009.11.24 23:54:41.766,0.8371,0.83745,1.60,1.00
2009.11.24 23:54:42.116,0.8371,0.8375,1.60,1.80
2009.11.24 23:54:42.635,0.8371,0.83745,1.60,1.00
2009.11.24 23:54:43.025,0.8371,0.8375,1.60,1.80
2009.11.24 23:54:43.145,0.8371,0.83745,1.60,1.00
2009.11.24 23:54:43.375,0.8371,0.8375,1.60,1.80
2009.11.24 23:54:44.655,0.8371,0.83745,1.60,1.00
2009.11.24 23:54:44.885,0.8371,0.8375,1.60,1.80
2009.11.24 23:54:45.065,0.83715,0.83755,1.80,3.40
2009.11.24 23:54:45.175,0.83715,0.8375,1.60,1.00
2009.11.24 23:54:47.354,0.8371,0.8375,1.60,1.80
2009.11.24 23:54:49.134,0.8371,0.83745,1.60,1.00
2009.11.24 23:54:49.424,0.8371,0.8375,1.60,1.80
2009.11.24 23:54:49.764,0.8371,0.8375,1.60,1.70
2009.11.24 23:54:49.994,0.8371,0.8375,1.60,1.80
2009.11.24 23:54:51.103,0.8371,0.83745,1.60,1.00
2009.11.24 23:54:51.324,0.8371,0.8375,1.60,1.80
2009.11.24 23:54:52.193,0.8371,0.8375,1.60,1.70
2009.11.24 23:54:52.423,0.8371,0.8375,1.60,1.80
2009.11.24 23:54:52.703,0.8371,0.83745,1.60,1.00
2009.11.24 23:54:52.993,0.8371,0.8375,1.60,1.80
2009.11.24 23:54:55.612,0.8371,0.83745,1.60,1.00
2009.11.24 23:54:55.722,0.8371,0.8375,1.60,1.80
2009.11.24 23:54:56.642,0.8371,0.83745,1.60,1.00
2009.11.24 23:54:56.992,0.8371,0.8375,1.60,1.80
2009.11.24 23:54:57.672,0.8371,0.83745,1.60,1.00
2009.11.24 23:54:58.012,0.8371,0.8375,1.60,1.80
2009.11.24 23:54:59.121,0.8371,0.83745,1.60,1.00
2009.11.24 23:54:59.411,0.8371,0.8375,1.60,1.80
2009.11.24 23:55:04.660,0.8371,0.83745,1.60,1.00
2009.11.24 23:55:04.960,0.8371,0.8375,1.60,1.80
2009.11.24 23:55:13.688,0.8371,0.8375,1.60,1.70
2009.11.24 23:55:13.868,0.8371,0.8375,1.60,1.80
2009.11.24 23:55:29.164,0.8371,0.8375,1.60,1.70
2009.11.24 23:55:29.384,0.8371,0.8375,1.60,1.80
2009.11.24 23:55:29.624,0.8371,0.83745,1.60,1.00
2009.11.24 23:55:29.844,0.8371,0.8375,1.60,1.80
2009.11.24 23:55:34.203,0.8371,0.83745,1.60,1.00
2009.11.24 23:55:34.323,0.8371,0.8375,1.60,1.80
2009.11.24 23:55:34.543,0.8371,0.83745,1.60,1.00
2009.11.24 23:55:34.703,0.8371,0.83745,1.60,1.00
2009.11.24 23:55:34.873,0.8371,0.8375,1.60,1.80
2009.11.24 23:55:49.140,0.8371,0.83745,1.60,1.00
2009.11.24 23:55:49.319,0.8371,0.8375,1.60,1.80
2009.11.24 23:55:53.118,0.8371,0.83745,1.60,1.00
2009.11.24 23:55:53.468,0.8371,0.8375,1.60,1.80
2009.11.24 23:55:54.168,0.8371,0.83745,1.60,1.00
2009.11.24 23:55:54.448,0.8371,0.8375,1.60,1.80
2009.11.24 23:55:55.148,0.8371,0.83745,1.60,1.00
2009.11.24 23:55:55.198,0.8371,0.8375,1.60,1.80
2009.11.24 23:55:55.658,0.8371,0.83745,1.60,1.00
2009.11.24 23:55:55.898,0.8371,0.8375,1.60,1.80
2009.11.24 23:55:56.128,0.8371,0.83745,1.60,1.00
2009.11.24 23:55:56.368,0.8371,0.8375,1.60,1.80
2009.11.24 23:55:56.538,0.8371,0.83745,1.60,1.00
2009.11.24 23:55:56.778,0.8371,0.8375,1.60,1.80
2009.11.24 23:55:57.118,0.8371,0.83745,1.60,1.00
2009.11.24 23:55:57.467,0.8371,0.8375,1.60,1.80
2009.11.24 23:56:06.235,0.8371,0.83745,1.60,1.00
2009.11.24 23:56:06.355,0.8371,0.8375,1.60,1.80
2009.11.24 23:56:06.525,0.8371,0.83745,1.60,1.00
2009.11.24 23:56:06.695,0.8371,0.8375,1.60,1.80
2009.11.24 23:56:11.684,0.8371,0.83745,1.60,1.00
2009.11.24 23:56:11.924,0.8371,0.8375,1.60,1.80
2009.11.24 23:56:13.174,0.8371,0.83745,1.60,1.00
2009.11.24 23:56:13.524,0.8371,0.8375,1.60,1.80
2009.11.24 23:56:14.623,0.8371,0.83745,1.60,1.00
2009.11.24 23:56:14.743,0.8371,0.8375,1.60,1.80
2009.11.24 23:56:15.163,0.8371,0.83745,1.60,1.00
2009.11.24 23:56:15.283,0.8371,0.8375,1.60,1.80
2009.11.24 23:56:16.253,0.8371,0.83745,1.60,1.00
2009.11.24 23:56:16.373,0.8371,0.8375,1.60,1.80
2009.11.24 23:56:16.713,0.8371,0.83745,1.60,1.00
2009.11.24 23:56:16.833,0.8371,0.8375,1.60,1.80
2009.11.24 23:56:37.228,0.8371,0.8375,1.60,2.00
2009.11.24 23:56:37.578,0.8371,0.8375,1.60,1.80
2009.11.24 23:56:38.627,0.8371,0.83745,1.60,1.00
2009.11.24 23:56:38.738,0.8371,0.8375,1.60,1.80
2009.11.24 23:56:39.177,0.8371,0.8375,1.60,1.70
2009.11.24 23:56:39.348,0.8371,0.8375,1.60,1.80
2009.11.24 23:56:40.167,0.8371,0.83745,1.60,1.00
2009.11.24 23:56:40.227,0.8371,0.8375,1.60,1.80
2009.11.24 23:56:40.647,0.8371,0.83745,1.60,1.00
2009.11.24 23:56:40.697,0.8371,0.8375,1.60,1.80
2009.11.24 23:56:42.157,0.8371,0.8375,1.60,1.70
2009.11.24 23:56:42.496,0.8371,0.8375,1.60,1.80
2009.11.24 23:56:48.095,0.8371,0.8375,1.80,1.80
2009.11.24 23:56:48.265,0.83715,0.8375,1.60,1.00
2009.11.24 23:56:52.064,0.83715,0.83755,1.80,3.40
2009.11.24 23:57:22.947,0.83715,0.83755,3.40,3.40
2009.11.24 23:57:56.449,0.8372,0.83765,3.50,3.40
2009.11.24 23:57:56.789,0.83725,0.8376,1.00,1.60
2009.11.24 23:57:57.368,0.8372,0.8376,1.60,1.80
2009.11.24 23:58:33.400,0.8372,0.8376,1.60,3.40
2009.11.24 23:58:33.750,0.83715,0.83755,3.40,1.80
2009.11.24 23:58:41.698,0.83715,0.83755,3.40,3.40
2009.11.24 23:58:42.618,0.8372,0.83755,1.60,1.70
2009.11.24 23:58:42.957,0.8372,0.83755,1.60,1.60
2009.11.24 23:58:46.947,0.8372,0.8376,1.60,1.80
2009.11.24 23:58:55.305,0.8372,0.83755,1.60,1.00
2009.11.24 23:58:55.645,0.8372,0.8376,1.60,1.80
2009.11.24 23:59:00.584,0.83715,0.8376,1.70,1.00
2009.11.24 23:59:00.983,0.8373,0.83765,1.00,1.60
2009.11.24 23:59:01.223,0.83725,0.83765,1.00,1.70
2009.11.24 23:59:01.343,0.8373,0.83765,1.00,1.60
2009.11.24 23:59:01.463,0.83715,0.8376,1.70,1.00
2009.11.24 23:59:47.182,0.83715,0.83755,1.70,1.00
2009.11.24 23:59:47.932,0.83715,0.8376,1.70,1.00
