2007.10.24 17:00:00.201,1.17295,1.17325,11.20,1.60
2007.10.24 17:00:00.479,1.17295,1.17325,11.20,1.60
2007.10.24 17:00:00.682,1.17295,1.17325,11.20,1.60
2007.10.24 17:00:00.884,1.17295,1.17325,11.20,1.60
2007.10.24 17:00:01.086,1.17295,1.17325,11.20,1.60
2007.10.24 17:00:01.289,1.17295,1.17335,11.20,1.60
2007.10.24 17:00:01.492,1.173,1.17335,8.00,1.60
2007.10.24 17:00:01.824,1.17305,1.17335,1.60,1.60
2007.10.24 17:00:02.157,1.17305,1.17335,3.20,1.60
2007.10.24 17:00:02.490,1.17305,1.17345,3.20,12.30
2007.10.24 17:00:02.822,1.17315,1.17345,1.60,5.60
2007.10.24 17:00:03.000,1.17315,1.17345,1.60,5.60
2007.10.24 17:00:03.178,1.17315,1.17345,3.20,5.60
2007.10.24 17:00:03.355,1.17315,1.17345,3.20,5.60
2007.10.24 17:00:03.534,1.17315,1.17345,11.20,1.60
2007.10.24 17:00:03.831,1.17315,1.17345,11.20,1.60
2007.10.24 17:00:04.129,1.17315,1.17345,11.20,1.60
2007.10.24 17:00:04.425,1.17315,1.17345,11.20,1.60
2007.10.24 17:00:04.723,1.17315,1.17345,11.20,1.60
2007.10.24 17:00:04.931,1.17315,1.17345,11.20,1.60
2007.10.24 17:00:05.139,1.17315,1.17345,1.60,1.60
2007.10.24 17:00:05.348,1.17305,1.17335,11.20,1.60
2007.10.24 17:00:05.555,1.17305,1.17335,11.20,1.60
2007.10.24 17:00:05.762,1.17305,1.17335,11.20,1.60
2007.10.24 17:00:06.055,1.17305,1.17335,11.20,1.60
2007.10.24 17:00:06.347,1.17305,1.17335,11.20,1.60
2007.10.24 17:00:06.640,1.17305,1.17335,11.20,1.60
2007.10.24 17:00:06.957,1.17305,1.17335,11.20,1.60
2007.10.24 17:00:07.275,1.17305,1.17335,11.20,1.60
2007.10.24 17:00:07.593,1.17305,1.17335,11.20,1.60
2007.10.24 17:00:07.909,1.17305,1.17335,11.20,1.60
2007.10.24 17:00:08.081,1.17305,1.17335,11.20,1.60
2007.10.24 17:00:08.254,1.17305,1.17335,11.20,1.60
2007.10.24 17:00:08.427,1.17305,1.17335,11.20,1.60
2007.10.24 17:00:08.598,1.17305,1.17335,11.20,1.60
2007.10.24 17:00:08.771,1.17305,1.17335,11.20,1.60
2007.10.24 17:00:09.063,1.17305,1.17335,11.20,1.60
2007.10.24 17:00:09.356,1.17305,1.17345,11.20,1.60
2007.10.24 17:00:09.648,1.17305,1.17345,11.20,1.60
2007.10.24 17:00:09.870,1.17305,1.17345,11.20,1.60
2007.10.24 17:00:10.093,1.17305,1.17345,11.20,1.60
2007.10.24 17:00:10.315,1.17315,1.17345,1.60,1.60
2007.10.24 17:00:10.538,1.17315,1.17345,1.60,1.60
2007.10.24 17:00:10.761,1.17315,1.17345,1.60,1.60
2007.10.24 17:00:10.998,1.17315,1.17345,1.60,1.60
2007.10.24 17:00:11.235,1.17315,1.17345,1.60,1.60
2007.10.24 17:00:11.472,1.17315,1.17345,1.60,1.60
2007.10.24 17:00:11.710,1.1731,1.17345,8.00,1.60
2007.10.24 17:00:11.947,1.1731,1.17335,8.00,1.60
2007.10.24 17:00:12.280,1.17315,1.17335,1.60,1.60
2007.10.24 17:00:12.612,1.17315,1.17355,1.60,12.30
2007.10.24 17:00:12.945,1.17315,1.17355,1.60,12.30
2007.10.24 17:00:12.965,1.1731,1.17355,9.60,12.30
2007.10.24 17:00:13.127,1.17315,1.17355,1.60,12.30
2007.10.24 17:00:13.309,1.17315,1.17355,1.60,12.30
2007.10.24 17:00:13.492,1.17315,1.17355,1.60,12.30
2007.10.24 17:00:13.709,1.17315,1.17355,1.60,12.30
2007.10.24 17:00:13.891,1.17315,1.17355,1.60,12.30
2007.10.24 17:00:14.093,1.17315,1.17355,1.60,12.30
2007.10.24 17:00:14.297,1.17315,1.17355,1.60,12.30
2007.10.24 17:00:14.500,1.17315,1.17355,1.60,12.30
2007.10.24 17:00:14.702,1.17315,1.17355,1.60,12.30
2007.10.24 17:00:14.904,1.17315,1.17355,1.60,12.30
2007.10.24 17:00:15.140,1.17315,1.17355,1.60,12.30
2007.10.24 17:00:15.378,1.17315,1.17355,1.60,12.30
2007.10.24 17:00:15.616,1.17315,1.17355,1.60,12.30
2007.10.24 17:00:15.854,1.17315,1.17355,1.60,12.30
2007.10.24 17:00:16.091,1.17315,1.17355,1.60,12.30
2007.10.24 17:00:16.287,1.17315,1.17355,1.60,12.30
2007.10.24 17:00:16.485,1.17315,1.17355,1.60,12.30
2007.10.24 17:00:16.683,1.17315,1.17355,1.60,12.30
2007.10.24 17:00:16.880,1.17315,1.17355,1.60,12.30
2007.10.24 17:00:17.078,1.17315,1.17355,1.60,12.30
2007.10.24 17:00:17.410,1.17315,1.17355,1.60,12.30
2007.10.24 17:00:17.742,1.17315,1.17355,1.60,12.30
2007.10.24 17:00:18.075,1.17315,1.17355,1.60,12.30
2007.10.24 17:00:18.208,1.17315,1.17355,1.60,12.30
2007.10.24 17:00:18.339,1.17315,1.17355,1.60,12.30
2007.10.24 17:00:18.472,1.1731,1.17335,8.00,1.60
2007.10.24 17:00:18.604,1.1731,1.17335,8.00,1.60
2007.10.24 17:00:18.737,1.1731,1.17335,8.00,1.60
2007.10.24 17:00:18.870,1.1731,1.17355,8.00,13.90
2007.10.24 17:00:19.003,1.1731,1.17355,8.00,13.90
2007.10.24 17:00:19.135,1.1731,1.17355,8.00,13.90
2007.10.24 17:00:19.468,1.17305,1.1735,9.60,6.70
2007.10.24 17:00:19.836,1.17305,1.1735,9.60,6.70
2007.10.24 17:00:20.169,1.17305,1.1735,9.60,6.70
2007.10.24 17:00:20.501,1.1731,1.17355,8.00,13.90
2007.10.24 17:00:20.703,1.1731,1.17355,8.00,13.90
2007.10.24 17:00:20.906,1.1731,1.17355,8.00,13.90
2007.10.24 17:00:21.109,1.1731,1.17355,8.00,13.90
2007.10.24 17:00:21.312,1.1731,1.17355,8.00,13.90
2007.10.24 17:00:21.568,1.1731,1.17355,8.00,13.90
2007.10.24 17:00:21.825,1.1731,1.17355,8.00,13.90
2007.10.24 17:00:22.082,1.1731,1.17355,8.00,13.90
2007.10.24 17:00:22.340,1.1731,1.17355,8.00,13.90
2007.10.24 17:00:22.647,1.1731,1.17355,8.00,13.90
2007.10.24 17:00:22.955,1.1731,1.17355,8.00,13.90
2007.10.24 17:00:23.261,1.1731,1.17355,8.00,13.90
2007.10.24 17:00:23.409,1.1731,1.17355,8.00,13.90
2007.10.24 17:00:23.557,1.1731,1.17355,8.00,13.90
2007.10.24 17:00:23.703,1.1731,1.17355,8.00,13.90
2007.10.24 17:00:23.851,1.1731,1.17335,8.00,1.60
2007.10.24 17:00:23.999,1.17305,1.17335,11.20,1.60
2007.10.24 17:00:24.146,1.17305,1.17335,11.20,1.60
2007.10.24 17:00:24.294,1.17305,1.17335,1.60,1.60
2007.10.24 17:00:24.626,1.17305,1.17335,1.60,1.60
2007.10.24 17:00:24.959,1.17305,1.17335,1.60,1.60
2007.10.24 17:00:25.291,1.17305,1.17335,11.20,1.60
2007.10.24 17:00:25.479,1.17305,1.17335,11.20,1.60
2007.10.24 17:00:25.667,1.17305,1.17335,11.20,1.60
2007.10.24 17:00:25.974,1.17305,1.17325,8.00,1.60
2007.10.24 17:00:26.161,1.173,1.17325,8.00,1.60
2007.10.24 17:00:26.350,1.173,1.17335,8.00,1.60
2007.10.24 17:00:26.628,1.173,1.17335,8.00,1.60
2007.10.24 17:00:26.905,1.17295,1.17335,9.60,1.60
2007.10.24 17:00:27.183,1.17295,1.17335,9.60,1.60
2007.10.24 17:00:27.460,1.17295,1.17335,9.60,1.60
2007.10.24 17:00:27.793,1.17295,1.17335,9.60,1.60
2007.10.24 17:00:28.125,1.17295,1.17335,9.60,1.60
2007.10.24 17:00:28.457,1.17295,1.17335,9.60,1.60
2007.10.24 17:00:28.630,1.17295,1.17335,9.60,1.60
2007.10.24 17:00:28.802,1.17295,1.17335,9.60,1.60
2007.10.24 17:00:28.974,1.17295,1.17335,9.60,1.60
2007.10.24 17:00:29.147,1.17295,1.17335,9.60,1.60
2007.10.24 17:00:29.319,1.17295,1.17335,9.60,1.60
2007.10.24 17:00:29.492,1.17295,1.17335,9.60,1.60
2007.10.24 17:00:29.779,1.17295,1.1734,9.60,6.70
2007.10.24 17:00:30.067,1.173,1.17345,8.00,12.30
2007.10.24 17:00:30.355,1.173,1.17335,8.00,1.60
2007.10.24 17:00:30.643,1.173,1.17335,8.00,1.60
2007.10.24 17:00:30.815,1.173,1.17335,8.00,1.60
2007.10.24 17:00:30.988,1.17295,1.17335,9.60,1.60
2007.10.24 17:00:31.161,1.17295,1.17335,9.60,1.60
2007.10.24 17:00:31.334,1.17295,1.17335,11.20,1.60
2007.10.24 17:00:31.506,1.173,1.17335,8.00,1.60
2007.10.24 17:00:31.793,1.173,1.17335,8.00,1.60
2007.10.24 17:00:32.111,1.173,1.17335,8.00,1.60
2007.10.24 17:00:32.399,1.173,1.17335,8.00,1.60
2007.10.24 17:00:32.687,1.173,1.17335,8.00,1.60
2007.10.24 17:00:32.995,1.173,1.17335,8.00,1.60
2007.10.24 17:00:33.303,1.173,1.17335,8.00,1.60
2007.10.24 17:00:33.611,1.173,1.17335,8.00,1.60
2007.10.24 17:00:33.749,1.173,1.17335,8.00,1.60
2007.10.24 17:00:33.886,1.173,1.17335,8.00,1.60
2007.10.24 17:00:34.024,1.173,1.17335,8.00,1.60
2007.10.24 17:00:34.162,1.173,1.17335,8.00,1.60
2007.10.24 17:00:34.299,1.173,1.17335,8.00,1.60
2007.10.24 17:00:34.437,1.173,1.17335,8.00,1.60
2007.10.24 17:00:34.575,1.173,1.17335,8.00,1.60
2007.10.24 17:00:34.713,1.173,1.17335,8.00,1.60
2007.10.24 17:00:35.016,1.173,1.17335,8.00,1.60
2007.10.24 17:00:35.319,1.173,1.17335,8.00,1.60
2007.10.24 17:00:35.622,1.17295,1.17335,9.60,1.60
2007.10.24 17:00:35.924,1.17295,1.17335,9.60,1.60
2007.10.24 17:00:36.137,1.17295,1.17335,9.60,1.60
2007.10.24 17:00:36.348,1.17295,1.17335,9.60,1.60
2007.10.24 17:00:36.560,1.17295,1.17335,9.60,1.60
2007.10.24 17:00:36.772,1.17295,1.17335,9.60,1.60
2007.10.24 17:00:36.984,1.17295,1.17335,9.60,1.60
2007.10.24 17:00:37.317,1.17295,1.17325,9.60,1.60
2007.10.24 17:00:37.650,1.17295,1.17325,1.60,1.60
2007.10.24 17:00:37.982,1.17295,1.17325,3.20,1.60
2007.10.24 17:00:38.248,1.17295,1.17325,11.20,1.60
2007.10.24 17:00:38.426,1.17295,1.17325,11.20,1.60
2007.10.24 17:00:38.604,1.17295,1.17325,11.20,1.60
2007.10.24 17:00:38.781,1.17295,1.17325,11.20,1.60
2007.10.24 17:00:39.032,1.17295,1.17325,11.20,1.60
2007.10.24 17:00:39.285,1.17295,1.17325,1.60,1.60
2007.10.24 17:00:39.537,1.17295,1.17325,1.60,1.60
2007.10.24 17:00:39.789,1.17295,1.17325,1.60,1.60
2007.10.24 17:00:40.042,1.1729,1.17325,8.00,1.60
2007.10.24 17:00:40.275,1.17285,1.17325,9.60,1.60
2007.10.24 17:00:40.508,1.17285,1.17325,9.60,1.60
2007.10.24 17:00:40.741,1.17285,1.17325,11.20,1.60
2007.10.24 17:00:40.973,1.1729,1.17325,8.00,1.60
2007.10.24 17:00:41.125,1.17285,1.17325,11.20,1.60
2007.10.24 17:00:41.226,1.1729,1.17325,0.50,1.60
2007.10.24 17:00:41.479,1.1729,1.17325,1.40,1.60
2007.10.24 17:00:41.732,1.17285,1.17325,11.20,1.60
2007.10.24 17:00:41.984,1.17285,1.17325,11.20,1.60
2007.10.24 17:00:42.317,1.1729,1.17325,9.60,1.60
2007.10.24 17:00:42.649,1.1729,1.17325,9.60,1.60
2007.10.24 17:00:42.981,1.1729,1.17325,9.60,1.60
2007.10.24 17:00:43.158,1.1729,1.17325,9.60,1.60
2007.10.24 17:00:43.335,1.17295,1.17325,1.20,1.60
2007.10.24 17:00:43.513,1.17295,1.17325,0.90,1.60
2007.10.24 17:00:43.692,1.1729,1.17325,9.60,1.60
2007.10.24 17:00:43.870,1.1729,1.17325,9.60,1.60
2007.10.24 17:00:44.047,1.1729,1.17325,9.60,1.60
2007.10.24 17:00:44.377,1.17295,1.17325,0.70,1.60
2007.10.24 17:00:44.635,1.17295,1.17325,1.10,1.60
2007.10.24 17:00:44.894,1.17295,1.17325,0.60,1.60
2007.10.24 17:00:45.151,1.1729,1.17325,9.60,1.60
2007.10.24 17:00:45.333,1.1729,1.17325,9.60,1.60
2007.10.24 17:00:45.515,1.17295,1.17325,0.60,1.60
2007.10.24 17:00:45.697,1.1729,1.17325,9.60,1.60
2007.10.24 17:00:45.881,1.17295,1.17325,1.00,1.60
2007.10.24 17:00:46.062,1.17295,1.17325,0.50,1.60
2007.10.24 17:00:46.304,1.1729,1.17325,9.60,1.60
2007.10.24 17:00:46.547,1.1729,1.17325,9.60,1.60
2007.10.24 17:00:46.790,1.17295,1.17325,0.60,1.60
2007.10.24 17:00:47.033,1.1729,1.17325,9.60,1.60
2007.10.24 17:00:47.275,1.1729,1.17325,9.60,1.60
2007.10.24 17:00:47.608,1.17295,1.17335,2.90,4.00
2007.10.24 17:00:47.940,1.17285,1.1734,11.20,6.70
2007.10.24 17:00:48.273,1.173,1.1734,0.90,6.70
2007.10.24 17:00:48.466,1.17305,1.17345,2.20,5.60
2007.10.24 17:00:48.658,1.17295,1.17345,9.60,5.60
2007.10.24 17:00:48.850,1.17305,1.17345,1.50,1.60
2007.10.24 17:00:49.042,1.17305,1.17345,2.80,1.60
2007.10.24 17:00:49.234,1.17295,1.17345,9.60,1.60
2007.10.24 17:00:49.506,1.17305,1.17345,3.50,1.60
2007.10.24 17:00:49.778,1.17295,1.17345,9.60,1.60
2007.10.24 17:00:50.051,1.17295,1.17345,9.60,1.60
2007.10.24 17:00:50.323,1.1731,1.17345,3.80,1.60
2007.10.24 17:00:50.560,1.17295,1.17345,9.60,1.60
2007.10.24 17:00:50.797,1.1731,1.17345,3.60,1.60
2007.10.24 17:00:51.035,1.1731,1.17355,1.30,12.30
2007.10.24 17:00:51.272,1.1731,1.17355,3.60,12.30
2007.10.24 17:00:51.485,1.1731,1.17355,2.30,12.30
2007.10.24 17:00:51.697,1.17305,1.17355,9.60,12.30
2007.10.24 17:00:51.909,1.17295,1.1735,13.60,6.70
2007.10.24 17:00:52.122,1.17295,1.1735,13.60,6.70
2007.10.24 17:00:52.454,1.17295,1.1735,13.60,6.70
2007.10.24 17:00:52.786,1.17305,1.1735,1.90,6.70
2007.10.24 17:00:53.117,1.17295,1.1735,13.60,6.70
2007.10.24 17:00:53.452,1.17295,1.1735,13.60,6.70
2007.10.24 17:00:53.645,1.17295,1.1735,13.60,6.70
2007.10.24 17:00:53.838,1.17295,1.1735,13.60,6.70
2007.10.24 17:00:54.030,1.17305,1.1735,1.40,6.70
2007.10.24 17:00:54.223,1.17305,1.1735,4.40,6.70
2007.10.24 17:00:54.556,1.17305,1.17345,0.60,1.60
2007.10.24 17:00:54.888,1.17295,1.17345,13.60,1.60
2007.10.24 17:00:55.220,1.17295,1.17345,13.60,1.60
2007.10.24 17:00:55.422,1.17295,1.17345,13.60,1.60
2007.10.24 17:00:55.624,1.17295,1.17345,13.60,1.60
2007.10.24 17:00:55.826,1.17295,1.17345,13.60,1.60
2007.10.24 17:00:56.029,1.17295,1.17345,13.60,1.60
2007.10.24 17:00:56.230,1.17305,1.17345,2.20,1.60
2007.10.24 17:00:56.502,1.17295,1.17345,13.60,1.60
2007.10.24 17:00:56.774,1.17305,1.17345,0.60,1.60
2007.10.24 17:00:57.046,1.17295,1.17345,13.60,1.60
2007.10.24 17:00:57.318,1.17295,1.17345,13.60,1.60
2007.10.24 17:00:57.650,1.17295,1.17345,13.60,1.60
2007.10.24 17:00:57.983,1.17305,1.17345,1.60,1.60
2007.10.24 17:00:58.315,1.17295,1.17345,13.60,1.60
2007.10.24 17:00:58.648,1.17295,1.17345,13.60,1.60
2007.10.24 17:00:58.811,1.17305,1.17345,1.00,1.60
2007.10.24 17:00:58.973,1.17305,1.17345,4.00,1.60
2007.10.24 17:00:59.135,1.17295,1.17345,13.60,1.60
2007.10.24 17:00:59.298,1.17295,1.17345,13.60,1.60
2007.10.24 17:00:59.460,1.17295,1.17345,13.60,1.60
2007.10.24 17:00:59.742,1.17295,1.17345,13.60,1.60
2007.10.24 17:01:00.025,1.17295,1.17345,13.60,1.60
2007.10.24 17:01:00.308,1.17295,1.17345,13.60,1.60
2007.10.24 17:01:00.591,1.17305,1.17345,2.00,1.60
2007.10.24 17:01:00.753,1.17295,1.17345,13.60,1.60
2007.10.24 17:01:00.916,1.17305,1.17345,1.00,1.60
2007.10.24 17:01:01.078,1.17295,1.17345,13.60,1.60
2007.10.24 17:01:01.240,1.17305,1.17345,1.50,1.60
2007.10.24 17:01:01.403,1.17305,1.17345,0.70,1.60
2007.10.24 17:01:01.565,1.17305,1.17345,2.70,1.60
2007.10.24 17:01:01.853,1.17295,1.17345,13.60,1.60
2007.10.24 17:01:02.140,1.17295,1.17345,13.60,1.60
2007.10.24 17:01:02.427,1.17295,1.17345,13.60,1.60
2007.10.24 17:01:02.779,1.17295,1.17345,13.60,1.60
2007.10.24 17:01:03.089,1.17305,1.17345,2.20,1.60
2007.10.24 17:01:03.398,1.17295,1.17345,9.60,8.30
2007.10.24 17:01:03.707,1.17295,1.17345,9.60,8.30
2007.10.24 17:01:03.860,1.17295,1.17345,9.60,12.30
2007.10.24 17:01:04.013,1.17295,1.17345,9.60,12.30
2007.10.24 17:01:04.165,1.173,1.17345,2.00,12.30
2007.10.24 17:01:04.320,1.17295,1.17345,9.60,12.30
2007.10.24 17:01:04.473,1.173,1.17345,1.60,12.30
2007.10.24 17:01:04.624,1.173,1.17345,0.70,12.30
2007.10.24 17:01:04.776,1.173,1.17345,4.00,12.30
2007.10.24 17:01:05.074,1.173,1.17345,4.20,12.30
2007.10.24 17:01:05.373,1.173,1.17345,2.90,12.30
2007.10.24 17:01:05.670,1.17295,1.17345,9.60,12.30
2007.10.24 17:01:05.967,1.173,1.17345,2.40,12.30
2007.10.24 17:01:06.159,1.173,1.17345,4.40,12.30
2007.10.24 17:01:06.178,1.17295,1.17355,9.60,16.30
2007.10.24 17:01:06.351,1.17295,1.17355,9.60,16.30
2007.10.24 17:01:06.543,1.17295,1.17355,9.60,16.30
2007.10.24 17:01:06.737,1.173,1.17345,0.90,0.70
2007.10.24 17:01:06.934,1.17295,1.17355,9.60,16.30
2007.10.24 17:01:07.132,1.17295,1.17355,9.60,16.30
2007.10.24 17:01:07.330,1.17295,1.17355,9.60,16.30
2007.10.24 17:01:07.526,1.173,1.17345,0.50,0.90
2007.10.24 17:01:07.725,1.173,1.17345,0.80,0.80
2007.10.24 17:01:07.923,1.173,1.17345,0.60,0.90
2007.10.24 17:01:08.255,1.173,1.17355,8.00,16.30
2007.10.24 17:01:08.588,1.173,1.17345,8.00,0.70
2007.10.24 17:01:08.920,1.173,1.17355,8.00,16.30
2007.10.24 17:01:09.043,1.173,1.17355,8.00,16.30
2007.10.24 17:01:09.165,1.173,1.17355,8.00,16.30
2007.10.24 17:01:09.288,1.173,1.17355,8.00,16.30
2007.10.24 17:01:09.410,1.173,1.17355,8.00,16.30
2007.10.24 17:01:09.533,1.173,1.17355,8.00,16.30
2007.10.24 17:01:09.655,1.173,1.17345,8.00,0.70
2007.10.24 17:01:09.777,1.173,1.17355,8.00,16.30
2007.10.24 17:01:09.900,1.173,1.17345,8.00,0.80
2007.10.24 17:01:10.023,1.173,1.17355,8.00,16.30
2007.10.24 17:01:10.355,1.173,1.17345,8.00,0.60
2007.10.24 17:01:10.688,1.1731,1.1735,8.00,8.30
2007.10.24 17:01:11.020,1.1731,1.1735,8.00,8.30
2007.10.24 17:01:11.147,1.1731,1.1735,8.00,8.30
2007.10.24 17:01:11.275,1.1731,1.17345,8.00,0.70
2007.10.24 17:01:11.402,1.1731,1.17345,8.00,0.70
2007.10.24 17:01:11.530,1.1731,1.1735,8.00,8.30
2007.10.24 17:01:11.657,1.1731,1.1735,8.00,8.30
2007.10.24 17:01:11.785,1.1731,1.17345,8.00,0.50
2007.10.24 17:01:11.912,1.17305,1.17345,8.00,0.50
2007.10.24 17:01:12.039,1.17305,1.17355,8.00,13.90
2007.10.24 17:01:12.371,1.173,1.17345,8.00,9.90
2007.10.24 17:01:12.704,1.173,1.17345,8.00,9.90
2007.10.24 17:01:13.037,1.173,1.17345,8.00,13.90
2007.10.24 17:01:13.372,1.173,1.1734,8.00,0.90
2007.10.24 17:01:13.554,1.173,1.17345,8.00,13.90
2007.10.24 17:01:13.737,1.173,1.1734,8.00,0.90
2007.10.24 17:01:13.920,1.173,1.1734,8.00,0.70
2007.10.24 17:01:14.103,1.173,1.1734,8.00,0.70
2007.10.24 17:01:14.286,1.173,1.17345,8.00,13.90
2007.10.24 17:01:14.563,1.173,1.1734,8.00,0.80
2007.10.24 17:01:14.839,1.173,1.1734,8.00,0.60
2007.10.24 17:01:15.117,1.173,1.1734,8.00,0.80
2007.10.24 17:01:15.394,1.173,1.1734,8.00,0.90
2007.10.24 17:01:15.616,1.173,1.17345,8.00,13.90
2007.10.24 17:01:15.839,1.173,1.1734,8.00,0.50
2007.10.24 17:01:16.060,1.173,1.17345,8.00,13.90
2007.10.24 17:01:16.283,1.173,1.1734,8.00,0.50
2007.10.24 17:01:16.471,1.173,1.17345,8.00,0.60
2007.10.24 17:01:16.658,1.173,1.17355,8.00,17.90
2007.10.24 17:01:16.846,1.173,1.17355,8.00,17.90
2007.10.24 17:01:17.034,1.173,1.17355,8.00,17.90
2007.10.24 17:01:17.220,1.173,1.17345,8.00,0.60
2007.10.24 17:01:17.552,1.173,1.17355,8.00,17.90
2007.10.24 17:01:17.885,1.173,1.17345,8.00,0.90
2007.10.24 17:01:18.217,1.173,1.17355,8.00,17.90
2007.10.24 17:01:18.375,1.173,1.17355,8.00,13.90
2007.10.24 17:01:18.533,1.173,1.17345,8.00,0.70
2007.10.24 17:01:18.690,1.173,1.17355,8.00,13.90
2007.10.24 17:01:18.848,1.173,1.17345,8.00,0.70
2007.10.24 17:01:19.006,1.173,1.17355,8.00,13.90
2007.10.24 17:01:19.163,1.173,1.17345,8.00,0.90
2007.10.24 17:01:19.321,1.17305,1.17345,8.00,0.90
2007.10.24 17:01:19.654,1.17305,1.17345,8.00,0.50
2007.10.24 17:01:19.985,1.1731,1.1735,8.00,8.30
2007.10.24 17:01:20.318,1.1731,1.1735,8.00,8.30
2007.10.24 17:01:20.500,1.1731,1.1735,8.00,8.30
2007.10.24 17:01:20.683,1.1731,1.17345,8.00,0.80
2007.10.24 17:01:20.866,1.1731,1.1735,8.00,8.30
2007.10.24 17:01:21.048,1.1731,1.1735,8.00,8.30
2007.10.24 17:01:21.231,1.1731,1.17345,8.00,0.80
2007.10.24 17:01:21.487,1.1731,1.1735,8.00,8.30
2007.10.24 17:01:21.744,1.1731,1.17345,8.00,0.80
2007.10.24 17:01:22.001,1.1731,1.1735,8.00,8.30
2007.10.24 17:01:22.258,1.1731,1.17345,8.00,0.60
2007.10.24 17:01:22.515,1.1731,1.1735,8.00,8.30
2007.10.24 17:01:22.827,1.1731,1.1735,8.00,8.30
2007.10.24 17:01:23.140,1.1731,1.17345,8.00,0.90
2007.10.24 17:01:23.455,1.1731,1.1735,8.00,8.30
2007.10.24 17:01:23.577,1.1731,1.17345,8.00,0.80
2007.10.24 17:01:23.701,1.1731,1.1735,8.00,8.30
2007.10.24 17:01:23.824,1.1731,1.17345,8.00,0.90
2007.10.24 17:01:23.947,1.1731,1.1735,8.00,8.30
2007.10.24 17:01:24.070,1.1731,1.1735,8.00,8.30
2007.10.24 17:01:24.193,1.1731,1.1735,8.00,8.30
2007.10.24 17:01:24.316,1.1731,1.1735,8.00,8.30
2007.10.24 17:01:24.648,1.1731,1.1735,8.00,8.30
2007.10.24 17:01:24.980,1.1731,1.17345,8.00,0.50
2007.10.24 17:01:25.312,1.1731,1.1735,8.00,8.30
2007.10.24 17:01:25.440,1.1731,1.17345,8.00,0.80
2007.10.24 17:01:25.567,1.1731,1.1735,8.00,8.30
2007.10.24 17:01:25.694,1.1731,1.17345,8.00,0.90
2007.10.24 17:01:25.822,1.1731,1.1735,8.00,8.30
2007.10.24 17:01:25.949,1.1731,1.17345,8.00,0.50
2007.10.24 17:01:26.076,1.1731,1.17345,8.00,0.80
2007.10.24 17:01:26.204,1.1731,1.1735,8.00,8.30
2007.10.24 17:01:26.331,1.1731,1.1735,8.00,8.30
2007.10.24 17:01:26.649,1.1731,1.17345,8.00,0.70
2007.10.24 17:01:26.967,1.1731,1.1735,8.00,8.30
2007.10.24 17:01:27.314,1.1731,1.17345,8.00,0.90
2007.10.24 17:01:27.631,1.1731,1.1735,8.00,8.30
2007.10.24 17:01:27.934,1.1731,1.1735,8.00,8.30
2007.10.24 17:01:28.237,1.1731,1.1735,8.00,8.30
2007.10.24 17:01:28.543,1.1731,1.1735,8.00,8.30
2007.10.24 17:01:28.675,1.1731,1.1735,8.00,8.30
2007.10.24 17:01:28.808,1.1731,1.1735,8.00,8.30
2007.10.24 17:01:28.941,1.1731,1.17345,8.00,0.90
2007.10.24 17:01:29.073,1.1731,1.17345,8.00,0.70
2007.10.24 17:01:29.207,1.1731,1.1735,8.00,8.30
2007.10.24 17:01:29.339,1.1731,1.17345,8.00,0.90
2007.10.24 17:01:29.471,1.1731,1.1735,8.00,8.30
2007.10.24 17:01:29.804,1.1731,1.17345,8.00,0.80
2007.10.24 17:01:30.137,1.1731,1.1735,8.00,8.30
2007.10.24 17:01:30.470,1.1731,1.17345,8.00,0.70
2007.10.24 17:01:30.683,1.1731,1.17345,8.00,0.90
2007.10.24 17:01:30.895,1.1731,1.1735,8.00,8.30
2007.10.24 17:01:31.108,1.1731,1.17345,8.00,0.70
2007.10.24 17:01:31.321,1.1731,1.1735,8.00,8.30
2007.10.24 17:01:31.534,1.1731,1.1735,8.00,8.30
2007.10.24 17:01:31.797,1.1731,1.17345,8.00,0.50
2007.10.24 17:01:32.060,1.1731,1.1735,8.00,8.30
2007.10.24 17:01:32.323,1.1731,1.1735,8.00,8.30
2007.10.24 17:01:32.584,1.1731,1.1735,8.00,8.30
2007.10.24 17:01:32.906,1.1731,1.1735,8.00,8.30
2007.10.24 17:01:33.229,1.1731,1.1735,8.00,8.30
2007.10.24 17:01:33.551,1.1731,1.17345,8.00,1.60
2007.10.24 17:01:33.729,1.1731,1.17345,8.00,1.60
2007.10.24 17:01:33.907,1.1731,1.17345,8.00,1.60
2007.10.24 17:01:34.085,1.1731,1.17345,8.00,1.60
2007.10.24 17:01:34.263,1.1731,1.17345,8.00,1.60
2007.10.24 17:01:34.442,1.1731,1.17345,8.00,1.60
2007.10.24 17:01:34.620,1.1731,1.17345,8.00,1.60
2007.10.24 17:01:34.851,1.1731,1.17345,8.00,1.60
2007.10.24 17:01:35.083,1.1731,1.17345,8.00,1.60
2007.10.24 17:01:35.315,1.1731,1.17345,8.00,1.60
2007.10.24 17:01:35.548,1.1731,1.17345,8.00,1.60
2007.10.24 17:01:35.780,1.1731,1.17345,8.00,1.60
2007.10.24 17:01:35.999,1.1731,1.17345,8.00,1.60
2007.10.24 17:01:36.216,1.1731,1.1735,8.00,6.70
2007.10.24 17:01:36.433,1.17315,1.17355,8.00,13.90
2007.10.24 17:01:36.651,1.17315,1.17355,8.00,13.90
2007.10.24 17:01:36.868,1.17315,1.17345,8.00,1.60
2007.10.24 17:01:37.106,1.17315,1.17345,8.00,1.60
2007.10.24 17:01:37.344,1.17315,1.17345,8.00,1.60
2007.10.24 17:01:37.581,1.17315,1.17345,8.00,1.60
2007.10.24 17:01:37.819,1.17315,1.17345,8.00,1.60
2007.10.24 17:01:38.122,1.17315,1.17345,8.00,1.60
2007.10.24 17:01:38.425,1.17315,1.17345,8.00,1.60
2007.10.24 17:01:38.727,1.17315,1.17345,8.00,1.60
2007.10.24 17:01:39.030,1.17315,1.17345,8.00,1.60
2007.10.24 17:01:39.263,1.17315,1.17345,8.00,1.60
2007.10.24 17:01:39.583,1.17315,1.17345,8.00,1.60
2007.10.24 17:01:39.814,1.17315,1.17345,8.00,1.60
2007.10.24 17:01:40.001,1.17315,1.17345,8.00,1.60
2007.10.24 17:01:40.188,1.17315,1.17345,8.00,1.60
2007.10.24 17:01:40.375,1.17315,1.17345,8.00,1.60
2007.10.24 17:01:40.562,1.17315,1.17345,8.00,1.60
2007.10.24 17:01:40.749,1.17315,1.17345,8.00,1.60
2007.10.24 17:01:40.936,1.17315,1.17345,8.00,1.60
2007.10.24 17:01:41.194,1.17315,1.17345,8.00,1.60
2007.10.24 17:01:41.452,1.17315,1.17345,8.00,1.60
2007.10.24 17:01:41.709,1.17315,1.17345,8.00,1.60
2007.10.24 17:01:41.967,1.17315,1.17345,8.00,1.60
2007.10.24 17:01:42.174,1.17315,1.17345,8.00,1.60
2007.10.24 17:01:42.381,1.17315,1.17345,8.00,1.60
2007.10.24 17:01:42.588,1.17315,1.17345,8.00,1.60
2007.10.24 17:01:42.797,1.17315,1.17345,8.00,1.60
2007.10.24 17:01:43.006,1.17315,1.17345,8.00,1.60
2007.10.24 17:01:43.214,1.17315,1.17345,8.00,1.60
2007.10.24 17:01:43.547,1.17315,1.17345,8.00,1.60
2007.10.24 17:01:43.879,1.17315,1.17345,8.00,1.60
2007.10.24 17:01:44.211,1.17315,1.17345,8.00,1.60
2007.10.24 17:01:44.379,1.17315,1.17345,8.00,1.60
2007.10.24 17:01:44.548,1.17315,1.17345,8.00,1.60
2007.10.24 17:01:44.715,1.17315,1.17345,8.00,1.60
2007.10.24 17:01:44.882,1.17315,1.17345,8.00,1.60
2007.10.24 17:01:45.049,1.17315,1.17345,8.00,1.60
2007.10.24 17:01:45.333,1.17315,1.17345,8.00,1.60
2007.10.24 17:01:45.716,1.17315,1.17345,8.00,1.60
2007.10.24 17:01:45.999,1.17315,1.17345,8.00,1.60
2007.10.24 17:01:46.281,1.17315,1.17345,8.00,1.60
2007.10.24 17:01:46.464,1.17315,1.17345,8.00,1.60
2007.10.24 17:01:46.646,1.17315,1.17345,8.00,1.60
2007.10.24 17:01:46.828,1.17315,1.17345,8.00,1.60
2007.10.24 17:01:47.010,1.17315,1.17345,8.00,1.60
2007.10.24 17:01:47.192,1.17315,1.17345,8.00,1.60
2007.10.24 17:01:47.525,1.17315,1.17345,8.00,1.60
2007.10.24 17:01:47.858,1.17315,1.17345,8.00,1.60
2007.10.24 17:01:48.190,1.17315,1.17345,8.00,1.60
2007.10.24 17:01:48.373,1.17315,1.17345,8.00,1.60
2007.10.24 17:01:48.554,1.17315,1.17345,8.00,1.60
2007.10.24 17:01:48.736,1.17315,1.17345,8.00,1.60
2007.10.24 17:01:48.918,1.17315,1.17345,8.00,1.60
2007.10.24 17:01:49.100,1.17315,1.17345,8.00,1.60
2007.10.24 17:01:49.372,1.17315,1.17345,8.00,1.60
2007.10.24 17:01:49.644,1.17315,1.17345,8.00,1.60
2007.10.24 17:01:49.917,1.17315,1.17345,8.00,1.60
2007.10.24 17:01:50.189,1.17315,1.17345,8.00,1.60
2007.10.24 17:01:50.461,1.17315,1.17345,8.00,1.60
2007.10.24 17:01:50.674,1.17315,1.17345,8.00,1.60
2007.10.24 17:01:50.886,1.17315,1.17345,8.00,1.60
2007.10.24 17:01:51.098,1.17315,1.17345,8.00,1.60
2007.10.24 17:01:51.311,1.17315,1.17345,8.00,1.60
2007.10.24 17:01:51.362,1.17315,1.17345,4.40,1.60
2007.10.24 17:01:51.543,1.17315,1.17345,0.90,1.60
2007.10.24 17:01:51.851,1.17315,1.17345,1.40,1.60
2007.10.24 17:01:52.087,1.17305,1.17345,9.60,1.60
2007.10.24 17:01:52.320,1.17315,1.17345,0.70,1.60
2007.10.24 17:01:52.654,1.17305,1.17345,9.60,1.60
2007.10.24 17:01:52.987,1.17305,1.17345,9.60,1.60
2007.10.24 17:01:53.319,1.17315,1.17345,3.20,1.60
2007.10.24 17:01:53.513,1.17305,1.17345,9.60,1.60
2007.10.24 17:01:53.706,1.17315,1.17345,4.40,1.60
2007.10.24 17:01:53.898,1.17305,1.17345,9.60,1.60
2007.10.24 17:01:54.091,1.17305,1.17345,9.60,1.60
2007.10.24 17:01:54.283,1.17315,1.17345,1.20,1.60
2007.10.24 17:01:54.476,1.17295,1.17345,13.60,1.60
2007.10.24 17:01:54.724,1.17295,1.17345,13.60,1.60
2007.10.24 17:01:54.972,1.17305,1.17345,4.30,1.60
2007.10.24 17:01:55.219,1.17295,1.17345,13.60,1.60
2007.10.24 17:01:55.467,1.17295,1.17345,13.60,1.60
2007.10.24 17:01:55.649,1.17295,1.17345,13.60,1.60
2007.10.24 17:01:55.831,1.17295,1.17345,13.60,1.60
2007.10.24 17:01:56.014,1.17295,1.17345,13.60,1.60
2007.10.24 17:01:56.197,1.17305,1.17345,4.20,1.60
2007.10.24 17:01:56.379,1.17295,1.17345,13.60,1.60
2007.10.24 17:01:56.666,1.17295,1.17345,13.60,1.60
2007.10.24 17:01:56.954,1.17305,1.17345,3.40,1.60
2007.10.24 17:01:57.241,1.17305,1.17345,3.10,1.60
2007.10.24 17:01:57.528,1.17295,1.17345,13.60,1.60
2007.10.24 17:01:57.835,1.17295,1.17345,13.60,1.60
2007.10.24 17:01:58.143,1.17295,1.17345,13.60,1.60
2007.10.24 17:01:58.450,1.17295,1.17345,13.60,1.60
2007.10.24 17:01:58.758,1.17305,1.17345,0.80,1.60
2007.10.24 17:01:58.900,1.17295,1.17345,13.60,1.60
2007.10.24 17:01:59.044,1.17305,1.17345,1.60,1.60
2007.10.24 17:01:59.186,1.17305,1.17345,3.60,1.60
2007.10.24 17:01:59.328,1.17295,1.17345,13.60,1.60
2007.10.24 17:01:59.470,1.17305,1.17345,1.90,1.60
2007.10.24 17:01:59.773,1.17295,1.17345,13.60,1.60
2007.10.24 17:02:00.076,1.17285,1.1734,17.60,6.70
2007.10.24 17:02:00.378,1.17285,1.17335,15.20,6.70
2007.10.24 17:02:00.680,1.17295,1.17335,1.40,6.70
2007.10.24 17:02:00.888,1.17275,1.17335,11.20,10.70
2007.10.24 17:02:01.096,1.1729,1.17335,3.90,12.30
2007.10.24 17:02:01.304,1.17285,1.17335,9.60,12.30
2007.10.24 17:02:01.511,1.17285,1.17335,9.60,12.30
2007.10.24 17:02:01.789,1.1729,1.17335,4.20,12.30
2007.10.24 17:02:02.067,1.17285,1.17335,9.60,12.30
2007.10.24 17:02:02.345,1.17285,1.17335,9.60,12.30
2007.10.24 17:02:02.623,1.1729,1.17335,1.10,12.30
2007.10.24 17:02:02.950,1.17285,1.17335,9.60,12.30
2007.10.24 17:02:03.277,1.17285,1.17335,9.60,12.30
2007.10.24 17:02:03.604,1.1729,1.17335,4.40,12.30
2007.10.24 17:02:03.931,1.17285,1.17335,9.60,12.30
2007.10.24 17:02:04.119,1.17285,1.17335,9.60,12.30
2007.10.24 17:02:04.302,1.1729,1.17335,2.50,12.30
2007.10.24 17:02:04.486,1.17285,1.17335,9.60,12.30
2007.10.24 17:02:04.668,1.17285,1.17335,9.60,12.30
2007.10.24 17:02:04.835,1.17285,1.17335,9.60,12.30
2007.10.24 17:02:05.003,1.1729,1.17335,3.10,12.30
2007.10.24 17:02:05.171,1.17285,1.17335,9.60,12.30
2007.10.24 17:02:05.339,1.1729,1.17335,4.20,12.30
2007.10.24 17:02:05.507,1.17285,1.17335,9.60,12.30
2007.10.24 17:02:05.674,1.17285,1.17335,9.60,12.30
2007.10.24 17:02:05.931,1.17285,1.17335,9.60,12.30
2007.10.24 17:02:06.189,1.17285,1.17335,9.60,12.30
2007.10.24 17:02:06.446,1.17285,1.17335,9.60,12.30
2007.10.24 17:02:06.705,1.1729,1.17335,1.10,12.30
2007.10.24 17:02:06.962,1.17285,1.17335,9.60,12.30
2007.10.24 17:02:07.130,1.1729,1.17335,1.40,12.30
2007.10.24 17:02:07.298,1.1729,1.17335,2.30,12.30
2007.10.24 17:02:07.465,1.17285,1.17335,9.60,5.60
2007.10.24 17:02:07.633,1.173,1.17335,2.90,5.60
2007.10.24 17:02:07.801,1.17285,1.17335,11.20,5.60
2007.10.24 17:02:08.134,1.17285,1.17335,11.20,1.60
2007.10.24 17:02:08.466,1.173,1.17335,3.80,1.60
2007.10.24 17:02:08.799,1.17285,1.17335,11.20,1.60
2007.10.24 17:02:08.931,1.173,1.17335,4.30,1.60
2007.10.24 17:02:09.064,1.173,1.17335,2.70,1.60
2007.10.24 17:02:09.197,1.17285,1.17335,11.20,1.60
2007.10.24 17:02:09.330,1.173,1.17335,1.10,1.60
2007.10.24 17:02:09.462,1.17285,1.17335,11.20,1.60
2007.10.24 17:02:09.594,1.173,1.17335,4.00,1.60
2007.10.24 17:02:09.727,1.173,1.17335,1.20,1.60
2007.10.24 17:02:09.859,1.17285,1.17335,11.20,1.60
2007.10.24 17:02:10.255,1.173,1.17335,4.20,1.60
2007.10.24 17:02:10.547,1.173,1.17335,4.20,1.60
2007.10.24 17:02:10.840,1.17285,1.17335,11.20,1.60
2007.10.24 17:02:11.002,1.17285,1.17335,11.20,1.60
2007.10.24 17:02:11.165,1.17285,1.17335,11.20,1.60
2007.10.24 17:02:11.326,1.17285,1.17335,11.20,1.60
2007.10.24 17:02:11.489,1.17285,1.17335,11.20,1.60
2007.10.24 17:02:11.652,1.17285,1.17335,11.20,1.60
2007.10.24 17:02:11.814,1.173,1.17335,4.10,1.60
2007.10.24 17:02:11.977,1.173,1.17335,1.20,1.60
2007.10.24 17:02:12.215,1.173,1.17335,1.70,1.60
2007.10.24 17:02:12.453,1.17285,1.17335,11.20,1.60
2007.10.24 17:02:12.691,1.17285,1.17335,11.20,1.60
2007.10.24 17:02:12.929,1.173,1.17335,1.20,1.60
2007.10.24 17:02:13.166,1.173,1.17335,1.40,1.60
2007.10.24 17:02:13.497,1.17285,1.17335,11.20,1.60
2007.10.24 17:02:13.830,1.173,1.17335,0.90,1.60
2007.10.24 17:02:14.163,1.17285,1.17335,11.20,1.60
2007.10.24 17:02:14.290,1.173,1.17335,4.00,1.60
2007.10.24 17:02:14.418,1.173,1.17335,1.20,1.60
2007.10.24 17:02:14.546,1.173,1.17335,3.70,1.60
2007.10.24 17:02:14.673,1.17285,1.17335,11.20,1.60
2007.10.24 17:02:14.801,1.17285,1.17335,11.20,1.60
2007.10.24 17:02:14.927,1.173,1.17335,4.30,1.60
2007.10.24 17:02:15.055,1.17295,1.1734,9.60,6.70
2007.10.24 17:02:15.338,1.17305,1.17345,9.60,5.60
2007.10.24 17:02:15.621,1.17305,1.17345,9.60,5.60
2007.10.24 17:02:15.903,1.17305,1.17345,9.60,1.60
2007.10.24 17:02:16.186,1.17305,1.17355,11.20,13.90
2007.10.24 17:02:16.404,1.17315,1.17355,1.20,13.90
2007.10.24 17:02:16.620,1.17315,1.17355,1.60,13.90
2007.10.24 17:02:16.838,1.17295,1.17345,11.40,1.60
2007.10.24 17:02:17.056,1.17295,1.17345,11.20,1.60
2007.10.24 17:02:17.264,1.1731,1.17345,1.00,1.60
2007.10.24 17:02:17.472,1.17295,1.17345,11.20,1.60
2007.10.24 17:02:17.680,1.17295,1.17345,11.20,1.60
2007.10.24 17:02:17.888,1.17295,1.17345,11.20,1.60
2007.10.24 17:02:18.094,1.1731,1.17345,4.30,1.60
2007.10.24 17:02:18.427,1.1731,1.17345,8.00,1.60
2007.10.24 17:02:18.759,1.1731,1.17345,8.00,1.60
2007.10.24 17:02:19.092,1.1731,1.17345,8.00,1.60
2007.10.24 17:02:19.239,1.1731,1.17345,8.00,1.60
2007.10.24 17:02:19.386,1.1731,1.17345,8.00,1.60
2007.10.24 17:02:19.534,1.1731,1.17345,8.00,1.60
2007.10.24 17:02:19.681,1.1731,1.17345,8.00,1.60
2007.10.24 17:02:19.829,1.1731,1.17345,8.00,1.60
2007.10.24 17:02:19.977,1.1731,1.17345,8.00,1.60
2007.10.24 17:02:20.124,1.1731,1.17345,8.00,1.60
2007.10.24 17:02:20.457,1.1731,1.17345,8.00,1.60
2007.10.24 17:02:20.790,1.1731,1.17345,8.00,1.60
2007.10.24 17:02:21.123,1.1731,1.17345,8.00,1.60
2007.10.24 17:02:21.270,1.1731,1.17345,8.00,1.60
2007.10.24 17:02:21.417,1.1731,1.17345,8.00,1.60
2007.10.24 17:02:21.565,1.1731,1.17345,8.00,1.60
2007.10.24 17:02:21.712,1.1731,1.17345,8.00,1.60
2007.10.24 17:02:21.860,1.1731,1.17345,8.00,1.60
2007.10.24 17:02:22.007,1.1731,1.17345,8.00,1.60
2007.10.24 17:02:22.155,1.1731,1.17345,8.00,1.60
2007.10.24 17:02:22.518,1.1731,1.17345,8.00,1.60
2007.10.24 17:02:22.826,1.1731,1.17345,8.00,1.60
2007.10.24 17:02:23.133,1.1731,1.17345,8.00,1.60
2007.10.24 17:02:23.441,1.1731,1.17345,8.00,1.60
2007.10.24 17:02:23.704,1.1731,1.17345,8.00,1.60
2007.10.24 17:02:23.967,1.1731,1.17345,8.00,1.60
2007.10.24 17:02:24.228,1.1731,1.17345,8.00,1.60
2007.10.24 17:02:24.391,1.1731,1.17345,8.00,1.60
2007.10.24 17:02:24.522,1.1731,1.17345,8.00,0.70
2007.10.24 17:02:24.553,1.1731,1.17345,8.00,1.60
2007.10.24 17:02:24.716,1.1731,1.17345,8.00,1.60
2007.10.24 17:02:24.878,1.1731,1.17345,8.00,1.60
2007.10.24 17:02:25.040,1.1731,1.17345,8.00,1.60
2007.10.24 17:02:25.203,1.1731,1.17345,8.00,1.60
2007.10.24 17:02:25.366,1.1731,1.17345,8.00,1.60
2007.10.24 17:02:25.638,1.1731,1.17345,8.00,1.60
2007.10.24 17:02:25.911,1.1731,1.17345,8.00,1.60
2007.10.24 17:02:26.184,1.1731,1.17345,8.00,1.60
2007.10.24 17:02:26.456,1.1731,1.17345,8.00,1.60
2007.10.24 17:02:26.609,1.1731,1.17345,8.00,1.60
2007.10.24 17:02:26.761,1.1731,1.17345,8.00,1.60
2007.10.24 17:02:26.914,1.1731,1.17345,8.00,1.60
2007.10.24 17:02:27.065,1.1731,1.17345,8.00,1.60
2007.10.24 17:02:27.218,1.1731,1.17345,8.00,1.60
2007.10.24 17:02:27.370,1.1731,1.17345,8.00,1.60
2007.10.24 17:02:27.523,1.1731,1.17345,8.00,1.60
2007.10.24 17:02:27.856,1.1731,1.17345,8.00,1.60
2007.10.24 17:02:28.189,1.1731,1.17345,8.00,1.60
2007.10.24 17:02:28.522,1.1731,1.17345,8.00,1.60
2007.10.24 17:02:28.660,1.1731,1.17345,8.00,1.60
2007.10.24 17:02:28.797,1.1731,1.17345,8.00,1.60
2007.10.24 17:02:28.935,1.1731,1.17345,8.00,1.60
2007.10.24 17:02:29.072,1.1731,1.17345,8.00,1.60
2007.10.24 17:02:29.211,1.1731,1.17345,8.00,1.60
2007.10.24 17:02:29.348,1.1731,1.17345,8.00,1.60
2007.10.24 17:02:29.486,1.1731,1.17345,8.00,1.60
2007.10.24 17:02:29.753,1.1731,1.17345,8.00,1.60
2007.10.24 17:02:30.021,1.1731,1.17345,8.00,1.60
2007.10.24 17:02:30.289,1.1731,1.17345,8.00,1.60
2007.10.24 17:02:30.556,1.1731,1.17345,8.00,1.60
2007.10.24 17:02:30.715,1.1731,1.17345,8.00,1.60
2007.10.24 17:02:30.872,1.1731,1.17345,8.00,1.60
2007.10.24 17:02:31.030,1.1731,1.17345,8.00,1.60
2007.10.24 17:02:31.188,1.1731,1.17345,8.00,1.60
2007.10.24 17:02:31.345,1.1731,1.17345,8.00,1.60
2007.10.24 17:02:31.504,1.1731,1.17345,8.00,1.60
2007.10.24 17:02:31.660,1.1731,1.17345,8.00,1.60
2007.10.24 17:02:31.937,1.1731,1.17345,8.00,1.60
2007.10.24 17:02:32.215,1.1731,1.17345,8.00,1.60
2007.10.24 17:02:32.493,1.1731,1.17345,8.00,1.60
2007.10.24 17:02:32.771,1.1731,1.17345,8.00,1.60
2007.10.24 17:02:33.054,1.1731,1.17345,8.00,1.60
2007.10.24 17:02:33.337,1.1731,1.17345,8.00,1.60
2007.10.24 17:02:33.620,1.1731,1.17345,8.00,1.60
2007.10.24 17:02:33.902,1.1731,1.17345,8.00,1.60
2007.10.24 17:02:34.050,1.1731,1.17345,8.00,1.60
2007.10.24 17:02:34.197,1.1731,1.17345,8.00,1.60
2007.10.24 17:02:34.344,1.1731,1.17345,8.00,1.60
2007.10.24 17:02:34.492,1.1731,1.17345,8.00,1.60
2007.10.24 17:02:34.639,1.1731,1.17345,8.00,1.60
2007.10.24 17:02:34.787,1.1731,1.17345,8.00,1.60
2007.10.24 17:02:34.937,1.1731,1.17345,8.00,1.60
2007.10.24 17:02:35.185,1.1731,1.17345,8.00,1.60
2007.10.24 17:02:35.434,1.1731,1.17345,8.00,1.60
2007.10.24 17:02:35.681,1.1731,1.17345,8.00,1.60
2007.10.24 17:02:35.928,1.1731,1.17345,8.00,1.60
2007.10.24 17:02:36.176,1.1731,1.17345,8.00,1.60
2007.10.24 17:02:36.354,1.1731,1.17345,8.00,1.60
2007.10.24 17:02:36.531,1.1731,1.17345,8.00,1.60
2007.10.24 17:02:36.709,1.1731,1.17345,8.00,1.60
2007.10.24 17:02:36.886,1.1731,1.17345,8.00,1.60
2007.10.24 17:02:37.064,1.1731,1.17345,8.00,1.60
2007.10.24 17:02:37.242,1.1731,1.17345,8.00,1.60
2007.10.24 17:02:37.481,1.1731,1.17345,8.00,1.60
2007.10.24 17:02:37.719,1.1731,1.17345,8.00,1.60
2007.10.24 17:02:37.956,1.17315,1.17345,8.00,1.60
2007.10.24 17:02:38.194,1.17315,1.17355,8.00,13.90
2007.10.24 17:02:38.527,1.17315,1.17355,8.00,13.90
2007.10.24 17:02:38.859,1.17315,1.17355,8.00,13.90
2007.10.24 17:02:39.191,1.17315,1.17355,8.00,13.90
2007.10.24 17:02:39.363,1.1731,1.17355,8.00,16.30
2007.10.24 17:02:39.535,1.1731,1.17355,8.00,16.30
2007.10.24 17:02:39.707,1.1731,1.17355,8.00,16.30
2007.10.24 17:02:39.879,1.1731,1.17355,8.00,16.30
2007.10.24 17:02:40.051,1.1731,1.17355,8.00,16.30
2007.10.24 17:02:40.224,1.1731,1.1735,8.00,6.70
2007.10.24 17:02:40.527,1.1731,1.1735,8.00,6.70
2007.10.24 17:02:40.924,1.1731,1.1735,8.00,6.70
2007.10.24 17:02:41.229,1.1731,1.1735,8.00,6.70
2007.10.24 17:02:41.392,1.1731,1.1735,8.00,6.70
2007.10.24 17:02:41.555,1.1731,1.1735,8.00,6.70
2007.10.24 17:02:41.717,1.1731,1.1735,8.00,6.70
2007.10.24 17:02:41.880,1.1731,1.1735,8.00,6.70
2007.10.24 17:02:42.042,1.1731,1.1735,8.00,6.70
2007.10.24 17:02:42.205,1.1731,1.1735,8.00,6.70
2007.10.24 17:02:42.367,1.1731,1.17355,8.00,16.30
2007.10.24 17:02:42.700,1.1731,1.17355,8.00,16.30
2007.10.24 17:02:43.033,1.1731,1.17355,8.00,16.30
2007.10.24 17:02:43.364,1.1731,1.17355,8.00,16.30
2007.10.24 17:02:43.528,1.1731,1.17355,8.00,16.30
2007.10.24 17:02:43.690,1.1731,1.17355,8.00,16.30
2007.10.24 17:02:43.852,1.1731,1.17355,8.00,16.30
2007.10.24 17:02:44.015,1.1731,1.17355,8.00,16.30
2007.10.24 17:02:44.178,1.1731,1.17355,8.00,16.30
2007.10.24 17:02:44.340,1.1731,1.17355,8.00,16.30
2007.10.24 17:02:44.612,1.1731,1.17355,8.00,16.30
2007.10.24 17:02:44.886,1.1731,1.17355,8.00,12.30
2007.10.24 17:02:45.159,1.1731,1.17355,8.00,12.30
2007.10.24 17:02:45.432,1.1731,1.17355,8.00,13.90
2007.10.24 17:02:45.670,1.17315,1.17355,8.00,13.90
2007.10.24 17:02:45.907,1.17315,1.17355,8.00,13.90
2007.10.24 17:02:46.145,1.17315,1.17355,8.00,13.90
2007.10.24 17:02:46.382,1.17315,1.17355,8.00,13.90
2007.10.24 17:02:46.605,1.17315,1.17355,8.00,13.90
2007.10.24 17:02:46.828,1.17315,1.17355,8.00,13.90
2007.10.24 17:02:47.057,1.17315,1.17355,8.00,13.90
2007.10.24 17:02:47.278,1.17315,1.17355,8.00,13.90
2007.10.24 17:02:47.500,1.17315,1.17355,8.00,13.90
2007.10.24 17:02:47.833,1.17315,1.17355,8.00,16.30
2007.10.24 17:02:48.166,1.1731,1.17355,8.00,16.30
2007.10.24 17:02:48.499,1.1731,1.1735,8.00,6.70
2007.10.24 17:02:48.832,1.1731,1.1735,8.00,6.70
2007.10.24 17:02:48.996,1.1731,1.1735,8.00,6.70
2007.10.24 17:02:49.159,1.1731,1.1735,8.00,6.70
2007.10.24 17:02:49.321,1.1731,1.1735,8.00,6.70
2007.10.24 17:02:49.484,1.17315,1.17355,1.60,12.30
2007.10.24 17:02:49.646,1.17315,1.17355,1.60,12.30
2007.10.24 17:02:49.979,1.17325,1.17355,8.00,1.60
2007.10.24 17:02:50.312,1.17325,1.17355,8.00,1.60
2007.10.24 17:02:50.644,1.17325,1.17355,8.00,1.60
2007.10.24 17:02:50.812,1.17325,1.17355,8.00,1.60
2007.10.24 17:02:50.980,1.17325,1.17355,8.00,1.60
2007.10.24 17:02:51.148,1.17325,1.17365,8.00,13.90
2007.10.24 17:02:51.314,1.17325,1.17365,8.00,13.90
2007.10.24 17:02:51.481,1.17325,1.17365,8.00,13.90
2007.10.24 17:02:51.649,1.17325,1.17365,8.00,13.90
2007.10.24 17:02:51.956,1.17325,1.17365,8.00,13.90
2007.10.24 17:02:52.264,1.17325,1.17365,8.00,13.90
2007.10.24 17:02:52.573,1.17325,1.17365,8.00,13.90
2007.10.24 17:02:52.881,1.17325,1.17365,8.00,13.90
2007.10.24 17:02:53.192,1.17325,1.17365,8.00,13.90
2007.10.24 17:02:53.500,1.17325,1.17365,8.00,13.90
2007.10.24 17:02:53.808,1.17325,1.17365,8.00,13.90
2007.10.24 17:02:53.950,1.17325,1.17365,8.00,13.90
2007.10.24 17:02:54.093,1.1733,1.17365,8.00,7.20
2007.10.24 17:02:54.236,1.1733,1.17365,8.00,7.20
2007.10.24 17:02:54.379,1.1733,1.17365,8.00,7.20
2007.10.24 17:02:54.521,1.1733,1.17365,8.00,7.20
2007.10.24 17:02:54.664,1.17325,1.17365,8.00,13.90
2007.10.24 17:02:54.807,1.17325,1.17365,8.00,13.90
2007.10.24 17:02:55.139,1.17325,1.17365,8.00,13.90
2007.10.24 17:02:55.472,1.17325,1.17365,8.00,13.90
2007.10.24 17:02:55.805,1.17325,1.17365,8.00,13.90
2007.10.24 17:02:55.948,1.17325,1.17365,8.00,13.90
2007.10.24 17:02:56.090,1.17325,1.17365,8.00,13.90
2007.10.24 17:02:56.232,1.17325,1.17365,8.00,13.90
2007.10.24 17:02:56.375,1.17325,1.17365,8.00,13.90
2007.10.24 17:02:56.517,1.17325,1.17365,8.00,13.90
2007.10.24 17:02:56.660,1.17325,1.17365,8.00,13.90
2007.10.24 17:02:56.802,1.17325,1.17365,8.00,13.90
2007.10.24 17:02:56.945,1.17325,1.17365,8.00,13.90
2007.10.24 17:02:57.222,1.17325,1.17365,8.00,13.90
2007.10.24 17:02:57.500,1.1733,1.17365,8.00,5.60
2007.10.24 17:02:57.778,1.1733,1.17365,8.00,1.60
2007.10.24 17:02:58.056,1.1733,1.17365,8.00,1.60
2007.10.24 17:02:58.390,1.1733,1.17365,8.00,1.60
2007.10.24 17:02:58.722,1.1733,1.17365,8.00,1.60
2007.10.24 17:02:59.055,1.1733,1.17365,8.00,1.60
2007.10.24 17:02:59.325,1.1733,1.17365,8.00,1.60
2007.10.24 17:02:59.488,1.1733,1.17365,8.00,1.60
2007.10.24 17:02:59.651,1.1733,1.17365,8.00,1.60
2007.10.24 17:02:59.812,1.1733,1.17365,8.00,1.60
2007.10.24 17:02:59.974,1.1733,1.17365,8.00,1.60
2007.10.24 17:03:00.197,1.1733,1.17365,8.00,1.60
2007.10.24 17:03:00.419,1.1733,1.17365,8.00,1.60
2007.10.24 17:03:00.642,1.1733,1.17365,8.00,1.60
2007.10.24 17:03:00.865,1.1733,1.17365,8.00,1.60
2007.10.24 17:03:01.087,1.1733,1.17365,8.00,1.60
2007.10.24 17:03:01.310,1.1733,1.17365,8.00,1.60
2007.10.24 17:03:01.532,1.1733,1.17365,8.00,1.60
2007.10.24 17:03:01.755,1.1733,1.17365,8.00,1.60
2007.10.24 17:03:01.978,1.1733,1.17365,8.00,1.60
2007.10.24 17:03:02.200,1.1733,1.17365,8.00,1.60
2007.10.24 17:03:02.448,1.1733,1.17365,8.00,1.60
2007.10.24 17:03:02.696,1.1733,1.17365,8.00,1.60
2007.10.24 17:03:02.944,1.1733,1.17365,8.00,1.60
2007.10.24 17:03:03.190,1.1733,1.17365,8.00,1.60
2007.10.24 17:03:03.523,1.1733,1.17365,8.00,1.60
2007.10.24 17:03:03.855,1.1733,1.17365,8.00,1.60
2007.10.24 17:03:04.188,1.17325,1.17365,8.00,12.30
2007.10.24 17:03:04.521,1.17325,1.17365,8.00,12.30
2007.10.24 17:03:04.688,1.17325,1.17365,8.00,12.30
2007.10.24 17:03:04.856,1.17325,1.17365,8.00,12.30
2007.10.24 17:03:05.023,1.17325,1.17365,8.00,12.30
2007.10.24 17:03:05.190,1.17325,1.17365,8.00,12.30
2007.10.24 17:03:05.465,1.17325,1.17365,8.00,12.30
2007.10.24 17:03:05.702,1.17325,1.17365,8.00,12.30
2007.10.24 17:03:05.942,1.17325,1.17355,8.00,1.60
2007.10.24 17:03:06.179,1.17315,1.17355,8.00,1.60
2007.10.24 17:03:06.417,1.17315,1.17355,8.00,1.60
2007.10.24 17:03:06.654,1.17315,1.17355,8.00,1.60
2007.10.24 17:03:06.891,1.17315,1.17355,8.00,1.60
2007.10.24 17:03:07.129,1.17315,1.17355,8.00,1.60
2007.10.24 17:03:07.367,1.17315,1.17355,8.00,3.20
2007.10.24 17:03:07.590,1.1731,1.17355,8.00,9.90
2007.10.24 17:03:07.813,1.1731,1.17355,8.00,8.30
2007.10.24 17:03:08.035,1.1731,1.17355,8.00,12.30
2007.10.24 17:03:08.258,1.17315,1.17355,8.00,5.60
2007.10.24 17:03:08.480,1.17315,1.17355,8.00,5.60
2007.10.24 17:03:08.812,1.17315,1.17355,9.60,1.60
2007.10.24 17:03:09.145,1.17325,1.17355,8.00,1.60
2007.10.24 17:03:09.476,1.17325,1.17355,8.00,1.60
2007.10.24 17:03:09.664,1.17325,1.17355,8.00,1.60
2007.10.24 17:03:09.852,1.17325,1.17355,8.00,1.60
2007.10.24 17:03:10.039,1.1732,1.17355,8.00,1.60
2007.10.24 17:03:10.226,1.1732,1.17355,8.00,1.60
2007.10.24 17:03:10.414,1.1732,1.17355,8.00,1.60
2007.10.24 17:03:10.691,1.1732,1.17355,8.00,1.60
2007.10.24 17:03:10.968,1.1732,1.17355,8.00,1.60
2007.10.24 17:03:11.246,1.1732,1.17355,8.00,1.60
2007.10.24 17:03:11.616,1.1732,1.17355,8.00,1.60
2007.10.24 17:03:11.818,1.1732,1.17355,8.00,1.60
2007.10.24 17:03:12.021,1.1732,1.17355,8.00,1.60
2007.10.24 17:03:12.224,1.1732,1.17355,8.00,1.60
2007.10.24 17:03:12.428,1.1732,1.17355,8.00,1.60
2007.10.24 17:03:12.640,1.1732,1.17355,8.00,1.60
2007.10.24 17:03:12.853,1.1732,1.17355,8.00,1.60
2007.10.24 17:03:13.065,1.1732,1.17355,8.00,1.60
2007.10.24 17:03:13.277,1.1732,1.17355,8.00,1.60
2007.10.24 17:03:13.491,1.1732,1.17355,8.00,1.60
2007.10.24 17:03:13.807,1.1732,1.17355,8.00,1.60
2007.10.24 17:03:14.125,1.1732,1.17355,8.00,1.60
2007.10.24 17:03:14.442,1.1732,1.17355,8.00,1.60
2007.10.24 17:03:14.760,1.1732,1.17355,8.00,1.60
2007.10.24 17:03:14.912,1.1732,1.17355,8.00,1.60
2007.10.24 17:03:15.064,1.1732,1.17355,8.00,1.60
2007.10.24 17:03:15.216,1.1732,1.17355,8.00,1.60
2007.10.24 17:03:15.369,1.1732,1.17355,8.00,1.60
2007.10.24 17:03:15.522,1.1732,1.17355,8.00,1.60
2007.10.24 17:03:15.674,1.1732,1.17355,8.00,1.60
2007.10.24 17:03:15.826,1.1732,1.17355,8.00,1.60
2007.10.24 17:03:16.099,1.1732,1.17355,8.00,1.60
2007.10.24 17:03:16.371,1.1732,1.17355,8.00,1.60
2007.10.24 17:03:16.644,1.1732,1.17355,8.00,1.60
2007.10.24 17:03:16.917,1.1732,1.17355,8.00,1.60
2007.10.24 17:03:17.104,1.1732,1.17355,8.00,1.60
2007.10.24 17:03:17.291,1.1732,1.17355,8.00,1.60
2007.10.24 17:03:17.479,1.1732,1.17355,8.00,1.60
2007.10.24 17:03:17.768,1.1732,1.17355,8.00,1.60
2007.10.24 17:03:18.102,1.1732,1.17355,8.00,1.60
2007.10.24 17:03:18.435,1.1732,1.17355,8.00,1.60
2007.10.24 17:03:18.768,1.1732,1.17355,8.00,1.60
2007.10.24 17:03:19.101,1.1732,1.17355,8.00,1.60
2007.10.24 17:03:19.273,1.1732,1.17355,8.00,1.60
2007.10.24 17:03:19.446,1.1732,1.17355,8.00,1.60
2007.10.24 17:03:19.618,1.1732,1.17355,8.00,1.60
2007.10.24 17:03:19.791,1.1732,1.17355,8.00,1.60
2007.10.24 17:03:20.039,1.1732,1.17355,8.00,1.60
2007.10.24 17:03:20.287,1.1732,1.17355,8.00,1.60
2007.10.24 17:03:20.535,1.1732,1.17355,8.00,1.60
2007.10.24 17:03:20.783,1.1732,1.17355,8.00,1.60
2007.10.24 17:03:21.031,1.1732,1.17355,8.00,1.60
2007.10.24 17:03:21.203,1.1732,1.17355,8.00,1.60
2007.10.24 17:03:21.376,1.1732,1.17355,8.00,1.60
2007.10.24 17:03:21.548,1.1732,1.17355,8.00,1.60
2007.10.24 17:03:21.721,1.1732,1.17355,8.00,1.60
2007.10.24 17:03:21.894,1.1732,1.17355,8.00,1.60
2007.10.24 17:03:22.135,1.17315,1.17355,8.00,9.90
2007.10.24 17:03:22.378,1.17315,1.17355,8.00,9.90
2007.10.24 17:03:22.621,1.17315,1.17355,8.00,9.90
2007.10.24 17:03:22.781,1.17305,1.17355,11.20,9.90
2007.10.24 17:03:22.864,1.17315,1.17355,8.00,13.90
2007.10.24 17:03:23.197,1.17315,1.17355,8.00,13.90
2007.10.24 17:03:23.528,1.17315,1.17355,8.00,13.90
2007.10.24 17:03:23.926,1.17315,1.17355,8.00,13.90
2007.10.24 17:03:24.094,1.17325,1.17355,1.60,12.30
2007.10.24 17:03:24.263,1.17335,1.17355,1.60,4.00
2007.10.24 17:03:24.430,1.17335,1.17355,1.60,4.00
2007.10.24 17:03:24.598,1.17335,1.17365,1.60,1.60
2007.10.24 17:03:24.766,1.17335,1.17375,1.60,13.90
2007.10.24 17:03:24.934,1.17335,1.17375,1.60,13.90
2007.10.24 17:03:25.221,1.17335,1.17375,9.60,7.20
2007.10.24 17:03:25.509,1.17335,1.17375,8.00,7.20
2007.10.24 17:03:25.797,1.17335,1.17375,8.00,7.20
2007.10.24 17:03:26.085,1.17335,1.17355,8.00,1.60
2007.10.24 17:03:26.312,1.17335,1.17365,8.00,3.20
2007.10.24 17:03:26.539,1.17325,1.17355,9.60,1.60
2007.10.24 17:03:26.767,1.17325,1.17355,8.00,5.60
2007.10.24 17:03:26.994,1.1731,1.17345,8.00,1.60
2007.10.24 17:03:27.237,1.1731,1.17345,8.00,1.60
2007.10.24 17:03:27.480,1.1731,1.17345,8.00,1.60
2007.10.24 17:03:27.722,1.1731,1.17345,8.00,1.60
2007.10.24 17:03:27.965,1.1731,1.17345,8.00,1.60
2007.10.24 17:03:28.208,1.1731,1.17345,8.00,1.60
2007.10.24 17:03:28.540,1.1731,1.17345,8.00,1.60
2007.10.24 17:03:28.873,1.1731,1.17345,8.00,1.60
2007.10.24 17:03:29.206,1.1731,1.17345,8.00,1.60
2007.10.24 17:03:29.363,1.1731,1.17345,8.00,1.60
2007.10.24 17:03:29.521,1.1731,1.17345,8.00,1.60
2007.10.24 17:03:29.678,1.1731,1.17345,8.00,1.60
2007.10.24 17:03:29.837,1.1731,1.17345,8.00,1.60
2007.10.24 17:03:30.062,1.1731,1.17345,8.00,1.60
2007.10.24 17:03:30.218,1.1731,1.17345,8.00,1.60
2007.10.24 17:03:30.460,1.1731,1.17345,8.00,1.60
2007.10.24 17:03:30.702,1.1731,1.17345,8.00,1.60
2007.10.24 17:03:30.946,1.1731,1.17345,8.00,1.60
2007.10.24 17:03:31.187,1.1731,1.17345,8.00,1.60
2007.10.24 17:03:31.459,1.1731,1.17345,8.00,1.60
2007.10.24 17:03:31.731,1.1731,1.17345,8.00,1.60
2007.10.24 17:03:32.005,1.1731,1.17345,8.00,1.60
2007.10.24 17:03:32.278,1.1731,1.17345,8.00,1.60
2007.10.24 17:03:32.496,1.1731,1.17345,8.00,1.60
2007.10.24 17:03:32.713,1.1731,1.17345,8.00,1.60
2007.10.24 17:03:32.931,1.1731,1.17345,8.00,1.60
2007.10.24 17:03:33.149,1.1731,1.17345,8.00,1.60
2007.10.24 17:03:33.366,1.1731,1.17345,8.00,1.60
2007.10.24 17:03:33.699,1.1731,1.17345,8.00,1.60
2007.10.24 17:03:34.032,1.1731,1.17345,8.00,1.60
2007.10.24 17:03:34.364,1.1731,1.17345,8.00,1.60
2007.10.24 17:03:34.517,1.1731,1.17345,8.00,1.60
2007.10.24 17:03:34.670,1.1731,1.17345,8.00,1.60
2007.10.24 17:03:34.822,1.1731,1.17345,8.00,1.60
2007.10.24 17:03:34.974,1.1731,1.17345,8.00,1.60
2007.10.24 17:03:35.127,1.1731,1.17345,8.00,1.60
2007.10.24 17:03:35.279,1.1731,1.17345,8.00,1.60
2007.10.24 17:03:35.556,1.1731,1.17345,8.00,1.60
2007.10.24 17:03:35.833,1.1731,1.17345,8.00,1.60
2007.10.24 17:03:36.199,1.1731,1.17345,8.00,1.60
2007.10.24 17:03:36.481,1.1731,1.17345,8.00,1.60
2007.10.24 17:03:36.708,1.17305,1.17345,8.00,1.60
2007.10.24 17:03:36.934,1.17305,1.17345,8.00,5.60
2007.10.24 17:03:37.163,1.17305,1.17345,8.00,5.60
2007.10.24 17:03:37.389,1.17305,1.17345,8.00,5.60
2007.10.24 17:03:37.639,1.17305,1.17345,8.00,5.60
2007.10.24 17:03:37.888,1.17305,1.17345,8.00,5.60
2007.10.24 17:03:38.134,1.17305,1.17345,8.00,5.60
2007.10.24 17:03:38.382,1.17305,1.17345,8.00,5.60
2007.10.24 17:03:38.630,1.17305,1.17345,8.00,5.60
2007.10.24 17:03:38.963,1.17305,1.17345,8.00,7.20
2007.10.24 17:03:39.296,1.173,1.17335,8.00,1.60
2007.10.24 17:03:39.628,1.17295,1.17335,8.00,8.30
2007.10.24 17:03:39.826,1.17295,1.17335,8.00,12.30
2007.10.24 17:03:40.023,1.17295,1.17335,8.00,12.30
2007.10.24 17:03:40.220,1.17295,1.17335,8.00,12.30
2007.10.24 17:03:40.418,1.17295,1.17335,8.00,5.60
2007.10.24 17:03:40.732,1.17295,1.17335,8.00,12.30
2007.10.24 17:03:41.044,1.17295,1.17335,8.00,12.30
2007.10.24 17:03:41.357,1.17295,1.17335,8.00,12.30
2007.10.24 17:03:41.669,1.17295,1.17335,8.00,12.30
2007.10.24 17:03:41.882,1.17295,1.17335,8.00,12.30
2007.10.24 17:03:42.095,1.1729,1.17335,8.00,12.30
2007.10.24 17:03:42.331,1.1729,1.17335,8.00,12.30
2007.10.24 17:03:42.548,1.17295,1.17335,8.00,12.30
2007.10.24 17:03:42.795,1.17295,1.17335,8.00,12.30
2007.10.24 17:03:43.042,1.17295,1.17335,8.00,12.30
2007.10.24 17:03:43.289,1.17295,1.17335,8.00,12.30
2007.10.24 17:03:43.536,1.17295,1.17335,8.00,12.30
2007.10.24 17:03:43.870,1.1729,1.17335,8.00,12.30
2007.10.24 17:03:44.206,1.1729,1.17325,8.00,1.60
2007.10.24 17:03:44.538,1.1729,1.17325,8.00,1.60
2007.10.24 17:03:44.746,1.1729,1.17325,8.00,1.60
2007.10.24 17:03:44.954,1.17295,1.17325,8.00,1.60
2007.10.24 17:03:45.161,1.17295,1.17325,8.00,1.60
2007.10.24 17:03:45.369,1.17295,1.17325,8.00,1.60
2007.10.24 17:03:45.576,1.1729,1.17325,8.00,1.60
2007.10.24 17:03:45.849,1.1729,1.17325,8.00,1.60
2007.10.24 17:03:46.121,1.1729,1.17325,8.00,1.60
2007.10.24 17:03:46.394,1.1729,1.17325,8.00,1.60
2007.10.24 17:03:46.667,1.1728,1.17325,8.00,8.30
2007.10.24 17:03:46.894,1.1728,1.17325,8.00,8.30
2007.10.24 17:03:47.121,1.1728,1.17325,8.00,8.30
2007.10.24 17:03:47.349,1.1728,1.17325,8.00,8.30
2007.10.24 17:03:47.576,1.17285,1.17325,8.00,1.60
2007.10.24 17:03:47.909,1.17285,1.17325,8.00,1.60
2007.10.24 17:03:48.242,1.17285,1.17325,8.00,1.60
2007.10.24 17:03:48.575,1.17285,1.17325,8.00,1.60
2007.10.24 17:03:48.782,1.17285,1.17325,8.00,1.60
2007.10.24 17:03:48.989,1.17285,1.17325,8.00,1.60
2007.10.24 17:03:49.197,1.17285,1.17325,8.00,1.60
2007.10.24 17:03:49.404,1.17295,1.17325,8.00,1.60
2007.10.24 17:03:49.611,1.1729,1.17325,8.00,1.60
2007.10.24 17:03:49.820,1.1729,1.17325,8.00,1.60
2007.10.24 17:03:50.052,1.1729,1.17325,8.00,1.60
2007.10.24 17:03:50.284,1.1729,1.17325,8.00,1.60
2007.10.24 17:03:50.517,1.17285,1.17325,8.00,5.60
2007.10.24 17:03:50.749,1.17285,1.17325,8.00,5.60
2007.10.24 17:03:51.007,1.17285,1.17325,8.00,5.60
2007.10.24 17:03:51.265,1.17285,1.17325,8.00,5.60
2007.10.24 17:03:51.523,1.1729,1.17325,8.00,5.60
2007.10.24 17:03:51.780,1.1729,1.17325,8.00,5.60
2007.10.24 17:03:52.008,1.1729,1.17325,8.00,5.60
2007.10.24 17:03:52.236,1.1729,1.17315,8.00,1.60
2007.10.24 17:03:52.464,1.1729,1.17315,8.00,1.60
2007.10.24 17:03:52.691,1.1729,1.17315,8.00,1.60
2007.10.24 17:03:52.919,1.1729,1.17315,8.00,1.60
2007.10.24 17:03:53.253,1.1729,1.17315,8.00,5.60
2007.10.24 17:03:53.585,1.17285,1.17315,8.00,1.60
2007.10.24 17:03:53.918,1.1728,1.17315,8.00,1.60
2007.10.24 17:03:54.146,1.17285,1.17315,8.00,1.60
2007.10.24 17:03:54.374,1.1728,1.17315,8.00,1.60
2007.10.24 17:03:54.601,1.1728,1.17315,8.00,1.60
2007.10.24 17:03:54.829,1.1728,1.17315,8.00,1.60
2007.10.24 17:03:55.076,1.17285,1.17315,8.00,1.60
2007.10.24 17:03:55.323,1.17285,1.17315,8.00,1.60
2007.10.24 17:03:55.571,1.1728,1.17315,8.00,1.60
2007.10.24 17:03:55.818,1.1728,1.17315,8.00,1.60
2007.10.24 17:03:56.065,1.17285,1.17315,8.00,1.60
2007.10.24 17:03:56.283,1.17285,1.17315,8.00,1.60
2007.10.24 17:03:56.501,1.1728,1.17315,8.00,1.60
2007.10.24 17:03:56.719,1.1728,1.17315,8.00,1.60
2007.10.24 17:03:56.936,1.1728,1.17315,8.00,1.60
2007.10.24 17:03:57.149,1.17285,1.17325,8.00,5.60
2007.10.24 17:03:57.361,1.17285,1.17325,8.00,7.20
2007.10.24 17:03:57.573,1.17285,1.17325,8.00,7.20
2007.10.24 17:03:57.786,1.1729,1.17325,8.00,5.60
2007.10.24 17:03:57.999,1.1729,1.17325,8.00,5.60
2007.10.24 17:03:58.333,1.1729,1.17325,8.00,1.60
2007.10.24 17:03:58.665,1.1729,1.17325,8.00,1.60
2007.10.24 17:03:58.997,1.1729,1.17325,8.00,1.60
2007.10.24 17:03:59.136,1.1729,1.17325,8.00,1.60
2007.10.24 17:03:59.273,1.1729,1.17325,8.00,1.60
2007.10.24 17:03:59.411,1.1729,1.17325,8.00,1.60
2007.10.24 17:03:59.548,1.1729,1.17325,8.00,1.60
2007.10.24 17:03:59.686,1.1729,1.17325,8.00,1.60
2007.10.24 17:03:59.823,1.1729,1.17325,8.00,1.60
2007.10.24 17:03:59.961,1.1729,1.17325,8.00,1.60
2007.10.24 17:04:00.099,1.1729,1.17325,8.00,1.60
2007.10.24 17:04:00.433,1.17295,1.17325,8.00,1.60
2007.10.24 17:04:00.766,1.17295,1.17325,8.00,1.60
2007.10.24 17:04:01.099,1.17295,1.17325,8.00,1.60
2007.10.24 17:04:01.286,1.17295,1.17335,8.00,1.60
2007.10.24 17:04:01.474,1.17295,1.17335,8.00,1.60
2007.10.24 17:04:01.661,1.17295,1.17335,8.00,1.60
2007.10.24 17:04:01.849,1.17295,1.17335,8.00,1.60
2007.10.24 17:04:02.036,1.17295,1.17335,8.00,1.60
2007.10.24 17:04:02.223,1.17295,1.17335,8.00,1.60
2007.10.24 17:04:02.481,1.17295,1.17335,8.00,1.60
2007.10.24 17:04:02.738,1.17295,1.17335,8.00,1.60
2007.10.24 17:04:02.995,1.17295,1.17335,8.00,1.60
2007.10.24 17:04:03.253,1.17295,1.17335,8.00,1.60
2007.10.24 17:04:03.585,1.173,1.17335,8.00,1.60
2007.10.24 17:04:03.918,1.17295,1.17335,8.00,1.60
2007.10.24 17:04:04.250,1.17295,1.17335,8.00,1.60
2007.10.24 17:04:04.443,1.17295,1.17325,8.00,1.60
2007.10.24 17:04:04.635,1.1729,1.17325,8.00,1.60
2007.10.24 17:04:04.828,1.1729,1.17325,8.00,1.60
2007.10.24 17:04:05.019,1.1729,1.17325,8.00,1.60
2007.10.24 17:04:05.212,1.1729,1.17325,8.00,1.60
2007.10.24 17:04:05.520,1.1729,1.17325,8.00,1.60
2007.10.24 17:04:05.827,1.1729,1.17325,8.00,1.60
2007.10.24 17:04:06.134,1.1729,1.17325,8.00,1.60
2007.10.24 17:04:06.442,1.1729,1.17325,8.00,1.60
2007.10.24 17:04:06.624,1.1729,1.17325,8.00,1.60
2007.10.24 17:04:06.872,1.1729,1.17325,8.00,1.60
2007.10.24 17:04:07.054,1.1729,1.17325,8.00,1.60
2007.10.24 17:04:07.237,1.1729,1.17325,8.00,1.60
2007.10.24 17:04:07.494,1.1729,1.17325,8.00,1.60
2007.10.24 17:04:07.752,1.1729,1.17325,8.00,1.60
2007.10.24 17:04:08.009,1.1729,1.17325,8.00,1.60
2007.10.24 17:04:08.266,1.1729,1.17325,8.00,1.60
2007.10.24 17:04:08.523,1.1729,1.17325,8.00,1.60
2007.10.24 17:04:08.855,1.1729,1.17325,8.00,1.60
2007.10.24 17:04:09.189,1.1729,1.17325,8.00,1.60
2007.10.24 17:04:09.521,1.17285,1.17315,8.00,1.60
2007.10.24 17:04:09.718,1.17285,1.17315,8.00,1.60
2007.10.24 17:04:09.917,1.17285,1.17315,8.00,1.60
2007.10.24 17:04:10.113,1.17285,1.17315,8.00,1.60
2007.10.24 17:04:10.311,1.17275,1.17315,8.00,1.60
2007.10.24 17:04:10.624,1.17275,1.17315,8.00,1.60
2007.10.24 17:04:10.936,1.17275,1.17315,8.00,1.60
2007.10.24 17:04:11.249,1.17275,1.17315,8.00,1.60
2007.10.24 17:04:11.562,1.17275,1.17315,8.00,1.60
2007.10.24 17:04:11.735,1.17275,1.17315,8.00,1.60
2007.10.24 17:04:11.908,1.17275,1.17315,8.00,3.20
2007.10.24 17:04:12.019,1.17275,1.17315,8.00,0.50
2007.10.24 17:04:12.080,1.17275,1.1732,8.00,9.90
2007.10.24 17:04:12.253,1.17275,1.17315,8.00,0.90
2007.10.24 17:04:12.426,1.17275,1.1732,8.00,9.90
2007.10.24 17:04:12.722,1.1727,1.17325,8.00,16.30
2007.10.24 17:04:13.020,1.1727,1.17315,8.00,0.70
2007.10.24 17:04:13.317,1.1727,1.17325,8.00,16.30
2007.10.24 17:04:13.613,1.1727,1.17325,8.00,16.30
2007.10.24 17:04:13.946,1.1727,1.17325,8.00,16.30
2007.10.24 17:04:14.279,1.1727,1.17325,8.00,16.30
2007.10.24 17:04:14.612,1.17275,1.17315,8.00,0.90
2007.10.24 17:04:14.794,1.17275,1.1732,8.00,12.30
2007.10.24 17:04:14.976,1.17275,1.17315,8.00,0.50
2007.10.24 17:04:15.158,1.17275,1.1732,8.00,8.30
2007.10.24 17:04:15.340,1.17275,1.17315,8.00,0.60
2007.10.24 17:04:15.522,1.17275,1.1732,8.00,8.30
2007.10.24 17:04:15.855,1.17275,1.17315,8.00,0.60
2007.10.24 17:04:16.188,1.17275,1.17315,8.00,0.80
2007.10.24 17:04:16.521,1.17275,1.1732,8.00,8.30
2007.10.24 17:04:16.727,1.17275,1.17315,8.00,0.60
2007.10.24 17:04:16.935,1.17275,1.17315,8.00,0.80
2007.10.24 17:04:17.142,1.17275,1.17315,8.00,0.70
2007.10.24 17:04:17.350,1.17275,1.17315,8.00,0.90
2007.10.24 17:04:17.558,1.17275,1.17315,8.00,0.90
2007.10.24 17:04:17.785,1.17275,1.17315,8.00,0.50
2007.10.24 17:04:18.013,1.1728,1.17325,8.00,13.90
2007.10.24 17:04:18.241,1.1728,1.17335,8.00,16.30
2007.10.24 17:04:18.468,1.17285,1.1733,8.00,12.30
2007.10.24 17:04:18.696,1.17285,1.1733,8.00,8.30
2007.10.24 17:04:19.136,1.17285,1.1733,8.00,8.30
2007.10.24 17:04:19.468,1.17285,1.17325,8.00,0.60
2007.10.24 17:04:19.801,1.17285,1.1733,8.00,8.30
2007.10.24 17:04:20.004,1.1729,1.17335,8.00,16.30
2007.10.24 17:04:20.207,1.1729,1.17335,8.00,16.30
2007.10.24 17:04:20.410,1.1729,1.17325,8.00,0.60
2007.10.24 17:04:20.612,1.17285,1.1733,8.00,8.30
2007.10.24 17:04:20.889,1.17285,1.1733,8.00,9.90
2007.10.24 17:04:21.167,1.1728,1.17335,8.00,16.30
2007.10.24 17:04:21.444,1.1728,1.17335,8.00,16.30
2007.10.24 17:04:21.720,1.1728,1.17335,8.00,16.30
2007.10.24 17:04:21.958,1.1728,1.17325,8.00,0.90
2007.10.24 17:04:22.196,1.1728,1.17325,8.00,13.90
2007.10.24 17:04:22.434,1.1728,1.17345,8.00,20.30
2007.10.24 17:04:22.671,1.1728,1.1732,8.00,0.80
2007.10.24 17:04:22.928,1.1728,1.1732,8.00,0.60
2007.10.24 17:04:23.185,1.1728,1.17335,8.00,17.90
2007.10.24 17:04:23.442,1.1728,1.17325,8.00,0.70
2007.10.24 17:04:23.700,1.1728,1.17325,8.00,0.60
2007.10.24 17:04:23.957,1.1728,1.17325,8.00,0.80
2007.10.24 17:04:24.284,1.1728,1.17335,8.00,17.90
2007.10.24 17:04:24.612,1.1728,1.17325,8.00,0.70
2007.10.24 17:04:24.939,1.1728,1.17325,8.00,0.60
2007.10.24 17:04:25.102,1.1728,1.17325,8.00,0.50
2007.10.24 17:04:25.277,1.1728,1.17335,8.00,17.90
2007.10.24 17:04:25.441,1.1728,1.17335,8.00,17.90
2007.10.24 17:04:25.603,1.1728,1.17335,8.00,17.90
2007.10.24 17:04:25.767,1.1728,1.17325,8.00,0.60
2007.10.24 17:04:25.929,1.1728,1.17325,8.00,0.90
2007.10.24 17:04:26.162,1.1728,1.17325,8.00,0.50
2007.10.24 17:04:26.394,1.1728,1.17335,8.00,17.90
2007.10.24 17:04:26.627,1.1728,1.17335,8.00,17.90
2007.10.24 17:04:26.859,1.1728,1.17335,8.00,17.90
2007.10.24 17:04:27.092,1.1728,1.17325,8.00,0.60
2007.10.24 17:04:27.364,1.1728,1.17335,8.00,17.90
2007.10.24 17:04:27.637,1.1728,1.17335,8.00,17.90
2007.10.24 17:04:27.910,1.1728,1.17325,8.00,0.80
2007.10.24 17:04:28.183,1.1728,1.17325,8.00,0.50
2007.10.24 17:04:28.517,1.1728,1.17335,8.00,17.90
2007.10.24 17:04:28.851,1.1728,1.17325,8.00,13.90
2007.10.24 17:04:29.184,1.17285,1.1733,8.00,13.90
2007.10.24 17:04:29.360,1.17285,1.1733,8.00,13.90
2007.10.24 17:04:29.538,1.17285,1.1733,8.00,13.90
2007.10.24 17:04:29.715,1.17285,1.1733,8.00,13.90
2007.10.24 17:04:29.893,1.17285,1.1733,8.00,13.90
2007.10.24 17:04:30.072,1.17285,1.17325,8.00,0.60
2007.10.24 17:04:30.250,1.17285,1.1733,8.00,13.90
2007.10.24 17:04:30.512,1.17285,1.1733,8.00,13.90
2007.10.24 17:04:30.776,1.17285,1.17325,8.00,0.50
2007.10.24 17:04:31.040,1.17285,1.1733,8.00,13.90
2007.10.24 17:04:31.410,1.17285,1.1733,8.00,13.90
2007.10.24 17:04:31.587,1.17285,1.17325,8.00,0.90
2007.10.24 17:04:31.765,1.17285,1.17325,8.00,0.50
2007.10.24 17:04:31.944,1.17285,1.17325,8.00,0.90
2007.10.24 17:04:32.121,1.17285,1.17325,8.00,0.90
2007.10.24 17:04:32.299,1.17285,1.1733,8.00,13.90
2007.10.24 17:04:32.476,1.17285,1.17325,8.00,0.70
2007.10.24 17:04:32.774,1.17285,1.17325,8.00,0.70
2007.10.24 17:04:33.071,1.17285,1.17325,8.00,0.70
2007.10.24 17:04:33.369,1.17285,1.17325,8.00,0.90
2007.10.24 17:04:33.666,1.17285,1.1733,8.00,13.90
2007.10.24 17:04:33.973,1.17285,1.1733,8.00,13.90
2007.10.24 17:04:34.281,1.17285,1.1733,8.00,13.90
2007.10.24 17:04:34.588,1.17285,1.17325,8.00,0.70
2007.10.24 17:04:34.896,1.17285,1.17325,8.00,0.50
2007.10.24 17:04:35.033,1.17285,1.17325,8.00,0.50
2007.10.24 17:04:35.171,1.17285,1.17325,8.00,0.50
2007.10.24 17:04:35.308,1.17285,1.1733,8.00,13.90
2007.10.24 17:04:35.446,1.17285,1.1733,8.00,13.90
2007.10.24 17:04:35.584,1.17285,1.1733,8.00,13.90
2007.10.24 17:04:35.721,1.17285,1.1733,8.00,13.90
2007.10.24 17:04:36.020,1.17285,1.1733,8.00,13.90
2007.10.24 17:04:36.317,1.17285,1.1733,8.00,13.90
2007.10.24 17:04:36.614,1.17285,1.17325,8.00,0.80
2007.10.24 17:04:36.802,1.17285,1.1733,8.00,13.90
2007.10.24 17:04:36.989,1.17285,1.17325,8.00,0.60
2007.10.24 17:04:37.176,1.17285,1.1733,8.00,13.90
2007.10.24 17:04:37.363,1.17285,1.1733,8.00,13.90
2007.10.24 17:04:37.550,1.17285,1.1733,8.00,13.90
2007.10.24 17:04:37.746,1.17285,1.17325,8.00,0.50
2007.10.24 17:04:37.932,1.17285,1.1733,8.00,13.90
2007.10.24 17:04:38.120,1.17285,1.1733,8.00,13.90
2007.10.24 17:04:38.307,1.17285,1.1733,8.00,13.90
2007.10.24 17:04:38.495,1.17285,1.17325,8.00,0.90
2007.10.24 17:04:38.683,1.17285,1.1733,8.00,13.90
2007.10.24 17:04:38.871,1.17285,1.1733,8.00,13.90
2007.10.24 17:04:39.203,1.17285,1.1733,8.00,13.90
2007.10.24 17:04:39.536,1.17285,1.17325,8.00,7.20
2007.10.24 17:04:39.869,1.17285,1.17325,8.00,7.20
2007.10.24 17:04:39.997,1.17285,1.17325,8.00,7.20
2007.10.24 17:04:40.124,1.17285,1.17325,8.00,7.20
2007.10.24 17:04:40.252,1.17285,1.17325,8.00,7.20
2007.10.24 17:04:40.380,1.17285,1.17325,8.00,7.20
2007.10.24 17:04:40.508,1.17285,1.17325,8.00,7.20
2007.10.24 17:04:40.636,1.17285,1.17325,8.00,7.20
2007.10.24 17:04:40.763,1.17285,1.17315,8.00,3.20
2007.10.24 17:04:40.891,1.17285,1.17315,8.00,3.20
2007.10.24 17:04:41.224,1.17275,1.17315,8.00,3.20
2007.10.24 17:04:41.558,1.17275,1.17315,8.00,1.60
2007.10.24 17:04:41.891,1.1728,1.17315,8.00,1.60
2007.10.24 17:04:42.223,1.1728,1.17315,8.00,1.60
2007.10.24 17:04:42.436,1.1728,1.17315,8.00,1.60
2007.10.24 17:04:42.650,1.1728,1.17315,8.00,1.60
2007.10.24 17:04:42.861,1.1728,1.17315,8.00,1.60
2007.10.24 17:04:43.073,1.1728,1.17315,8.00,1.60
2007.10.24 17:04:43.405,1.1728,1.17315,8.00,1.60
2007.10.24 17:04:43.738,1.1728,1.17315,8.00,3.20
2007.10.24 17:04:44.071,1.17275,1.17315,8.00,3.20
2007.10.24 17:04:44.218,1.17275,1.17315,8.00,3.20
2007.10.24 17:04:44.366,1.17275,1.17315,8.00,3.20
2007.10.24 17:04:44.513,1.17275,1.17315,8.00,3.20
2007.10.24 17:04:44.661,1.17275,1.17315,8.00,3.20
2007.10.24 17:04:44.808,1.17275,1.17315,8.00,5.60
2007.10.24 17:04:44.957,1.17275,1.17315,8.00,5.60
2007.10.24 17:04:45.105,1.1728,1.17315,8.00,5.60
2007.10.24 17:04:45.436,1.1728,1.17315,8.00,5.60
2007.10.24 17:04:45.768,1.1728,1.17315,8.00,5.60
2007.10.24 17:04:46.102,1.1728,1.17315,8.00,1.60
2007.10.24 17:04:46.275,1.1728,1.17315,8.00,1.60
2007.10.24 17:04:46.447,1.1728,1.17315,8.00,1.60
2007.10.24 17:04:46.620,1.1728,1.17315,8.00,1.60
2007.10.24 17:04:46.792,1.1728,1.17315,8.00,1.60
2007.10.24 17:04:46.964,1.1728,1.17315,8.00,1.60
2007.10.24 17:04:47.137,1.1728,1.17315,8.00,1.60
2007.10.24 17:04:47.404,1.1728,1.17315,8.00,1.60
2007.10.24 17:04:47.671,1.1728,1.17315,8.00,1.60
2007.10.24 17:04:47.939,1.1728,1.17315,8.00,1.60
2007.10.24 17:04:48.206,1.1728,1.17315,8.00,1.60
2007.10.24 17:04:48.534,1.1728,1.17315,8.00,1.60
2007.10.24 17:04:48.861,1.1728,1.17315,8.00,1.60
2007.10.24 17:04:49.189,1.17285,1.17315,8.00,1.60
2007.10.24 17:04:49.332,1.17285,1.17325,8.00,7.20
2007.10.24 17:04:49.474,1.17285,1.17325,8.00,7.20
2007.10.24 17:04:49.616,1.17285,1.17325,8.00,7.20
2007.10.24 17:04:49.813,1.17285,1.17325,8.00,7.20
2007.10.24 17:04:49.956,1.17285,1.17325,8.00,7.20
2007.10.24 17:04:50.098,1.17285,1.17325,8.00,7.20
2007.10.24 17:04:50.370,1.17285,1.17325,8.00,7.20
2007.10.24 17:04:50.643,1.17285,1.17325,8.00,7.20
2007.10.24 17:04:50.915,1.17285,1.17325,8.00,7.20
2007.10.24 17:04:51.188,1.17285,1.17325,8.00,7.20
2007.10.24 17:04:51.359,1.17285,1.17325,8.00,7.20
2007.10.24 17:04:51.531,1.17285,1.17325,8.00,7.20
2007.10.24 17:04:51.704,1.17285,1.17325,8.00,7.20
2007.10.24 17:04:51.876,1.17285,1.17325,8.00,7.20
2007.10.24 17:04:52.049,1.17285,1.17325,8.00,7.20
2007.10.24 17:04:52.221,1.17285,1.17325,8.00,7.20
2007.10.24 17:04:52.474,1.17285,1.17325,8.00,7.20
2007.10.24 17:04:52.726,1.17285,1.17325,8.00,7.20
2007.10.24 17:04:52.978,1.17285,1.17325,8.00,7.20
2007.10.24 17:04:53.230,1.17285,1.17325,8.00,7.20
2007.10.24 17:04:53.562,1.17285,1.17325,8.00,7.20
2007.10.24 17:04:53.896,1.17285,1.17325,8.00,7.20
2007.10.24 17:04:54.228,1.17285,1.17325,8.00,7.20
2007.10.24 17:04:54.561,1.17285,1.17315,8.00,1.60
2007.10.24 17:04:54.728,1.17285,1.17315,8.00,1.60
2007.10.24 17:04:54.896,1.1728,1.17315,8.00,1.60
2007.10.24 17:04:55.063,1.1728,1.17315,8.00,1.60
2007.10.24 17:04:55.230,1.1728,1.17315,8.00,1.60
2007.10.24 17:04:55.398,1.1728,1.17315,8.00,1.60
2007.10.24 17:04:55.715,1.1728,1.17315,8.00,1.60
2007.10.24 17:04:56.032,1.1728,1.17315,8.00,1.60
2007.10.24 17:04:56.351,1.1728,1.17325,8.00,13.90
2007.10.24 17:04:56.519,1.17285,1.17325,8.00,7.20
2007.10.24 17:04:56.688,1.17285,1.17325,8.00,7.20
2007.10.24 17:04:56.855,1.17285,1.17325,8.00,3.20
2007.10.24 17:04:57.023,1.17285,1.17325,8.00,3.20
2007.10.24 17:04:57.191,1.17285,1.17325,8.00,3.20
2007.10.24 17:04:57.359,1.17285,1.17325,8.00,3.20
2007.10.24 17:04:57.676,1.17285,1.17325,8.00,3.20
2007.10.24 17:04:57.994,1.17285,1.17325,8.00,3.20
2007.10.24 17:04:58.312,1.17285,1.17325,8.00,3.20
2007.10.24 17:04:58.630,1.17285,1.17325,8.00,3.20
2007.10.24 17:04:58.957,1.17285,1.17325,8.00,3.20
2007.10.24 17:04:59.284,1.17285,1.17325,8.00,3.20
2007.10.24 17:04:59.611,1.17285,1.17325,8.00,3.20
2007.10.24 17:04:59.759,1.17285,1.17325,8.00,3.20
2007.10.24 17:04:59.906,1.17285,1.17325,8.00,3.20
2007.10.24 17:05:00.054,1.17285,1.17325,8.00,3.20
2007.10.24 17:05:00.201,1.17285,1.17325,8.00,3.20
2007.10.24 17:05:00.349,1.17285,1.17325,8.00,3.20
2007.10.24 17:05:00.496,1.17285,1.17325,8.00,3.20
2007.10.24 17:05:00.778,1.17285,1.17325,8.00,3.20
2007.10.24 17:05:01.060,1.17285,1.17325,8.00,3.20
2007.10.24 17:05:01.344,1.17285,1.17325,3.50,3.20
2007.10.24 17:05:01.625,1.17285,1.17325,2.20,3.20
2007.10.24 17:05:01.842,1.17275,1.17325,11.20,3.20
2007.10.24 17:05:02.080,1.17275,1.17325,11.20,3.20
2007.10.24 17:05:02.298,1.17275,1.17325,11.20,3.20
2007.10.24 17:05:02.515,1.17275,1.17325,11.20,3.20
2007.10.24 17:05:02.706,1.17275,1.17325,11.20,3.20
2007.10.24 17:05:02.898,1.17275,1.17325,11.20,3.20
2007.10.24 17:05:03.092,1.17285,1.17325,2.20,3.20
2007.10.24 17:05:03.284,1.17275,1.17325,11.20,3.20
2007.10.24 17:05:03.477,1.17285,1.17325,2.00,3.20
2007.10.24 17:05:03.810,1.17285,1.17325,3.90,3.20
2007.10.24 17:05:04.142,1.17275,1.17325,11.20,3.20
2007.10.24 17:05:04.475,1.17285,1.17325,3.90,3.20
2007.10.24 17:05:04.618,1.17285,1.17325,2.30,3.20
2007.10.24 17:05:04.760,1.17275,1.17325,11.20,3.20
2007.10.24 17:05:04.901,1.17275,1.17325,11.20,3.20
2007.10.24 17:05:05.044,1.17275,1.17325,11.20,3.20
2007.10.24 17:05:05.185,1.17275,1.17325,11.20,3.20
2007.10.24 17:05:05.328,1.17275,1.17325,11.20,3.20
2007.10.24 17:05:05.471,1.17285,1.17325,2.30,3.20
2007.10.24 17:05:05.613,1.17275,1.17325,11.20,3.20
2007.10.24 17:05:05.911,1.17275,1.17325,11.20,3.20
2007.10.24 17:05:06.209,1.17285,1.17325,2.40,3.20
2007.10.24 17:05:06.507,1.17275,1.17325,11.20,3.20
2007.10.24 17:05:06.804,1.17285,1.17325,0.50,3.20
2007.10.24 17:05:06.967,1.17285,1.17325,4.30,3.20
2007.10.24 17:05:07.129,1.17275,1.17325,11.20,3.20
2007.10.24 17:05:07.292,1.17275,1.17325,11.20,3.20
2007.10.24 17:05:07.455,1.17285,1.17325,2.70,3.20
2007.10.24 17:05:07.618,1.17275,1.17325,11.20,3.20
2007.10.24 17:05:07.850,1.17285,1.17325,2.60,3.20
2007.10.24 17:05:08.082,1.17285,1.17325,3.80,3.20
2007.10.24 17:05:08.314,1.17275,1.17325,11.20,3.20
2007.10.24 17:05:08.546,1.17275,1.17325,11.20,3.20
2007.10.24 17:05:08.878,1.17285,1.17325,2.50,3.20
2007.10.24 17:05:09.211,1.17275,1.17325,11.20,3.20
2007.10.24 17:05:09.544,1.17285,1.17325,3.60,3.20
2007.10.24 17:05:09.877,1.17275,1.17325,11.20,3.20
2007.10.24 17:05:10.035,1.17285,1.17325,3.30,3.20
2007.10.24 17:05:10.192,1.17285,1.17325,4.20,3.20
2007.10.24 17:05:10.349,1.17275,1.17325,11.20,3.20
2007.10.24 17:05:10.506,1.17275,1.17325,11.20,3.20
2007.10.24 17:05:10.662,1.17275,1.17325,11.20,3.20
2007.10.24 17:05:10.940,1.17275,1.17325,11.20,3.20
2007.10.24 17:05:11.218,1.17285,1.17325,2.70,3.20
2007.10.24 17:05:11.496,1.17275,1.17325,11.20,3.20
2007.10.24 17:05:11.773,1.17295,1.17325,0.70,3.20
2007.10.24 17:05:11.941,1.17285,1.17325,9.60,3.20
2007.10.24 17:05:12.108,1.17295,1.17325,0.80,3.20
2007.10.24 17:05:12.276,1.17295,1.17325,0.80,1.60
2007.10.24 17:05:12.444,1.17295,1.17325,0.50,1.60
2007.10.24 17:05:12.612,1.1729,1.17325,9.60,1.60
2007.10.24 17:05:12.779,1.1729,1.17325,9.60,1.60
2007.10.24 17:05:13.111,1.1729,1.17325,4.20,1.60
2007.10.24 17:05:13.443,1.17275,1.17325,11.50,3.20
2007.10.24 17:05:13.776,1.17275,1.17325,11.50,3.20
2007.10.24 17:05:14.103,1.17285,1.17325,0.60,3.20
2007.10.24 17:05:14.431,1.17275,1.17325,11.50,3.20
2007.10.24 17:05:14.759,1.17275,1.17325,11.50,3.20
2007.10.24 17:05:14.932,1.17275,1.17325,11.50,3.20
2007.10.24 17:05:15.105,1.17285,1.17325,3.20,3.20
2007.10.24 17:05:15.278,1.17275,1.17325,11.50,3.20
2007.10.24 17:05:15.451,1.17285,1.17325,2.60,3.20
2007.10.24 17:05:15.624,1.17285,1.17325,4.20,3.20
2007.10.24 17:05:15.797,1.17275,1.17325,11.50,3.20
2007.10.24 17:05:16.129,1.17275,1.17325,11.50,3.20
2007.10.24 17:05:16.461,1.17275,1.17325,11.50,3.20
2007.10.24 17:05:16.794,1.17275,1.17325,11.50,3.20
2007.10.24 17:05:17.002,1.17275,1.17325,11.50,3.20
2007.10.24 17:05:17.210,1.17275,1.17325,11.50,3.20
2007.10.24 17:05:17.418,1.17275,1.17325,11.50,3.20
2007.10.24 17:05:17.624,1.17285,1.17325,2.10,3.20
2007.10.24 17:05:17.832,1.17275,1.17325,11.50,3.20
2007.10.24 17:05:18.115,1.17285,1.17325,1.70,3.20
2007.10.24 17:05:18.398,1.17275,1.17325,11.50,3.20
2007.10.24 17:05:18.681,1.17275,1.17325,11.50,3.20
2007.10.24 17:05:18.964,1.17275,1.17325,11.50,3.20
2007.10.24 17:05:19.277,1.17295,1.17325,1.20,3.20
2007.10.24 17:05:19.590,1.1729,1.17325,9.60,3.20
2007.10.24 17:05:19.901,1.1729,1.17325,9.60,3.20
2007.10.24 17:05:20.214,1.17295,1.17325,0.60,1.60
2007.10.24 17:05:20.485,1.1729,1.17325,9.60,1.60
2007.10.24 17:05:20.704,1.17295,1.17325,0.80,1.60
2007.10.24 17:05:20.922,1.1729,1.17325,9.60,1.60
2007.10.24 17:05:21.139,1.1729,1.17325,9.60,1.60
2007.10.24 17:05:21.343,1.17295,1.17325,0.90,1.60
2007.10.24 17:05:21.546,1.1729,1.17325,9.60,1.60
2007.10.24 17:05:21.749,1.1729,1.17325,9.60,1.60
2007.10.24 17:05:21.951,1.1729,1.17325,9.60,1.60
2007.10.24 17:05:22.153,1.17295,1.17325,1.10,1.60
2007.10.24 17:05:22.441,1.17295,1.17325,0.80,1.60
2007.10.24 17:05:22.729,1.1729,1.17325,9.60,1.60
2007.10.24 17:05:23.017,1.17295,1.17325,0.90,1.60
2007.10.24 17:05:23.304,1.17295,1.17325,0.80,1.60
2007.10.24 17:05:23.602,1.1729,1.17325,9.60,1.60
2007.10.24 17:05:23.900,1.1729,1.17325,9.60,1.60
2007.10.24 17:05:24.196,1.1729,1.17325,9.60,1.60
2007.10.24 17:05:24.494,1.1729,1.17325,9.60,1.60
2007.10.24 17:05:24.682,1.1729,1.17325,9.60,1.60
2007.10.24 17:05:24.870,1.17295,1.17325,1.10,1.60
2007.10.24 17:05:25.058,1.1729,1.17325,9.60,1.60
2007.10.24 17:05:25.249,1.17295,1.17325,1.00,1.60
2007.10.24 17:05:25.436,1.17295,1.17325,1.10,1.60
2007.10.24 17:05:25.491,1.1729,1.17335,9.60,13.90
2007.10.24 17:05:25.638,1.17295,1.17325,1.00,1.60
2007.10.24 17:05:25.841,1.1729,1.17325,9.60,1.60
2007.10.24 17:05:26.043,1.1729,1.17325,9.60,1.60
2007.10.24 17:05:26.246,1.1729,1.17325,9.60,1.60
2007.10.24 17:05:26.448,1.1729,1.17325,9.60,1.60
2007.10.24 17:05:26.731,1.1729,1.17325,9.60,1.60
2007.10.24 17:05:27.012,1.17295,1.17325,0.60,1.60
2007.10.24 17:05:27.295,1.1729,1.17325,9.60,1.60
2007.10.24 17:05:27.578,1.17295,1.17325,0.50,1.60
2007.10.24 17:05:27.780,1.1729,1.17325,9.60,1.60
2007.10.24 17:05:27.982,1.17295,1.17325,0.60,1.60
2007.10.24 17:05:28.185,1.1729,1.17325,9.60,1.60
2007.10.24 17:05:28.388,1.1729,1.17325,9.60,1.60
2007.10.24 17:05:28.590,1.1729,1.17325,9.60,1.60
2007.10.24 17:05:28.923,1.1729,1.17325,9.60,1.60
2007.10.24 17:05:29.254,1.17295,1.17325,0.90,1.60
2007.10.24 17:05:29.587,1.17295,1.17325,1.10,1.60
2007.10.24 17:05:29.720,1.17295,1.17325,1.60,1.60
2007.10.24 17:05:29.852,1.17295,1.17325,1.60,1.60
2007.10.24 17:05:29.985,1.17295,1.17325,1.60,1.60
2007.10.24 17:05:30.117,1.17295,1.17325,1.60,1.60
2007.10.24 17:05:30.249,1.17295,1.17325,1.60,1.60
2007.10.24 17:05:30.382,1.17295,1.17325,1.60,1.60
2007.10.24 17:05:30.514,1.17295,1.17325,1.60,1.60
2007.10.24 17:05:30.647,1.17295,1.17325,1.60,1.60
2007.10.24 17:05:30.978,1.17295,1.17325,1.60,1.60
2007.10.24 17:05:31.310,1.17295,1.17325,1.60,1.60
2007.10.24 17:05:31.642,1.17295,1.17325,1.60,1.60
2007.10.24 17:05:31.805,1.17295,1.17325,1.60,1.60
2007.10.24 17:05:31.968,1.17295,1.17325,1.60,1.60
2007.10.24 17:05:32.130,1.17295,1.17325,1.60,1.60
2007.10.24 17:05:32.293,1.17295,1.17325,1.60,1.60
2007.10.24 17:05:32.456,1.17295,1.17325,1.60,1.60
2007.10.24 17:05:32.618,1.17295,1.17325,1.60,1.60
2007.10.24 17:05:32.781,1.17295,1.17325,1.60,1.60
2007.10.24 17:05:33.063,1.17295,1.17325,1.60,1.60
2007.10.24 17:05:33.345,1.17295,1.17325,1.60,1.60
2007.10.24 17:05:33.628,1.17295,1.17325,1.60,1.60
2007.10.24 17:05:33.911,1.17295,1.17325,1.60,1.60
2007.10.24 17:05:34.234,1.17295,1.17325,1.60,1.60
2007.10.24 17:05:34.555,1.17295,1.17325,1.60,1.60
2007.10.24 17:05:34.878,1.17295,1.17325,1.60,1.60
2007.10.24 17:05:35.075,1.17295,1.17325,1.60,1.60
2007.10.24 17:05:35.272,1.17295,1.17325,1.60,1.60
2007.10.24 17:05:35.470,1.17295,1.17325,1.60,1.60
2007.10.24 17:05:35.667,1.17295,1.17325,1.60,1.60
2007.10.24 17:05:35.865,1.17295,1.17325,1.60,1.60
2007.10.24 17:05:36.062,1.17295,1.17325,1.60,1.60
2007.10.24 17:05:36.310,1.17295,1.17325,1.60,1.60
2007.10.24 17:05:36.557,1.17295,1.17325,1.60,1.60
2007.10.24 17:05:36.804,1.17295,1.17325,1.60,1.60
2007.10.24 17:05:37.052,1.17295,1.17325,1.60,1.60
2007.10.24 17:05:37.270,1.17295,1.17325,1.60,1.60
2007.10.24 17:05:37.488,1.17295,1.17335,9.60,7.20
2007.10.24 17:05:37.705,1.17295,1.17335,9.60,7.20
2007.10.24 17:05:37.923,1.17295,1.17335,9.60,3.20
2007.10.24 17:05:38.140,1.17295,1.17335,9.60,3.20
2007.10.24 17:05:38.378,1.17295,1.17335,9.60,3.20
2007.10.24 17:05:38.615,1.17295,1.17335,9.60,3.20
2007.10.24 17:05:38.886,1.17295,1.17335,9.60,3.20
2007.10.24 17:05:39.124,1.17295,1.17335,9.60,3.20
2007.10.24 17:05:39.456,1.17295,1.17335,9.60,3.20
2007.10.24 17:05:39.789,1.17295,1.17335,9.60,3.20
2007.10.24 17:05:40.122,1.17295,1.17335,9.60,3.20
2007.10.24 17:05:40.295,1.17295,1.17335,9.60,3.20
2007.10.24 17:05:40.468,1.17295,1.17335,9.60,3.20
2007.10.24 17:05:40.641,1.17295,1.17335,9.60,3.20
2007.10.24 17:05:40.813,1.17295,1.17335,9.60,3.20
2007.10.24 17:05:40.985,1.17295,1.17335,9.60,3.20
2007.10.24 17:05:41.253,1.17295,1.17335,9.60,3.20
2007.10.24 17:05:41.520,1.17295,1.17335,9.60,3.20
2007.10.24 17:05:41.788,1.17295,1.17335,9.60,3.20
2007.10.24 17:05:42.056,1.17295,1.17335,9.60,3.20
2007.10.24 17:05:42.239,1.17295,1.17335,9.60,3.20
2007.10.24 17:05:42.421,1.17295,1.17335,9.60,3.20
2007.10.24 17:05:42.604,1.17295,1.17335,9.60,3.20
2007.10.24 17:05:42.787,1.17295,1.17335,9.60,3.20
2007.10.24 17:05:42.970,1.17295,1.17335,9.60,3.20
2007.10.24 17:05:43.153,1.17295,1.17335,9.60,3.20
2007.10.24 17:05:43.430,1.17295,1.17335,9.60,3.20
2007.10.24 17:05:43.707,1.17295,1.17335,9.60,3.20
2007.10.24 17:05:43.984,1.17295,1.17335,9.60,3.20
2007.10.24 17:05:44.262,1.17295,1.17335,9.60,3.20
2007.10.24 17:05:44.549,1.17295,1.17335,9.60,3.20
2007.10.24 17:05:44.837,1.17295,1.17335,9.60,3.20
2007.10.24 17:05:45.124,1.17295,1.17335,9.60,3.20
2007.10.24 17:05:45.412,1.17295,1.17335,9.60,3.20
2007.10.24 17:05:45.590,1.17295,1.17335,9.60,3.20
2007.10.24 17:05:45.767,1.17295,1.17335,9.60,3.20
2007.10.24 17:05:45.945,1.17295,1.17335,9.60,3.20
2007.10.24 17:05:46.122,1.17295,1.17335,9.60,3.20
2007.10.24 17:05:46.299,1.17295,1.17335,9.60,3.20
2007.10.24 17:05:46.476,1.17295,1.17335,9.60,3.20
2007.10.24 17:05:46.718,1.17295,1.17335,9.60,3.20
2007.10.24 17:05:46.960,1.17295,1.17335,9.60,3.20
2007.10.24 17:05:47.202,1.17295,1.17335,9.60,3.20
2007.10.24 17:05:47.444,1.17295,1.17335,9.60,3.20
2007.10.24 17:05:47.622,1.17295,1.17335,9.60,3.20
2007.10.24 17:05:47.800,1.17295,1.17335,9.60,3.20
2007.10.24 17:05:47.977,1.17295,1.17335,9.60,3.20
2007.10.24 17:05:48.154,1.17295,1.17335,9.60,3.20
2007.10.24 17:05:48.331,1.17295,1.17335,9.60,3.20
2007.10.24 17:05:48.509,1.17295,1.17325,8.00,1.60
2007.10.24 17:05:48.842,1.17285,1.17325,8.00,12.30
2007.10.24 17:05:49.174,1.17285,1.17325,8.00,12.30
2007.10.24 17:05:49.506,1.17285,1.17325,8.00,12.30
2007.10.24 17:05:49.675,1.17285,1.17325,8.00,12.30
2007.10.24 17:05:49.842,1.17285,1.17325,8.00,12.30
2007.10.24 17:05:50.010,1.17285,1.17325,8.00,12.30
2007.10.24 17:05:50.177,1.17285,1.17325,9.60,10.70
2007.10.24 17:05:50.345,1.17295,1.17325,1.60,10.70
2007.10.24 17:05:50.514,1.17295,1.17325,3.20,10.70
2007.10.24 17:05:50.847,1.17305,1.17325,1.60,10.70
2007.10.24 17:05:51.180,1.17315,1.1733,3.20,6.70
2007.10.24 17:05:51.513,1.17315,1.1733,1.60,6.70
2007.10.24 17:05:51.745,1.17315,1.1733,1.60,6.70
2007.10.24 17:05:51.977,1.17325,1.1737,8.00,6.70
2007.10.24 17:05:52.210,1.17325,1.1737,8.00,6.70
2007.10.24 17:05:52.442,1.17325,1.1737,8.00,6.70
2007.10.24 17:05:52.674,1.17325,1.1737,8.00,6.70
2007.10.24 17:05:52.998,1.17325,1.1737,9.60,6.70
2007.10.24 17:05:53.320,1.17325,1.1737,9.60,6.70
2007.10.24 17:05:53.644,1.17325,1.1737,9.60,6.70
2007.10.24 17:05:53.967,1.17335,1.17375,8.00,1.60
2007.10.24 17:05:54.289,1.17335,1.17375,8.00,1.60
2007.10.24 17:05:54.611,1.17335,1.17375,8.00,1.60
2007.10.24 17:05:54.790,1.17335,1.17375,8.00,1.60
2007.10.24 17:05:54.967,1.17335,1.17375,8.00,1.60
2007.10.24 17:05:55.144,1.17335,1.17375,8.00,1.60
2007.10.24 17:05:55.322,1.17335,1.17375,8.00,1.60
2007.10.24 17:05:55.499,1.17335,1.17375,8.00,1.60
2007.10.24 17:05:55.676,1.17335,1.17375,8.00,1.60
2007.10.24 17:05:55.983,1.17335,1.17375,8.00,1.60
2007.10.24 17:05:56.290,1.17335,1.17375,8.00,1.60
2007.10.24 17:05:56.597,1.17335,1.17375,8.00,1.60
2007.10.24 17:05:56.769,1.1733,1.17375,8.00,8.30
2007.10.24 17:05:56.941,1.1733,1.17375,8.00,8.30
2007.10.24 17:05:57.114,1.1733,1.17375,8.00,8.30
2007.10.24 17:05:57.290,1.1733,1.17375,8.00,8.30
2007.10.24 17:05:57.463,1.1733,1.17375,8.00,8.30
2007.10.24 17:05:57.636,1.17335,1.17375,8.00,1.60
2007.10.24 17:05:57.924,1.17335,1.17375,8.00,3.20
2007.10.24 17:05:58.212,1.1733,1.17375,8.00,9.90
2007.10.24 17:05:58.499,1.1733,1.17375,8.00,9.90
2007.10.24 17:05:58.787,1.1733,1.17375,8.00,13.90
2007.10.24 17:05:59.119,1.1733,1.17375,8.00,13.90
2007.10.24 17:05:59.452,1.1733,1.17375,8.00,13.90
2007.10.24 17:05:59.784,1.1733,1.17375,8.00,13.90
2007.10.24 17:05:59.937,1.1733,1.17375,8.00,13.90
2007.10.24 17:06:00.091,1.1733,1.17375,8.00,13.90
2007.10.24 17:06:00.243,1.1733,1.17375,8.00,13.90
2007.10.24 17:06:00.395,1.1733,1.17375,8.00,13.90
2007.10.24 17:06:00.548,1.1733,1.17375,8.00,13.90
2007.10.24 17:06:00.700,1.1733,1.17375,8.00,13.90
2007.10.24 17:06:00.853,1.1733,1.17375,8.00,13.90
2007.10.24 17:06:01.160,1.1733,1.17375,8.00,13.90
2007.10.24 17:06:01.467,1.17345,1.17375,1.60,13.90
2007.10.24 17:06:01.775,1.17345,1.17375,1.60,7.20
2007.10.24 17:06:01.958,1.17345,1.17375,1.60,3.20
2007.10.24 17:06:02.140,1.17345,1.17375,1.60,3.20
2007.10.24 17:06:02.322,1.17345,1.17375,1.60,3.20
2007.10.24 17:06:02.505,1.17345,1.17375,1.60,1.60
2007.10.24 17:06:02.687,1.17345,1.17375,1.60,1.60
2007.10.24 17:06:02.871,1.17345,1.17375,1.60,3.20
2007.10.24 17:06:03.179,1.1733,1.17375,8.00,9.90
2007.10.24 17:06:03.486,1.1733,1.17375,8.00,13.90
2007.10.24 17:06:03.794,1.1733,1.17375,8.00,13.90
2007.10.24 17:06:04.087,1.1733,1.17375,8.00,13.90
2007.10.24 17:06:04.380,1.1733,1.17375,8.00,13.90
2007.10.24 17:06:04.673,1.1733,1.17375,8.00,13.90
2007.10.24 17:06:04.965,1.1733,1.17375,8.00,13.90
2007.10.24 17:06:05.177,1.1733,1.17375,8.00,13.90
2007.10.24 17:06:05.390,1.1733,1.17375,8.00,13.90
2007.10.24 17:06:05.602,1.1733,1.17375,8.00,13.90
2007.10.24 17:06:05.815,1.1733,1.17375,8.00,13.90
2007.10.24 17:06:06.028,1.1733,1.17375,8.00,13.90
2007.10.24 17:06:06.240,1.1733,1.17375,8.00,13.90
2007.10.24 17:06:06.458,1.1733,1.17375,8.00,13.90
2007.10.24 17:06:06.676,1.1733,1.17375,8.00,13.90
2007.10.24 17:06:06.893,1.1733,1.17375,8.00,13.90
2007.10.24 17:06:07.110,1.1733,1.17375,8.00,13.90
2007.10.24 17:06:07.333,1.1733,1.17375,8.00,13.90
2007.10.24 17:06:07.555,1.1733,1.17375,8.00,13.90
2007.10.24 17:06:07.778,1.1733,1.17375,8.00,13.90
2007.10.24 17:06:08.000,1.1733,1.17375,8.00,13.90
2007.10.24 17:06:08.223,1.1733,1.17375,8.00,13.90
2007.10.24 17:06:08.485,1.1733,1.17375,8.00,12.30
2007.10.24 17:06:08.748,1.1733,1.17375,8.00,12.30
2007.10.24 17:06:09.011,1.1734,1.17375,8.00,4.00
2007.10.24 17:06:09.273,1.1734,1.17375,8.00,4.00
2007.10.24 17:06:09.604,1.1734,1.17375,8.00,4.00
2007.10.24 17:06:09.937,1.17355,1.17385,1.60,12.30
2007.10.24 17:06:10.270,1.17365,1.17405,8.00,8.00
2007.10.24 17:06:10.442,1.17365,1.17405,8.00,8.00
2007.10.24 17:06:10.614,1.17365,1.17395,8.00,1.60
2007.10.24 17:06:10.787,1.17365,1.17395,8.00,1.60
2007.10.24 17:06:10.959,1.17365,1.17405,8.00,5.60
2007.10.24 17:06:11.132,1.17365,1.17405,8.00,5.60
2007.10.24 17:06:11.305,1.17365,1.17405,8.00,5.60
2007.10.24 17:06:11.477,1.17365,1.17405,8.00,5.60
2007.10.24 17:06:11.755,1.17365,1.17405,8.00,5.60
2007.10.24 17:06:12.032,1.17365,1.17405,8.00,5.60
2007.10.24 17:06:12.310,1.17365,1.17405,8.00,5.60
2007.10.24 17:06:12.588,1.17365,1.17405,8.00,5.60
2007.10.24 17:06:12.750,1.17365,1.17405,8.00,5.60
2007.10.24 17:06:12.912,1.17365,1.17405,8.00,5.60
2007.10.24 17:06:13.075,1.17365,1.17405,8.00,5.60
2007.10.24 17:06:13.237,1.17365,1.17405,8.00,5.60
2007.10.24 17:06:13.400,1.17365,1.17405,8.00,5.60
2007.10.24 17:06:13.732,1.1735,1.17395,8.00,9.90
2007.10.24 17:06:13.827,1.1735,1.17405,8.00,16.30
2007.10.24 17:06:14.065,1.1735,1.17395,8.00,13.90
2007.10.24 17:06:14.398,1.1735,1.17395,8.00,13.90
2007.10.24 17:06:14.626,1.1735,1.17395,8.00,13.90
2007.10.24 17:06:14.854,1.1735,1.17395,8.00,13.90
2007.10.24 17:06:15.081,1.1735,1.17395,8.00,13.90
2007.10.24 17:06:15.308,1.1735,1.17395,8.00,13.90
2007.10.24 17:06:15.536,1.1735,1.17395,8.00,13.90
2007.10.24 17:06:15.778,1.1735,1.17395,8.00,13.90
2007.10.24 17:06:16.021,1.1735,1.17395,8.00,13.90
2007.10.24 17:06:16.262,1.1735,1.17395,8.00,13.90
2007.10.24 17:06:16.505,1.1735,1.17395,8.00,13.90
2007.10.24 17:06:16.747,1.1735,1.17395,8.00,13.90
2007.10.24 17:06:16.905,1.1735,1.17395,8.00,13.90
2007.10.24 17:06:17.062,1.1735,1.17395,8.00,13.90
2007.10.24 17:06:17.220,1.1735,1.17385,8.00,1.60
2007.10.24 17:06:17.378,1.1735,1.17385,8.00,1.60
2007.10.24 17:06:17.536,1.1735,1.17385,8.00,1.60
2007.10.24 17:06:17.693,1.1735,1.17385,8.00,1.60
2007.10.24 17:06:17.990,1.1735,1.17385,8.00,1.60
2007.10.24 17:06:18.287,1.1735,1.17385,8.00,1.60
2007.10.24 17:06:18.585,1.17365,1.17395,1.60,12.30
2007.10.24 17:06:18.917,1.17365,1.17395,9.60,1.60
2007.10.24 17:06:19.250,1.17365,1.17395,9.60,1.60
2007.10.24 17:06:19.583,1.17365,1.17395,9.60,1.60
2007.10.24 17:06:19.755,1.17365,1.17395,9.60,1.60
2007.10.24 17:06:19.928,1.17365,1.17395,8.00,3.20
2007.10.24 17:06:20.101,1.1735,1.17395,8.00,9.90
2007.10.24 17:06:20.274,1.1735,1.17395,8.00,9.90
2007.10.24 17:06:20.446,1.1735,1.17395,8.00,13.90
2007.10.24 17:06:20.619,1.1735,1.17395,8.00,13.90
2007.10.24 17:06:20.906,1.1735,1.17395,8.00,13.90
2007.10.24 17:06:21.194,1.1735,1.17395,8.00,13.90
2007.10.24 17:06:21.480,1.1735,1.17395,8.00,13.90
2007.10.24 17:06:21.830,1.1735,1.17395,8.00,13.90
2007.10.24 17:06:22.072,1.1735,1.17395,8.00,13.90
2007.10.24 17:06:22.314,1.1735,1.17395,8.00,13.90
2007.10.24 17:06:22.557,1.1735,1.17395,8.00,13.90
2007.10.24 17:06:22.799,1.1735,1.17395,8.00,13.90
2007.10.24 17:06:22.961,1.1735,1.17395,8.00,13.90
2007.10.24 17:06:23.124,1.1735,1.17395,8.00,13.90
2007.10.24 17:06:23.286,1.1735,1.17395,8.00,13.90
2007.10.24 17:06:23.449,1.1735,1.17395,8.00,13.90
2007.10.24 17:06:23.611,1.1735,1.17395,8.00,13.90
2007.10.24 17:06:23.944,1.1735,1.17395,8.00,13.90
2007.10.24 17:06:24.276,1.1735,1.17395,8.00,12.30
2007.10.24 17:06:24.608,1.1735,1.17395,8.00,12.30
2007.10.24 17:06:24.941,1.1735,1.17395,8.00,8.30
2007.10.24 17:06:25.181,1.1735,1.17395,8.00,8.30
2007.10.24 17:06:25.417,1.17355,1.17395,8.00,1.60
2007.10.24 17:06:25.655,1.17355,1.17395,8.00,1.60
2007.10.24 17:06:25.938,1.17355,1.17395,8.00,3.20
2007.10.24 17:06:26.220,1.17355,1.17395,1.60,8.30
2007.10.24 17:06:26.503,1.17365,1.17395,8.00,1.60
2007.10.24 17:06:26.787,1.17365,1.17395,9.60,1.60
2007.10.24 17:06:27.044,1.17365,1.17395,9.60,1.60
2007.10.24 17:06:27.301,1.17365,1.17395,9.60,1.60
2007.10.24 17:06:27.559,1.17365,1.17395,8.00,3.20
2007.10.24 17:06:27.816,1.1736,1.17395,8.00,3.20
2007.10.24 17:06:28.033,1.17365,1.17395,1.60,1.60
2007.10.24 17:06:28.250,1.17365,1.17395,9.60,1.60
2007.10.24 17:06:28.468,1.17365,1.17395,9.60,1.60
2007.10.24 17:06:28.686,1.17365,1.17395,9.60,1.60
2007.10.24 17:06:28.903,1.17365,1.17395,9.60,1.60
2007.10.24 17:06:29.237,1.17365,1.17395,9.60,3.20
2007.10.24 17:06:29.570,1.17365,1.17395,9.60,3.20
2007.10.24 17:06:29.903,1.17365,1.17405,9.60,7.20
2007.10.24 17:06:30.070,1.17365,1.17405,9.60,7.20
2007.10.24 17:06:30.238,1.1737,1.17405,8.00,7.20
2007.10.24 17:06:30.406,1.1737,1.17405,8.00,7.20
2007.10.24 17:06:30.574,1.1737,1.17405,8.00,7.20
2007.10.24 17:06:30.741,1.1737,1.17405,8.00,3.20
2007.10.24 17:06:30.908,1.1737,1.17405,8.00,3.20
2007.10.24 17:06:31.240,1.1737,1.17395,8.00,1.60
2007.10.24 17:06:31.573,1.17355,1.17395,8.00,1.60
2007.10.24 17:06:31.906,1.17355,1.17395,8.00,1.60
2007.10.24 17:06:32.059,1.17355,1.17395,8.00,1.60
2007.10.24 17:06:32.211,1.17355,1.17395,8.00,1.60
2007.10.24 17:06:32.363,1.17355,1.17395,8.00,1.60
2007.10.24 17:06:32.516,1.17355,1.17395,8.00,1.60
2007.10.24 17:06:32.668,1.17355,1.17395,8.00,1.60
2007.10.24 17:06:32.821,1.17355,1.17395,8.00,1.60
2007.10.24 17:06:32.973,1.17355,1.17395,8.00,1.60
2007.10.24 17:06:33.307,1.17355,1.17395,8.00,1.60
2007.10.24 17:06:33.640,1.17355,1.17395,8.00,1.60
2007.10.24 17:06:33.972,1.1736,1.17395,8.00,1.60
2007.10.24 17:06:34.255,1.1736,1.17405,8.00,13.90
2007.10.24 17:06:34.538,1.1736,1.17405,8.00,13.90
2007.10.24 17:06:34.821,1.1736,1.17405,8.00,13.90
2007.10.24 17:06:35.103,1.1736,1.17405,8.00,13.90
2007.10.24 17:06:35.386,1.1736,1.17405,8.00,13.90
2007.10.24 17:06:35.578,1.1736,1.17405,8.00,13.90
2007.10.24 17:06:35.771,1.1736,1.17405,8.00,13.90
2007.10.24 17:06:35.964,1.1736,1.17405,8.00,13.90
2007.10.24 17:06:36.156,1.1736,1.17405,8.00,13.90
2007.10.24 17:06:36.418,1.1736,1.17405,8.00,13.90
2007.10.24 17:06:36.680,1.1736,1.17405,8.00,13.90
2007.10.24 17:06:36.943,1.1736,1.17405,8.00,13.90
2007.10.24 17:06:37.205,1.1736,1.17405,8.00,13.90
2007.10.24 17:06:37.427,1.1736,1.17405,8.00,13.90
2007.10.24 17:06:37.649,1.1736,1.17405,8.00,13.90
2007.10.24 17:06:37.872,1.1736,1.17405,8.00,13.90
2007.10.24 17:06:38.094,1.1736,1.17405,8.00,13.90
2007.10.24 17:06:38.318,1.1736,1.17405,8.00,13.90
2007.10.24 17:06:38.611,1.1736,1.17405,8.00,13.90
2007.10.24 17:06:38.904,1.1736,1.17405,8.00,13.90
2007.10.24 17:06:39.196,1.17365,1.17405,1.60,13.90
2007.10.24 17:06:39.529,1.1737,1.17405,8.00,3.20
2007.10.24 17:06:39.861,1.1737,1.17405,8.00,3.20
2007.10.24 17:06:40.230,1.1737,1.17405,8.00,3.20
2007.10.24 17:06:40.414,1.1737,1.17405,8.00,3.20
2007.10.24 17:06:40.596,1.1737,1.17405,8.00,3.20
2007.10.24 17:06:40.779,1.1737,1.17405,8.00,1.60
2007.10.24 17:06:40.961,1.1739,1.17405,8.00,1.60
2007.10.24 17:06:41.143,1.1739,1.17405,8.00,1.60
2007.10.24 17:06:41.327,1.1739,1.17415,8.00,5.60
2007.10.24 17:06:41.659,1.1739,1.17415,8.00,5.60
2007.10.24 17:06:41.991,1.1739,1.17415,8.00,5.60
2007.10.24 17:06:42.325,1.17375,1.17415,8.00,5.60
2007.10.24 17:06:42.498,1.17375,1.17415,8.00,5.60
2007.10.24 17:06:42.670,1.17375,1.17415,8.00,12.30
2007.10.24 17:06:42.844,1.17375,1.17415,8.00,12.30
2007.10.24 17:06:43.017,1.17375,1.17415,8.00,12.30
2007.10.24 17:06:43.190,1.17375,1.17415,8.00,12.30
2007.10.24 17:06:43.363,1.17375,1.17415,8.00,12.30
2007.10.24 17:06:43.701,1.17375,1.17415,8.00,12.30
2007.10.24 17:06:44.034,1.17375,1.17415,8.00,12.30
2007.10.24 17:06:44.366,1.17375,1.17415,8.00,12.30
2007.10.24 17:06:44.688,1.17375,1.17415,8.00,12.30
2007.10.24 17:06:45.011,1.17375,1.17415,8.00,12.30
2007.10.24 17:06:45.333,1.17375,1.17415,8.00,12.30
2007.10.24 17:06:45.521,1.17375,1.17415,8.00,12.30
2007.10.24 17:06:45.708,1.17375,1.17415,8.00,12.30
2007.10.24 17:06:45.895,1.17375,1.17415,9.60,12.30
2007.10.24 17:06:46.082,1.1738,1.17415,8.00,5.60
2007.10.24 17:06:46.376,1.1738,1.17415,8.00,5.60
2007.10.24 17:06:46.690,1.1738,1.17415,8.00,5.60
2007.10.24 17:06:47.003,1.1738,1.17415,8.00,1.60
2007.10.24 17:06:47.316,1.1738,1.17415,8.00,1.60
2007.10.24 17:06:47.628,1.1738,1.17415,8.00,1.60
2007.10.24 17:06:47.831,1.1738,1.17415,8.00,1.60
2007.10.24 17:06:48.034,1.17375,1.17415,9.60,1.60
2007.10.24 17:06:48.237,1.17375,1.17415,9.60,1.60
2007.10.24 17:06:48.439,1.1738,1.17415,8.00,1.60
2007.10.24 17:06:48.642,1.1738,1.17415,8.00,1.60
2007.10.24 17:06:48.974,1.1738,1.17415,8.00,1.60
2007.10.24 17:06:49.307,1.1738,1.17415,8.00,1.60
2007.10.24 17:06:49.642,1.1738,1.17415,8.00,1.60
2007.10.24 17:06:49.834,1.1738,1.17415,8.00,1.60
2007.10.24 17:06:50.026,1.17385,1.17415,1.60,1.60
2007.10.24 17:06:50.218,1.17385,1.17415,1.60,1.60
2007.10.24 17:06:50.410,1.17385,1.17415,9.60,1.60
2007.10.24 17:06:50.603,1.17385,1.17415,9.60,1.60
2007.10.24 17:06:50.906,1.17385,1.17415,9.60,1.60
2007.10.24 17:06:51.209,1.17385,1.17415,9.60,1.60
2007.10.24 17:06:51.511,1.17385,1.17415,9.60,1.60
2007.10.24 17:06:51.814,1.17385,1.17415,9.60,1.60
2007.10.24 17:06:51.992,1.17385,1.17415,9.60,1.60
2007.10.24 17:06:52.170,1.17385,1.17415,9.60,1.60
2007.10.24 17:06:52.347,1.17385,1.17415,9.60,1.60
2007.10.24 17:06:52.525,1.17385,1.17415,9.60,1.60
2007.10.24 17:06:52.703,1.17385,1.17415,9.60,1.60
2007.10.24 17:06:52.956,1.17385,1.17415,9.60,1.60
2007.10.24 17:06:53.209,1.17385,1.17415,9.60,1.60
2007.10.24 17:06:53.463,1.17385,1.17415,9.60,1.60
2007.10.24 17:06:53.716,1.17385,1.17415,9.60,1.60
2007.10.24 17:06:54.048,1.17385,1.17415,9.60,1.60
2007.10.24 17:06:54.381,1.17385,1.17415,9.60,1.60
2007.10.24 17:06:54.713,1.17385,1.17415,9.60,1.60
2007.10.24 17:06:54.891,1.17385,1.17415,9.60,1.60
2007.10.24 17:06:55.069,1.17385,1.17415,9.60,1.60
2007.10.24 17:06:55.247,1.17385,1.17415,9.60,1.60
2007.10.24 17:06:55.425,1.17385,1.17415,9.60,1.60
2007.10.24 17:06:55.603,1.17385,1.17415,9.60,1.60
2007.10.24 17:06:55.781,1.17385,1.17415,9.60,1.60
2007.10.24 17:06:56.053,1.17385,1.17415,9.60,1.60
2007.10.24 17:06:56.326,1.17385,1.17415,9.60,1.60
2007.10.24 17:06:56.599,1.17385,1.17415,9.60,1.60
2007.10.24 17:06:56.873,1.17385,1.17415,9.60,1.60
2007.10.24 17:06:57.081,1.17385,1.17415,9.60,3.20
2007.10.24 17:06:57.288,1.17385,1.17415,9.60,3.20
2007.10.24 17:06:57.496,1.17385,1.17415,9.60,3.20
2007.10.24 17:06:57.704,1.17385,1.17415,9.60,3.20
2007.10.24 17:06:57.911,1.17385,1.17415,9.60,3.20
2007.10.24 17:06:58.144,1.17385,1.17415,9.60,3.20
2007.10.24 17:06:58.376,1.17385,1.17415,9.60,3.20
2007.10.24 17:06:58.641,1.17385,1.17415,9.60,3.20
2007.10.24 17:06:58.874,1.17385,1.17415,9.60,3.20
2007.10.24 17:06:59.206,1.17385,1.17415,9.60,3.20
2007.10.24 17:06:59.538,1.17385,1.17415,8.00,3.20
2007.10.24 17:06:59.870,1.17385,1.17415,8.00,3.20
2007.10.24 17:07:00.087,1.1738,1.17415,8.00,3.20
2007.10.24 17:07:00.304,1.1738,1.17415,8.00,3.20
2007.10.24 17:07:00.521,1.1738,1.17415,8.00,3.20
2007.10.24 17:07:00.738,1.1738,1.17415,8.00,3.20
2007.10.24 17:07:00.955,1.1738,1.17415,8.00,3.20
2007.10.24 17:07:01.202,1.17375,1.1741,1.60,6.70
2007.10.24 17:07:01.450,1.1737,1.1741,8.00,6.70
2007.10.24 17:07:01.698,1.17365,1.1741,11.20,6.70
2007.10.24 17:07:01.946,1.17365,1.17405,11.20,1.60
2007.10.24 17:07:02.224,1.17365,1.17405,9.60,1.60
2007.10.24 17:07:02.502,1.1737,1.17405,8.00,1.60
2007.10.24 17:07:02.779,1.1737,1.17405,8.00,1.60
2007.10.24 17:07:03.057,1.1737,1.17405,8.00,1.60
2007.10.24 17:07:03.304,1.1737,1.17405,8.00,1.60
2007.10.24 17:07:03.551,1.1737,1.17405,8.00,1.60
2007.10.24 17:07:03.798,1.1737,1.17405,8.00,1.60
2007.10.24 17:07:04.045,1.1737,1.17405,8.00,1.60
2007.10.24 17:07:04.282,1.1737,1.17405,2.10,1.60
2007.10.24 17:07:04.377,1.1737,1.17405,1.80,3.20
2007.10.24 17:07:04.769,1.17365,1.17405,9.60,3.20
2007.10.24 17:07:05.101,1.1737,1.17405,1.00,3.20
2007.10.24 17:07:05.434,1.17365,1.17405,9.60,3.20
2007.10.24 17:07:05.596,1.17365,1.17405,9.60,3.20
2007.10.24 17:07:05.759,1.17365,1.17405,9.60,3.20
2007.10.24 17:07:05.923,1.17365,1.17405,9.60,3.20
2007.10.24 17:07:06.085,1.17365,1.17405,9.60,3.20
2007.10.24 17:07:06.248,1.17365,1.17405,9.60,3.20
2007.10.24 17:07:06.556,1.17365,1.17405,9.60,3.20
2007.10.24 17:07:06.864,1.1737,1.17405,0.90,3.20
2007.10.24 17:07:07.172,1.1737,1.17405,0.80,3.20
2007.10.24 17:07:07.353,1.17365,1.17405,9.60,3.20
2007.10.24 17:07:07.536,1.17365,1.17405,9.60,3.20
2007.10.24 17:07:07.719,1.17365,1.17405,9.60,3.20
2007.10.24 17:07:07.901,1.17365,1.17405,9.60,3.20
2007.10.24 17:07:08.083,1.17365,1.17405,9.60,3.20
2007.10.24 17:07:08.267,1.17365,1.17405,9.60,3.20
2007.10.24 17:07:08.555,1.1737,1.17405,2.50,3.20
2007.10.24 17:07:08.844,1.17365,1.17405,9.60,3.20
2007.10.24 17:07:09.131,1.17365,1.17405,9.60,3.20
2007.10.24 17:07:09.419,1.17365,1.17405,9.60,3.20
2007.10.24 17:07:09.726,1.17365,1.17405,9.60,3.20
2007.10.24 17:07:10.032,1.1737,1.17405,4.10,3.20
2007.10.24 17:07:10.341,1.17365,1.17405,9.60,3.20
2007.10.24 17:07:10.469,1.1737,1.17405,4.00,3.20
2007.10.24 17:07:10.597,1.1738,1.17405,3.70,3.20
2007.10.24 17:07:10.724,1.1738,1.17405,2.80,3.20
2007.10.24 17:07:10.904,1.17375,1.17415,9.60,7.20
2007.10.24 17:07:11.032,1.1738,1.17415,1.00,7.20
2007.10.24 17:07:11.159,1.1738,1.17415,1.10,7.20
2007.10.24 17:07:11.286,1.1738,1.17415,0.90,7.20
2007.10.24 17:07:11.414,1.1738,1.17415,2.60,7.20
2007.10.24 17:07:11.541,1.1738,1.17415,2.00,7.20
2007.10.24 17:07:11.874,1.17375,1.17415,9.60,3.20
2007.10.24 17:07:12.207,1.17375,1.17415,9.60,3.20
2007.10.24 17:07:12.539,1.1738,1.17415,2.40,3.20
2007.10.24 17:07:12.722,1.17375,1.17415,9.60,3.20
2007.10.24 17:07:12.905,1.17375,1.17415,9.60,3.20
2007.10.24 17:07:13.087,1.17375,1.17415,9.60,3.20
2007.10.24 17:07:13.270,1.1738,1.17415,3.60,3.20
2007.10.24 17:07:13.453,1.1738,1.17415,4.00,3.20
2007.10.24 17:07:13.634,1.17375,1.17415,9.60,3.20
2007.10.24 17:07:13.866,1.17375,1.17415,9.60,3.20
2007.10.24 17:07:14.098,1.17375,1.17415,9.60,3.20
2007.10.24 17:07:14.330,1.17375,1.17415,9.60,3.20
2007.10.24 17:07:14.564,1.17375,1.17415,9.60,3.20
2007.10.24 17:07:14.896,1.17375,1.17415,9.60,3.20
2007.10.24 17:07:15.228,1.1738,1.17415,2.90,3.20
2007.10.24 17:07:15.560,1.17375,1.17415,9.60,3.20
2007.10.24 17:07:15.728,1.17375,1.17415,9.60,3.20
2007.10.24 17:07:15.896,1.1738,1.17415,0.90,3.20
2007.10.24 17:07:16.064,1.17375,1.17415,9.60,3.20
2007.10.24 17:07:16.230,1.1738,1.17415,2.60,3.20
2007.10.24 17:07:16.397,1.17375,1.17415,9.60,3.20
2007.10.24 17:07:16.565,1.17375,1.17415,9.60,3.20
2007.10.24 17:07:16.797,1.17375,1.17415,9.60,3.20
2007.10.24 17:07:17.043,1.17365,1.17415,11.20,3.20
2007.10.24 17:07:17.277,1.17365,1.17415,11.20,3.20
2007.10.24 17:07:17.508,1.17365,1.17415,11.20,3.20
2007.10.24 17:07:17.728,1.17375,1.17415,1.50,9.90
2007.10.24 17:07:17.945,1.17365,1.17415,11.20,9.90
2007.10.24 17:07:18.163,1.17375,1.17415,3.00,13.90
2007.10.24 17:07:18.381,1.17375,1.17415,0.80,13.90
2007.10.24 17:07:18.599,1.17365,1.17415,11.20,13.90
2007.10.24 17:07:18.862,1.17375,1.17415,1.80,13.90
2007.10.24 17:07:19.125,1.17375,1.17415,4.30,13.90
2007.10.24 17:07:19.387,1.17375,1.17415,1.40,13.90
2007.10.24 17:07:19.650,1.17375,1.17415,4.10,13.90
2007.10.24 17:07:19.953,1.17365,1.17415,11.20,13.90
2007.10.24 17:07:20.256,1.17375,1.17415,4.00,13.90
2007.10.24 17:07:20.558,1.17365,1.17415,11.20,13.90
2007.10.24 17:07:20.861,1.17365,1.17415,11.20,13.90
2007.10.24 17:07:21.058,1.17375,1.17415,4.40,13.90
2007.10.24 17:07:21.255,1.17365,1.17415,11.20,13.90
2007.10.24 17:07:21.453,1.17365,1.17415,11.20,13.90
2007.10.24 17:07:21.651,1.17365,1.17415,11.20,13.90
2007.10.24 17:07:21.978,1.17365,1.17415,11.20,13.90
2007.10.24 17:07:22.304,1.17375,1.17415,2.10,13.90
2007.10.24 17:07:22.632,1.1737,1.17415,3.00,13.90
2007.10.24 17:07:22.958,1.17365,1.17415,11.20,13.90
2007.10.24 17:07:23.206,1.17365,1.17415,11.20,13.90
2007.10.24 17:07:23.453,1.17365,1.17415,11.20,13.90
2007.10.24 17:07:23.702,1.17375,1.17405,4.20,1.60
2007.10.24 17:07:23.949,1.17365,1.17405,9.60,1.60
2007.10.24 17:07:24.281,1.17375,1.17405,3.30,1.60
2007.10.24 17:07:24.614,1.17365,1.17405,9.60,1.60
2007.10.24 17:07:24.947,1.17365,1.17405,9.60,1.60
2007.10.24 17:07:25.134,1.1737,1.17405,2.20,1.60
2007.10.24 17:07:25.322,1.17365,1.17405,9.60,1.60
2007.10.24 17:07:25.510,1.17365,1.17405,9.60,1.60
2007.10.24 17:07:25.697,1.17375,1.17405,2.30,1.60
2007.10.24 17:07:25.885,1.17365,1.17405,9.60,1.60
2007.10.24 17:07:26.213,1.17375,1.17405,1.90,1.60
2007.10.24 17:07:26.540,1.17375,1.17405,1.30,1.60
2007.10.24 17:07:26.868,1.17375,1.17405,3.00,1.60
2007.10.24 17:07:27.085,1.17375,1.17405,2.70,1.60
2007.10.24 17:07:27.303,1.17375,1.17405,4.40,1.60
2007.10.24 17:07:27.520,1.17365,1.17405,9.60,1.60
2007.10.24 17:07:27.737,1.17375,1.17405,3.50,1.60
2007.10.24 17:07:27.955,1.17375,1.17405,1.20,1.60
2007.10.24 17:07:28.213,1.17375,1.17405,1.90,1.60
2007.10.24 17:07:28.469,1.17365,1.17405,9.60,1.60
2007.10.24 17:07:28.726,1.17365,1.17405,9.60,1.60
2007.10.24 17:07:28.984,1.17375,1.17405,0.50,3.20
2007.10.24 17:07:29.316,1.1737,1.17405,1.80,3.20
2007.10.24 17:07:29.649,1.1737,1.17405,2.30,3.20
2007.10.24 17:07:29.982,1.17365,1.17405,9.60,3.20
2007.10.24 17:07:30.203,1.1737,1.17405,1.10,3.20
2007.10.24 17:07:30.426,1.17365,1.17405,9.60,3.20
2007.10.24 17:07:30.648,1.17365,1.17405,9.60,3.20
2007.10.24 17:07:30.870,1.1737,1.17405,0.90,3.20
2007.10.24 17:07:31.167,1.17365,1.17405,9.60,3.20
2007.10.24 17:07:31.465,1.1737,1.17405,8.00,3.20
2007.10.24 17:07:31.763,1.1737,1.17405,8.00,3.20
2007.10.24 17:07:32.061,1.1737,1.17405,8.00,3.20
2007.10.24 17:07:32.284,1.1737,1.17405,8.00,3.20
2007.10.24 17:07:32.507,1.1737,1.17405,8.00,3.20
2007.10.24 17:07:32.730,1.17375,1.17405,8.00,3.20
2007.10.24 17:07:32.952,1.17375,1.17405,8.00,3.20
2007.10.24 17:07:33.225,1.17375,1.17405,8.00,3.20
2007.10.24 17:07:33.497,1.1737,1.17405,8.00,3.20
2007.10.24 17:07:33.770,1.1737,1.17405,8.00,3.20
2007.10.24 17:07:34.043,1.1737,1.17405,8.00,3.20
2007.10.24 17:07:34.376,1.1737,1.17405,8.00,3.20
2007.10.24 17:07:34.708,1.1737,1.17405,8.00,3.20
2007.10.24 17:07:35.041,1.1737,1.17405,8.00,3.20
2007.10.24 17:07:35.219,1.1736,1.17405,8.00,12.30
2007.10.24 17:07:35.440,1.1736,1.17405,8.00,12.30
2007.10.24 17:07:35.616,1.1736,1.17405,8.00,16.30
2007.10.24 17:07:35.793,1.1736,1.17405,8.00,16.30
