2007.10.31 23:00:00.072,1.22095,1.2215,1.00,7.20
2007.10.31 23:00:00.280,1.22075,1.2215,18.40,7.20
2007.10.31 23:00:00.487,1.22095,1.2215,2.40,7.20
2007.10.31 23:00:00.705,1.22095,1.2215,2.80,7.20
2007.10.31 23:00:00.922,1.22075,1.2215,18.40,7.20
2007.10.31 23:00:01.140,1.22075,1.2215,18.40,7.20
2007.10.31 23:00:01.357,1.22095,1.2215,0.50,7.20
2007.10.31 23:00:01.574,1.22095,1.2215,2.50,7.20
2007.10.31 23:00:01.782,1.22095,1.2215,1.80,7.20
2007.10.31 23:00:01.989,1.22095,1.2215,2.90,7.20
2007.10.31 23:00:02.197,1.22075,1.2215,18.40,7.20
2007.10.31 23:00:02.404,1.22075,1.2215,18.40,7.20
2007.10.31 23:00:02.612,1.22095,1.2215,1.50,7.20
2007.10.31 23:00:02.824,1.22095,1.2215,0.60,7.20
2007.10.31 23:00:03.037,1.22075,1.2215,18.40,7.20
2007.10.31 23:00:03.249,1.22075,1.2215,18.40,7.20
2007.10.31 23:00:03.462,1.22075,1.2215,18.40,7.20
2007.10.31 23:00:03.675,1.22075,1.2215,18.40,7.20
2007.10.31 23:00:03.887,1.22075,1.2215,18.40,7.20
2007.10.31 23:00:04.100,1.22075,1.2215,18.40,7.20
2007.10.31 23:00:04.312,1.22075,1.2215,18.40,7.20
2007.10.31 23:00:04.525,1.22075,1.2215,18.40,7.20
2007.10.31 23:00:04.737,1.22075,1.2215,18.40,7.20
2007.10.31 23:00:04.949,1.22075,1.2215,18.40,7.20
2007.10.31 23:00:05.162,1.22075,1.2215,18.40,7.20
2007.10.31 23:00:05.374,1.22095,1.2215,1.20,7.20
2007.10.31 23:00:05.587,1.22095,1.2215,1.30,7.20
2007.10.31 23:00:05.800,1.22095,1.2215,3.60,7.20
2007.10.31 23:00:06.027,1.22095,1.2215,1.20,7.20
2007.10.31 23:00:06.254,1.22075,1.2215,18.40,7.20
2007.10.31 23:00:06.481,1.22095,1.2215,3.20,7.20
2007.10.31 23:00:06.709,1.22075,1.2215,18.40,7.20
2007.10.31 23:00:06.937,1.22075,1.2215,18.40,7.20
2007.10.31 23:00:07.139,1.22075,1.2215,18.40,7.20
2007.10.31 23:00:07.341,1.22095,1.2215,2.30,7.20
2007.10.31 23:00:07.544,1.22075,1.2215,18.40,7.20
2007.10.31 23:00:07.746,1.22075,1.2215,18.40,7.20
2007.10.31 23:00:07.948,1.22095,1.2215,2.60,7.20
2007.10.31 23:00:08.151,1.22075,1.2215,18.40,7.20
2007.10.31 23:00:08.374,1.22075,1.2215,18.40,7.20
2007.10.31 23:00:08.464,1.22075,1.22165,24.80,11.20
2007.10.31 23:00:08.596,1.22095,1.2215,2.20,7.20
2007.10.31 23:00:08.819,1.22075,1.2215,18.40,7.20
2007.10.31 23:00:09.041,1.22075,1.2215,18.40,7.20
2007.10.31 23:00:09.264,1.22075,1.2215,18.40,7.20
2007.10.31 23:00:09.477,1.22095,1.2215,1.00,7.20
2007.10.31 23:00:09.689,1.22075,1.2215,18.40,7.20
2007.10.31 23:00:09.901,1.22075,1.2215,18.40,7.20
2007.10.31 23:00:10.114,1.22095,1.2215,2.30,7.20
2007.10.31 23:00:10.326,1.22075,1.2215,18.40,7.20
2007.10.31 23:00:10.534,1.22075,1.2215,18.40,7.20
2007.10.31 23:00:10.741,1.22095,1.2215,3.10,7.20
2007.10.31 23:00:10.949,1.22095,1.2215,2.40,7.20
2007.10.31 23:00:11.157,1.22095,1.2215,3.40,7.20
2007.10.31 23:00:11.364,1.22075,1.2215,18.40,7.20
2007.10.31 23:00:11.587,1.22095,1.2215,1.30,7.20
2007.10.31 23:00:11.809,1.22095,1.2215,1.60,7.20
2007.10.31 23:00:12.031,1.22095,1.2215,2.80,7.20
2007.10.31 23:00:12.255,1.22075,1.2215,18.40,7.20
2007.10.31 23:00:12.447,1.22075,1.2215,18.40,7.20
2007.10.31 23:00:12.640,1.22095,1.2215,2.50,7.20
2007.10.31 23:00:12.832,1.22095,1.2215,2.30,7.20
2007.10.31 23:00:13.024,1.22095,1.2215,2.00,7.20
2007.10.31 23:00:13.216,1.22075,1.2215,18.40,7.20
2007.10.31 23:00:13.408,1.22075,1.2215,18.40,7.20
2007.10.31 23:00:13.670,1.22075,1.2215,18.40,7.20
2007.10.31 23:00:13.932,1.22095,1.2215,3.40,7.20
2007.10.31 23:00:14.195,1.22095,1.2215,1.80,7.20
2007.10.31 23:00:14.457,1.22095,1.2215,3.50,7.20
2007.10.31 23:00:14.649,1.221,1.22155,3.20,7.20
2007.10.31 23:00:14.842,1.22085,1.22155,14.40,7.20
2007.10.31 23:00:15.034,1.22085,1.2216,18.40,7.20
2007.10.31 23:00:15.227,1.22105,1.2216,1.40,7.20
2007.10.31 23:00:15.509,1.22105,1.2216,6.40,7.20
2007.10.31 23:00:15.792,1.221,1.22155,6.40,7.20
2007.10.31 23:00:16.075,1.221,1.22155,6.40,7.20
2007.10.31 23:00:16.358,1.221,1.22155,6.40,7.20
2007.10.31 23:00:16.640,1.221,1.22155,6.40,7.20
2007.10.31 23:00:16.818,1.221,1.22155,6.40,7.20
2007.10.31 23:00:16.995,1.221,1.22155,6.40,7.20
2007.10.31 23:00:17.173,1.221,1.22155,6.40,7.20
2007.10.31 23:00:17.350,1.221,1.22155,6.40,7.20
2007.10.31 23:00:17.526,1.221,1.22155,6.40,7.20
2007.10.31 23:00:17.851,1.221,1.22155,6.40,7.20
2007.10.31 23:00:18.110,1.221,1.22155,6.40,7.20
2007.10.31 23:00:18.368,1.221,1.22155,6.40,7.20
2007.10.31 23:00:18.525,1.221,1.22155,6.40,7.20
2007.10.31 23:00:18.683,1.221,1.22155,6.40,7.20
2007.10.31 23:00:18.841,1.221,1.22155,6.40,7.20
2007.10.31 23:00:18.999,1.221,1.22155,6.40,7.20
2007.10.31 23:00:19.156,1.221,1.22155,6.40,7.20
2007.10.31 23:00:19.314,1.221,1.22155,6.40,7.20
2007.10.31 23:00:19.471,1.221,1.22155,6.40,7.20
2007.10.31 23:00:19.773,1.221,1.22155,6.40,7.20
2007.10.31 23:00:20.076,1.221,1.22155,6.40,7.20
2007.10.31 23:00:20.378,1.221,1.22155,6.40,7.20
2007.10.31 23:00:20.680,1.221,1.22155,6.40,7.20
2007.10.31 23:00:20.857,1.221,1.22155,6.40,7.20
2007.10.31 23:00:21.035,1.221,1.22155,6.40,7.20
2007.10.31 23:00:21.212,1.221,1.22155,6.40,7.20
2007.10.31 23:00:21.390,1.22115,1.2217,6.40,7.20
2007.10.31 23:00:21.567,1.22115,1.2217,6.40,7.20
2007.10.31 23:00:21.839,1.22115,1.2217,6.40,7.20
2007.10.31 23:00:22.112,1.22115,1.2217,6.40,7.20
2007.10.31 23:00:22.385,1.22105,1.2216,6.40,7.20
2007.10.31 23:00:22.657,1.22105,1.2216,6.40,7.20
2007.10.31 23:00:22.879,1.22105,1.2216,6.40,7.20
2007.10.31 23:00:23.101,1.22105,1.2216,6.40,7.20
2007.10.31 23:00:23.324,1.22105,1.2216,6.40,7.20
2007.10.31 23:00:23.547,1.22105,1.2216,6.40,7.20
2007.10.31 23:00:23.734,1.2211,1.22155,6.40,7.20
2007.10.31 23:00:23.984,1.2211,1.22155,6.40,7.20
2007.10.31 23:00:24.173,1.2211,1.22155,6.40,7.20
2007.10.31 23:00:24.360,1.2211,1.22155,6.40,7.20
2007.10.31 23:00:24.547,1.2211,1.22155,6.40,7.20
2007.10.31 23:00:24.770,1.2211,1.22155,6.40,7.20
2007.10.31 23:00:24.992,1.2211,1.22155,6.40,7.20
2007.10.31 23:00:25.215,1.2211,1.22155,6.40,7.20
2007.10.31 23:00:25.437,1.2211,1.22155,6.40,7.20
2007.10.31 23:00:25.660,1.2211,1.22155,6.40,7.20
2007.10.31 23:00:25.877,1.2211,1.22155,6.40,7.20
2007.10.31 23:00:26.094,1.2211,1.22155,6.40,7.20
2007.10.31 23:00:26.312,1.2211,1.22155,6.40,7.20
2007.10.31 23:00:26.530,1.2211,1.22155,6.40,7.20
2007.10.31 23:00:26.748,1.2211,1.22155,6.40,7.20
2007.10.31 23:00:26.964,1.2211,1.22155,6.40,7.20
2007.10.31 23:00:27.182,1.2211,1.22155,6.40,7.20
2007.10.31 23:00:27.400,1.2211,1.22155,6.40,7.20
2007.10.31 23:00:27.617,1.2211,1.22155,6.40,7.20
2007.10.31 23:00:27.835,1.2211,1.22155,6.40,7.20
2007.10.31 23:00:28.053,1.22115,1.2216,6.40,7.20
2007.10.31 23:00:28.271,1.22115,1.2216,6.40,7.20
2007.10.31 23:00:28.488,1.2212,1.22165,6.40,7.20
2007.10.31 23:00:28.706,1.22115,1.2216,6.40,7.20
2007.10.31 23:00:28.924,1.22115,1.2216,6.40,7.20
2007.10.31 23:00:29.171,1.22115,1.2216,6.40,7.20
2007.10.31 23:00:29.419,1.2211,1.22155,6.40,7.20
2007.10.31 23:00:29.667,1.2211,1.22155,6.40,7.20
2007.10.31 23:00:29.914,1.2211,1.22155,6.40,7.20
2007.10.31 23:00:30.127,1.2211,1.22155,6.40,7.20
2007.10.31 23:00:30.339,1.2211,1.22155,6.40,7.20
2007.10.31 23:00:30.551,1.2211,1.22155,6.40,7.20
2007.10.31 23:00:30.764,1.2211,1.22155,6.40,7.20
2007.10.31 23:00:30.976,1.2211,1.22155,6.40,7.20
2007.10.31 23:00:31.188,1.2211,1.22155,6.40,7.20
2007.10.31 23:00:31.401,1.2211,1.22155,6.40,7.20
2007.10.31 23:00:31.613,1.2211,1.22155,6.40,7.20
2007.10.31 23:00:31.826,1.2211,1.22155,6.40,7.20
2007.10.31 23:00:32.038,1.22115,1.2216,6.40,7.20
2007.10.31 23:00:32.291,1.22115,1.2216,6.40,7.20
2007.10.31 23:00:32.542,1.22115,1.2216,6.40,7.20
2007.10.31 23:00:32.795,1.22115,1.2216,6.40,7.20
2007.10.31 23:00:33.048,1.22115,1.2216,6.40,7.20
2007.10.31 23:00:33.301,1.22115,1.2216,6.40,7.20
2007.10.31 23:00:33.513,1.22115,1.2216,6.40,7.20
2007.10.31 23:00:33.726,1.22115,1.2216,6.40,7.20
2007.10.31 23:00:33.938,1.22115,1.2216,6.40,7.20
2007.10.31 23:00:34.150,1.22115,1.2216,6.40,7.20
2007.10.31 23:00:34.368,1.22115,1.2216,6.40,7.20
2007.10.31 23:00:34.585,1.22115,1.2216,6.40,7.20
2007.10.31 23:00:34.802,1.22115,1.2216,6.40,7.20
2007.10.31 23:00:35.020,1.22115,1.2216,6.40,7.20
2007.10.31 23:00:35.237,1.22115,1.2216,6.40,7.20
2007.10.31 23:00:35.445,1.22115,1.2216,6.40,7.20
2007.10.31 23:00:35.653,1.22115,1.2216,6.40,7.20
2007.10.31 23:00:35.860,1.22115,1.2216,6.40,7.20
2007.10.31 23:00:36.068,1.22115,1.2216,6.40,7.20
2007.10.31 23:00:36.275,1.22115,1.2216,6.40,7.20
2007.10.31 23:00:36.487,1.22115,1.2216,6.40,7.20
2007.10.31 23:00:36.700,1.22115,1.2216,6.40,7.20
2007.10.31 23:00:36.912,1.22115,1.2216,6.40,7.20
2007.10.31 23:00:37.125,1.22115,1.2216,6.40,7.20
2007.10.31 23:00:37.337,1.22115,1.2216,6.40,7.20
2007.10.31 23:00:37.559,1.22115,1.2216,6.40,7.20
2007.10.31 23:00:37.782,1.22115,1.2216,6.40,7.20
2007.10.31 23:00:38.004,1.22115,1.2216,6.40,7.20
2007.10.31 23:00:38.226,1.22115,1.2216,6.40,7.20
2007.10.31 23:00:38.449,1.2211,1.22155,6.40,7.20
2007.10.31 23:00:38.667,1.2211,1.22155,6.40,7.20
2007.10.31 23:00:38.885,1.2211,1.22155,6.40,7.20
2007.10.31 23:00:39.102,1.2211,1.22155,6.40,7.20
2007.10.31 23:00:39.320,1.2211,1.22155,6.40,7.20
2007.10.31 23:00:39.537,1.2211,1.22155,6.40,7.20
2007.10.31 23:00:39.755,1.2211,1.22155,6.40,7.20
2007.10.31 23:00:39.972,1.2211,1.22155,6.40,7.20
2007.10.31 23:00:40.190,1.2211,1.22155,6.40,7.20
2007.10.31 23:00:40.407,1.221,1.22145,6.40,7.20
2007.10.31 23:00:40.625,1.221,1.22145,6.40,7.20
2007.10.31 23:00:40.862,1.221,1.22145,6.40,7.20
2007.10.31 23:00:41.100,1.221,1.22145,6.40,7.20
2007.10.31 23:00:41.336,1.221,1.22145,6.40,7.20
2007.10.31 23:00:41.574,1.221,1.22145,6.40,7.20
2007.10.31 23:00:41.811,1.221,1.22145,6.40,7.20
2007.10.31 23:00:42.093,1.221,1.22145,6.40,7.20
2007.10.31 23:00:42.389,1.221,1.22145,6.40,7.20
2007.10.31 23:00:42.674,1.221,1.22145,6.40,7.20
2007.10.31 23:00:42.836,1.221,1.22145,6.40,7.20
2007.10.31 23:00:42.999,1.221,1.22145,6.40,7.20
2007.10.31 23:00:43.163,1.221,1.22145,6.40,7.20
2007.10.31 23:00:43.325,1.221,1.22145,6.40,7.20
2007.10.31 23:00:43.487,1.221,1.22145,6.40,7.20
2007.10.31 23:00:43.650,1.221,1.22145,6.40,7.20
2007.10.31 23:00:43.812,1.221,1.22145,6.40,7.20
2007.10.31 23:00:44.110,1.221,1.22145,6.40,7.20
2007.10.31 23:00:44.407,1.22095,1.2214,6.40,7.20
2007.10.31 23:00:44.705,1.22095,1.2214,6.40,7.20
2007.10.31 23:00:45.003,1.221,1.22145,6.40,7.20
2007.10.31 23:00:45.214,1.221,1.22145,6.40,7.20
2007.10.31 23:00:45.427,1.221,1.22145,6.40,7.20
2007.10.31 23:00:45.639,1.221,1.22145,6.40,7.20
2007.10.31 23:00:45.853,1.221,1.22145,6.40,7.20
2007.10.31 23:00:46.050,1.221,1.22145,6.40,7.20
2007.10.31 23:00:46.248,1.221,1.22145,6.40,7.20
2007.10.31 23:00:46.446,1.221,1.22145,6.40,7.20
2007.10.31 23:00:46.643,1.221,1.22145,6.40,7.20
2007.10.31 23:00:46.841,1.221,1.22145,6.40,7.20
2007.10.31 23:00:47.038,1.221,1.22145,6.40,7.20
2007.10.31 23:00:47.301,1.221,1.22145,6.40,7.20
2007.10.31 23:00:47.563,1.221,1.22145,6.40,7.20
2007.10.31 23:00:47.826,1.221,1.22145,6.40,7.20
2007.10.31 23:00:48.089,1.221,1.22145,6.40,7.20
2007.10.31 23:00:48.271,1.221,1.22145,6.40,7.20
2007.10.31 23:00:48.526,1.221,1.22145,6.40,7.20
2007.10.31 23:00:48.707,1.221,1.22145,6.40,7.20
2007.10.31 23:00:48.889,1.221,1.22145,6.40,7.20
2007.10.31 23:00:49.071,1.221,1.22145,6.40,7.20
2007.10.31 23:00:49.304,1.221,1.22145,6.40,7.20
2007.10.31 23:00:49.536,1.221,1.22145,6.40,7.20
2007.10.31 23:00:49.768,1.221,1.22145,6.40,7.20
2007.10.31 23:00:50.001,1.221,1.22145,6.40,7.20
2007.10.31 23:00:50.234,1.221,1.22145,6.40,7.20
2007.10.31 23:00:50.406,1.221,1.22145,6.40,7.20
2007.10.31 23:00:50.579,1.221,1.22145,6.40,7.20
2007.10.31 23:00:50.752,1.221,1.22145,6.40,7.20
2007.10.31 23:00:50.924,1.221,1.22145,6.40,7.20
2007.10.31 23:00:51.097,1.221,1.22145,6.40,7.20
2007.10.31 23:00:51.359,1.221,1.22145,6.40,7.20
2007.10.31 23:00:51.622,1.221,1.22145,6.40,7.20
2007.10.31 23:00:51.884,1.221,1.22145,6.40,7.20
2007.10.31 23:00:52.146,1.221,1.22145,6.40,7.20
2007.10.31 23:00:52.329,1.221,1.22145,6.40,7.20
2007.10.31 23:00:52.511,1.221,1.22145,6.40,7.20
2007.10.31 23:00:52.694,1.221,1.22145,6.40,7.20
2007.10.31 23:00:52.877,1.221,1.22145,6.40,7.20
2007.10.31 23:00:53.059,1.221,1.22145,6.40,7.20
2007.10.31 23:00:53.242,1.221,1.22145,6.40,7.20
2007.10.31 23:00:53.489,1.221,1.22145,6.40,7.20
2007.10.31 23:00:53.554,1.221,1.22165,6.40,11.20
2007.10.31 23:00:53.736,1.221,1.22145,6.40,0.70
2007.10.31 23:00:53.984,1.221,1.22165,6.40,11.20
2007.10.31 23:00:54.231,1.221,1.22165,6.40,11.20
2007.10.31 23:00:54.419,1.221,1.22165,6.40,11.20
2007.10.31 23:00:54.681,1.221,1.22165,6.40,11.20
2007.10.31 23:00:54.868,1.221,1.22165,6.40,11.20
2007.10.31 23:00:55.055,1.221,1.22145,6.40,0.80
2007.10.31 23:00:55.243,1.221,1.22165,6.40,11.20
2007.10.31 23:00:55.454,1.221,1.22165,6.40,11.20
2007.10.31 23:00:55.667,1.221,1.22165,6.40,11.20
2007.10.31 23:00:55.879,1.221,1.22145,6.40,0.50
2007.10.31 23:00:56.092,1.221,1.22165,6.40,11.20
2007.10.31 23:00:56.304,1.221,1.22165,6.40,11.20
2007.10.31 23:00:56.522,1.221,1.22145,6.40,0.80
2007.10.31 23:00:56.739,1.221,1.22165,6.40,11.20
2007.10.31 23:00:56.956,1.221,1.22165,6.40,11.20
2007.10.31 23:00:57.173,1.221,1.22165,6.40,11.20
2007.10.31 23:00:57.391,1.221,1.22145,6.40,0.70
2007.10.31 23:00:57.603,1.221,1.22165,6.40,11.20
2007.10.31 23:00:57.816,1.221,1.22165,6.40,11.20
2007.10.31 23:00:58.029,1.221,1.22145,6.40,0.50
2007.10.31 23:00:58.241,1.221,1.22165,6.40,11.20
2007.10.31 23:00:58.453,1.221,1.22165,6.40,11.20
2007.10.31 23:00:58.665,1.221,1.22145,6.40,0.90
2007.10.31 23:00:58.878,1.221,1.22165,6.40,11.20
2007.10.31 23:00:59.090,1.221,1.22165,6.40,11.20
2007.10.31 23:00:59.302,1.221,1.22165,6.40,11.20
2007.10.31 23:00:59.515,1.221,1.22165,6.40,11.20
2007.10.31 23:00:59.727,1.221,1.22165,6.40,11.20
2007.10.31 23:00:59.940,1.221,1.22145,6.40,0.60
2007.10.31 23:01:00.152,1.221,1.22165,6.40,11.20
2007.10.31 23:01:00.365,1.221,1.22145,6.40,0.70
2007.10.31 23:01:00.577,1.221,1.22145,6.40,0.90
2007.10.31 23:01:00.810,1.221,1.22165,6.40,11.20
2007.10.31 23:01:01.034,1.221,1.22165,6.40,11.20
2007.10.31 23:01:01.259,1.221,1.22165,6.40,11.20
2007.10.31 23:01:01.479,1.221,1.22165,6.40,11.20
2007.10.31 23:01:01.702,1.221,1.22165,6.40,11.20
2007.10.31 23:01:01.919,1.221,1.22165,6.40,11.20
2007.10.31 23:01:02.137,1.221,1.22165,6.40,11.20
2007.10.31 23:01:02.354,1.221,1.22145,6.40,0.80
2007.10.31 23:01:02.571,1.221,1.22165,6.40,11.20
2007.10.31 23:01:02.788,1.221,1.22145,6.40,0.80
2007.10.31 23:01:03.000,1.221,1.22165,6.40,11.20
2007.10.31 23:01:03.212,1.221,1.22165,6.40,11.20
2007.10.31 23:01:03.424,1.221,1.22165,6.40,11.20
2007.10.31 23:01:03.637,1.221,1.22165,6.40,11.20
2007.10.31 23:01:03.849,1.221,1.22165,6.40,11.20
2007.10.31 23:01:04.062,1.221,1.22165,6.40,11.20
2007.10.31 23:01:04.289,1.221,1.22165,6.40,11.20
2007.10.31 23:01:04.517,1.221,1.22145,6.40,0.60
2007.10.31 23:01:04.745,1.221,1.22145,6.40,0.70
2007.10.31 23:01:04.972,1.221,1.22145,6.40,0.60
2007.10.31 23:01:05.200,1.221,1.22165,6.40,11.20
2007.10.31 23:01:05.403,1.221,1.22165,6.40,11.20
2007.10.31 23:01:05.606,1.221,1.22165,6.40,11.20
2007.10.31 23:01:05.808,1.221,1.22145,6.40,0.90
2007.10.31 23:01:06.011,1.221,1.22165,6.40,11.20
2007.10.31 23:01:06.238,1.221,1.22165,6.40,11.20
2007.10.31 23:01:06.465,1.221,1.22165,6.40,11.20
2007.10.31 23:01:06.692,1.221,1.22165,6.40,11.20
2007.10.31 23:01:06.943,1.221,1.22145,6.40,0.50
2007.10.31 23:01:07.171,1.221,1.22145,6.40,0.70
2007.10.31 23:01:07.370,1.221,1.22165,6.40,11.20
2007.10.31 23:01:07.567,1.221,1.22165,6.40,11.20
2007.10.31 23:01:07.764,1.221,1.22165,6.40,11.20
2007.10.31 23:01:07.961,1.221,1.22165,6.40,11.20
2007.10.31 23:01:08.160,1.221,1.22165,6.40,11.20
2007.10.31 23:01:08.357,1.221,1.22165,6.40,11.20
2007.10.31 23:01:08.620,1.221,1.22165,6.40,11.20
2007.10.31 23:01:08.883,1.221,1.22165,6.40,11.20
2007.10.31 23:01:09.146,1.221,1.22165,6.40,11.20
2007.10.31 23:01:09.408,1.221,1.22165,6.40,11.20
2007.10.31 23:01:09.592,1.221,1.22145,6.40,0.70
2007.10.31 23:01:09.775,1.221,1.22145,6.40,0.60
2007.10.31 23:01:09.957,1.221,1.22145,6.40,0.80
2007.10.31 23:01:10.140,1.221,1.22165,6.40,11.20
2007.10.31 23:01:10.323,1.221,1.22145,6.40,0.70
2007.10.31 23:01:10.506,1.221,1.22145,6.40,0.60
2007.10.31 23:01:10.783,1.221,1.22165,6.40,11.20
2007.10.31 23:01:11.060,1.221,1.22165,6.40,11.20
2007.10.31 23:01:11.338,1.221,1.22165,6.40,11.20
2007.10.31 23:01:11.616,1.221,1.22145,6.40,0.60
2007.10.31 23:01:11.808,1.221,1.22145,6.40,0.50
2007.10.31 23:01:12.001,1.221,1.22145,6.40,0.60
2007.10.31 23:01:12.194,1.221,1.22165,6.40,11.20
2007.10.31 23:01:12.386,1.221,1.22165,6.40,11.20
2007.10.31 23:01:12.579,1.221,1.22145,6.40,0.50
2007.10.31 23:01:12.771,1.221,1.22145,6.40,0.80
2007.10.31 23:01:13.077,1.221,1.22145,6.40,0.50
2007.10.31 23:01:13.269,1.221,1.22185,6.40,11.20
2007.10.31 23:01:13.462,1.221,1.22145,6.40,0.60
2007.10.31 23:01:13.669,1.221,1.22145,6.40,0.90
2007.10.31 23:01:13.878,1.221,1.22185,6.40,11.20
2007.10.31 23:01:14.085,1.221,1.22145,6.40,0.50
2007.10.31 23:01:14.294,1.221,1.22145,6.40,0.90
2007.10.31 23:01:14.502,1.221,1.22145,6.40,0.50
2007.10.31 23:01:14.744,1.221,1.22185,6.40,11.20
2007.10.31 23:01:14.987,1.221,1.22185,6.40,11.20
2007.10.31 23:01:15.230,1.22085,1.22185,4.00,8.00
2007.10.31 23:01:15.473,1.22085,1.22185,4.00,8.00
2007.10.31 23:01:15.716,1.22085,1.22185,4.00,8.00
2007.10.31 23:01:15.939,1.22085,1.22185,4.00,8.00
2007.10.31 23:01:16.162,1.22085,1.22165,4.00,0.60
2007.10.31 23:01:16.385,1.22085,1.22185,4.00,8.00
2007.10.31 23:01:16.609,1.22085,1.22165,4.00,0.50
2007.10.31 23:01:16.831,1.22085,1.22165,4.00,0.60
2007.10.31 23:01:17.043,1.22085,1.22165,4.00,0.60
2007.10.31 23:01:17.255,1.22085,1.22185,4.00,8.00
2007.10.31 23:01:17.468,1.22095,1.22165,6.40,11.20
2007.10.31 23:01:17.679,1.22095,1.22165,6.40,11.20
2007.10.31 23:01:17.891,1.22095,1.22165,6.40,11.20
2007.10.31 23:01:18.124,1.22095,1.22165,6.40,11.20
2007.10.31 23:01:18.356,1.22095,1.22165,6.40,11.20
2007.10.31 23:01:18.588,1.22095,1.2214,6.40,0.50
2007.10.31 23:01:18.820,1.22095,1.2214,6.40,0.70
2007.10.31 23:01:19.052,1.22095,1.22165,6.40,11.20
2007.10.31 23:01:19.279,1.22095,1.2214,6.40,0.50
2007.10.31 23:01:19.506,1.22095,1.2214,6.40,0.60
2007.10.31 23:01:19.734,1.22095,1.22165,6.40,11.20
2007.10.31 23:01:19.961,1.22095,1.22165,6.40,11.20
2007.10.31 23:01:20.190,1.22095,1.2214,6.40,0.90
2007.10.31 23:01:20.397,1.22095,1.22165,6.40,11.20
2007.10.31 23:01:20.604,1.22095,1.22165,6.40,11.20
2007.10.31 23:01:20.812,1.22095,1.22165,6.40,11.20
2007.10.31 23:01:21.019,1.22095,1.22165,6.40,11.20
2007.10.31 23:01:21.236,1.22095,1.2214,6.40,0.60
2007.10.31 23:01:21.454,1.22095,1.2214,6.40,0.60
2007.10.31 23:01:21.672,1.22095,1.22165,6.40,11.20
2007.10.31 23:01:21.890,1.22095,1.2214,6.40,0.60
2007.10.31 23:01:22.108,1.22095,1.22165,6.40,11.20
2007.10.31 23:01:22.326,1.22095,1.22165,6.40,11.20
2007.10.31 23:01:22.543,1.22095,1.2214,6.40,0.90
2007.10.31 23:01:22.760,1.2209,1.22165,6.40,11.20
2007.10.31 23:01:22.977,1.2209,1.22135,6.40,7.20
2007.10.31 23:01:23.194,1.2209,1.22135,6.40,7.20
2007.10.31 23:01:23.436,1.2209,1.22135,6.40,7.20
2007.10.31 23:01:23.678,1.2209,1.22135,6.40,7.20
2007.10.31 23:01:23.920,1.2209,1.22135,6.40,7.20
2007.10.31 23:01:24.163,1.2209,1.22135,6.40,7.20
2007.10.31 23:01:24.375,1.2209,1.22135,6.40,7.20
2007.10.31 23:01:24.588,1.2209,1.22135,6.40,7.20
2007.10.31 23:01:24.800,1.2209,1.22135,6.40,7.20
2007.10.31 23:01:25.012,1.2209,1.22135,6.40,7.20
2007.10.31 23:01:25.342,1.2209,1.22135,6.40,7.20
2007.10.31 23:01:25.553,1.2209,1.22135,6.40,7.20
2007.10.31 23:01:25.766,1.2209,1.22135,6.40,7.20
2007.10.31 23:01:25.978,1.2209,1.22135,6.40,7.20
2007.10.31 23:01:26.190,1.2209,1.22135,6.40,7.20
2007.10.31 23:01:26.402,1.2209,1.22135,6.40,7.20
2007.10.31 23:01:26.629,1.2209,1.22135,6.40,7.20
2007.10.31 23:01:26.856,1.22095,1.2214,6.40,7.20
2007.10.31 23:01:27.084,1.22095,1.2214,6.40,7.20
2007.10.31 23:01:27.312,1.2209,1.22135,6.40,7.20
2007.10.31 23:01:27.540,1.2209,1.22135,6.40,7.20
2007.10.31 23:01:27.762,1.2209,1.22135,6.40,7.20
2007.10.31 23:01:27.984,1.2209,1.22135,6.40,7.20
2007.10.31 23:01:28.206,1.2209,1.22135,6.40,7.20
2007.10.31 23:01:28.428,1.2209,1.22135,6.40,7.20
2007.10.31 23:01:28.634,1.2209,1.22135,6.40,7.20
2007.10.31 23:01:28.842,1.2209,1.22135,6.40,7.20
2007.10.31 23:01:29.050,1.2209,1.22135,6.40,7.20
2007.10.31 23:01:29.258,1.2209,1.22135,6.40,7.20
2007.10.31 23:01:29.465,1.2209,1.22135,6.40,7.20
2007.10.31 23:01:29.673,1.2209,1.22135,6.40,7.20
2007.10.31 23:01:29.946,1.2209,1.22135,6.40,7.20
2007.10.31 23:01:30.218,1.2209,1.22135,6.40,7.20
2007.10.31 23:01:30.490,1.2209,1.22135,6.40,7.20
2007.10.31 23:01:30.763,1.2209,1.22135,6.40,7.20
2007.10.31 23:01:30.976,1.2209,1.22135,6.40,7.20
2007.10.31 23:01:31.189,1.2209,1.22135,6.40,7.20
2007.10.31 23:01:31.479,1.2209,1.22135,6.40,7.20
2007.10.31 23:01:31.692,1.2209,1.22135,6.40,7.20
2007.10.31 23:01:31.919,1.2209,1.22135,6.40,7.20
2007.10.31 23:01:32.146,1.2209,1.22135,6.40,7.20
2007.10.31 23:01:32.374,1.2209,1.22135,6.40,7.20
2007.10.31 23:01:32.602,1.22085,1.2213,6.40,7.20
2007.10.31 23:01:32.808,1.22085,1.2213,6.40,7.20
2007.10.31 23:01:33.017,1.22075,1.2212,6.40,7.20
2007.10.31 23:01:33.225,1.22075,1.2212,6.40,7.20
2007.10.31 23:01:33.432,1.22075,1.2212,6.40,7.20
2007.10.31 23:01:33.641,1.22075,1.2212,6.40,7.20
2007.10.31 23:01:33.924,1.22075,1.2212,6.40,7.20
2007.10.31 23:01:34.207,1.22075,1.2212,6.40,7.20
2007.10.31 23:01:34.489,1.2208,1.22125,6.40,7.20
2007.10.31 23:01:34.772,1.2208,1.22125,6.40,7.20
2007.10.31 23:01:34.984,1.2208,1.22125,6.40,7.20
2007.10.31 23:01:35.197,1.2208,1.22125,6.40,7.20
2007.10.31 23:01:35.410,1.2208,1.22125,6.40,7.20
2007.10.31 23:01:35.622,1.22085,1.2213,6.40,7.20
2007.10.31 23:01:35.835,1.22085,1.2213,6.40,7.20
2007.10.31 23:01:36.103,1.22085,1.2213,6.40,7.20
2007.10.31 23:01:36.371,1.2208,1.22125,6.40,7.20
2007.10.31 23:01:36.639,1.22075,1.2212,6.40,7.20
2007.10.31 23:01:36.906,1.22075,1.2212,6.40,7.20
2007.10.31 23:01:37.139,1.22075,1.2212,6.40,7.20
2007.10.31 23:01:37.372,1.22075,1.2212,6.40,7.20
2007.10.31 23:01:37.614,1.22075,1.2212,6.40,7.20
2007.10.31 23:01:37.848,1.22075,1.2212,6.40,7.20
2007.10.31 23:01:38.080,1.22075,1.2212,6.40,7.20
2007.10.31 23:01:38.257,1.22075,1.2212,6.40,7.20
2007.10.31 23:01:38.435,1.2208,1.22125,6.40,7.20
2007.10.31 23:01:38.612,1.2208,1.22125,6.40,7.20
2007.10.31 23:01:38.790,1.2208,1.22125,6.40,7.20
2007.10.31 23:01:38.967,1.2208,1.22125,6.40,7.20
2007.10.31 23:01:39.245,1.2208,1.22125,6.40,7.20
2007.10.31 23:01:39.523,1.2208,1.22125,6.40,7.20
2007.10.31 23:01:39.801,1.2208,1.22125,6.40,7.20
2007.10.31 23:01:40.079,1.22085,1.2213,6.40,7.20
2007.10.31 23:01:40.302,1.22085,1.2213,6.40,7.20
2007.10.31 23:01:40.525,1.22075,1.2212,6.40,7.20
2007.10.31 23:01:40.747,1.22075,1.2212,6.40,7.20
2007.10.31 23:01:40.970,1.22075,1.2212,6.40,7.20
2007.10.31 23:01:41.223,1.22075,1.2212,6.40,7.20
2007.10.31 23:01:41.475,1.22075,1.2212,6.40,7.20
2007.10.31 23:01:41.727,1.22075,1.2212,6.40,7.20
2007.10.31 23:01:41.980,1.22075,1.2212,6.40,7.20
2007.10.31 23:01:42.173,1.22075,1.2212,6.40,7.20
2007.10.31 23:01:42.365,1.22075,1.2212,6.40,7.20
2007.10.31 23:01:42.557,1.22075,1.2212,6.40,7.20
2007.10.31 23:01:42.750,1.22075,1.2212,6.40,7.20
2007.10.31 23:01:42.943,1.22075,1.2212,6.40,7.20
2007.10.31 23:01:43.181,1.22075,1.2212,6.40,7.20
2007.10.31 23:01:43.418,1.22075,1.2212,6.40,7.20
2007.10.31 23:01:43.750,1.22075,1.2212,6.40,7.20
2007.10.31 23:01:43.988,1.2208,1.22125,6.40,7.20
2007.10.31 23:01:44.225,1.2208,1.22125,6.40,7.20
2007.10.31 23:01:44.413,1.2208,1.22125,6.40,7.20
2007.10.31 23:01:44.600,1.2208,1.22125,6.40,7.20
2007.10.31 23:01:44.788,1.2208,1.22125,6.40,7.20
2007.10.31 23:01:44.975,1.2208,1.22125,6.40,7.20
2007.10.31 23:01:45.163,1.2208,1.22125,6.40,7.20
2007.10.31 23:01:45.460,1.2208,1.22125,6.40,7.20
2007.10.31 23:01:45.758,1.2208,1.22125,6.40,7.20
2007.10.31 23:01:46.056,1.2208,1.22125,6.40,7.20
2007.10.31 23:01:46.248,1.22075,1.2212,6.40,7.20
2007.10.31 23:01:46.441,1.22075,1.2212,6.40,7.20
2007.10.31 23:01:46.633,1.22075,1.2212,6.40,7.20
2007.10.31 23:01:46.826,1.22075,1.2212,6.40,7.20
2007.10.31 23:01:47.018,1.22075,1.2212,6.40,7.20
2007.10.31 23:01:47.211,1.22075,1.2212,6.40,7.20
2007.10.31 23:01:47.498,1.22075,1.2212,6.40,7.20
2007.10.31 23:01:47.786,1.22075,1.2212,6.40,7.20
2007.10.31 23:01:48.074,1.22075,1.2212,6.40,7.20
2007.10.31 23:01:48.232,1.22075,1.2212,6.40,7.20
2007.10.31 23:01:48.389,1.22075,1.2212,6.40,7.20
2007.10.31 23:01:48.548,1.22075,1.2212,6.40,7.20
2007.10.31 23:01:48.705,1.22075,1.2212,6.40,7.20
2007.10.31 23:01:48.862,1.22075,1.2212,6.40,7.20
2007.10.31 23:01:49.020,1.22075,1.2212,6.40,7.20
2007.10.31 23:01:49.177,1.22075,1.2212,6.40,7.20
2007.10.31 23:01:49.470,1.22075,1.2212,6.40,7.20
2007.10.31 23:01:49.881,1.22075,1.2212,6.40,7.20
2007.10.31 23:01:50.173,1.22075,1.2212,6.40,7.20
2007.10.31 23:01:50.355,1.22075,1.2212,6.40,7.20
2007.10.31 23:01:50.539,1.22075,1.2212,6.40,7.20
2007.10.31 23:01:50.721,1.22075,1.2212,6.40,7.20
2007.10.31 23:01:50.903,1.22075,1.2212,6.40,7.20
2007.10.31 23:01:51.086,1.22075,1.2212,6.40,7.20
2007.10.31 23:01:51.333,1.22075,1.2212,6.40,7.20
2007.10.31 23:01:51.581,1.2207,1.22115,6.40,7.20
2007.10.31 23:01:51.829,1.2207,1.22115,6.40,7.20
2007.10.31 23:01:52.027,1.22065,1.22115,10.40,7.20
2007.10.31 23:01:52.077,1.22065,1.22115,10.40,7.20
2007.10.31 23:01:52.319,1.2207,1.22115,1.60,7.20
2007.10.31 23:01:52.562,1.22065,1.22115,10.40,7.20
2007.10.31 23:01:52.804,1.22065,1.22115,10.40,7.20
2007.10.31 23:01:53.047,1.2207,1.22115,2.20,7.20
2007.10.31 23:01:53.290,1.2207,1.22115,1.40,7.20
2007.10.31 23:01:53.507,1.2207,1.22115,1.30,7.20
2007.10.31 23:01:53.725,1.22065,1.22115,10.40,7.20
2007.10.31 23:01:53.942,1.22065,1.22115,10.40,7.20
2007.10.31 23:01:54.160,1.22065,1.22115,10.40,7.20
2007.10.31 23:01:54.377,1.22065,1.22115,10.40,7.20
2007.10.31 23:01:54.580,1.2207,1.22115,1.60,7.20
2007.10.31 23:01:54.782,1.2207,1.22115,3.30,7.20
2007.10.31 23:01:54.985,1.2207,1.22115,2.20,7.20
2007.10.31 23:01:55.187,1.2207,1.22115,2.20,7.20
2007.10.31 23:01:55.390,1.2207,1.22115,3.40,7.20
2007.10.31 23:01:55.612,1.22065,1.22115,10.40,7.20
2007.10.31 23:01:55.834,1.2207,1.22115,3.50,7.20
2007.10.31 23:01:56.057,1.22065,1.22115,10.40,7.20
2007.10.31 23:01:56.279,1.22065,1.22115,10.40,7.20
2007.10.31 23:01:56.482,1.2207,1.22115,2.00,7.20
2007.10.31 23:01:56.684,1.22065,1.22115,10.40,7.20
2007.10.31 23:01:56.887,1.2207,1.22115,0.70,7.20
2007.10.31 23:01:57.089,1.2207,1.22115,3.40,7.20
2007.10.31 23:01:57.292,1.2207,1.22115,0.90,7.20
2007.10.31 23:01:57.549,1.22065,1.22115,10.40,7.20
2007.10.31 23:01:57.807,1.2207,1.22115,2.70,7.20
2007.10.31 23:01:58.064,1.22065,1.22115,10.40,7.20
2007.10.31 23:01:58.322,1.2207,1.22115,1.40,7.20
2007.10.31 23:01:58.499,1.2207,1.22115,1.10,7.20
2007.10.31 23:01:58.676,1.22055,1.22115,18.40,7.20
2007.10.31 23:01:58.854,1.2207,1.22115,3.40,7.20
2007.10.31 23:01:59.032,1.2207,1.22115,1.10,7.20
2007.10.31 23:01:59.209,1.2207,1.22115,1.10,7.20
2007.10.31 23:01:59.387,1.2208,1.2212,1.70,7.20
2007.10.31 23:01:59.680,1.22065,1.2212,10.40,7.20
2007.10.31 23:01:59.974,1.22065,1.22125,18.40,7.20
2007.10.31 23:02:00.267,1.22065,1.22125,18.40,7.20
2007.10.31 23:02:00.560,1.22065,1.2213,18.40,7.20
2007.10.31 23:02:00.782,1.22085,1.2213,0.70,7.20
2007.10.31 23:02:01.005,1.22065,1.2213,18.40,7.20
2007.10.31 23:02:01.227,1.22065,1.2213,18.40,7.20
2007.10.31 23:02:01.450,1.22065,1.22125,18.40,7.20
2007.10.31 23:02:01.652,1.22065,1.22125,18.40,7.20
2007.10.31 23:02:01.854,1.22065,1.22125,18.40,7.20
2007.10.31 23:02:02.155,1.22065,1.22125,18.40,7.20
2007.10.31 23:02:02.358,1.22065,1.22125,18.40,7.20
2007.10.31 23:02:02.560,1.2208,1.22125,3.30,7.20
2007.10.31 23:02:02.818,1.2208,1.22125,3.20,7.20
2007.10.31 23:02:03.075,1.22075,1.2212,0.50,7.20
2007.10.31 23:02:03.333,1.22065,1.2212,18.40,7.20
2007.10.31 23:02:03.590,1.22075,1.2212,1.80,7.20
2007.10.31 23:02:03.808,1.22065,1.2212,14.40,7.20
2007.10.31 23:02:04.026,1.22065,1.2212,14.40,7.20
2007.10.31 23:02:04.243,1.22065,1.2212,14.40,7.20
2007.10.31 23:02:04.461,1.22065,1.2212,14.40,7.20
2007.10.31 23:02:04.679,1.22075,1.2212,0.80,7.20
2007.10.31 23:02:04.887,1.22065,1.2212,14.40,7.20
2007.10.31 23:02:05.095,1.22065,1.2212,14.40,7.20
2007.10.31 23:02:05.304,1.22075,1.2212,1.00,7.20
2007.10.31 23:02:05.511,1.22075,1.2212,2.80,7.20
2007.10.31 23:02:05.749,1.22065,1.2212,14.40,7.20
2007.10.31 23:02:05.986,1.22075,1.2212,0.70,7.20
2007.10.31 23:02:06.224,1.22065,1.2212,14.40,7.20
2007.10.31 23:02:06.462,1.22075,1.2212,3.00,7.20
2007.10.31 23:02:06.699,1.22075,1.2212,1.50,7.20
2007.10.31 23:02:06.917,1.22065,1.2212,14.40,7.20
2007.10.31 23:02:07.134,1.22065,1.2212,14.40,7.20
2007.10.31 23:02:07.352,1.22065,1.2212,14.40,7.20
2007.10.31 23:02:07.569,1.22075,1.2212,3.50,7.20
2007.10.31 23:02:07.782,1.22065,1.2212,14.40,7.20
2007.10.31 23:02:07.996,1.22075,1.2212,2.40,7.20
2007.10.31 23:02:08.289,1.22065,1.2212,14.40,7.20
2007.10.31 23:02:08.502,1.22065,1.2212,14.40,7.20
2007.10.31 23:02:08.715,1.22065,1.2212,14.40,7.20
2007.10.31 23:02:08.912,1.22065,1.2212,14.40,7.20
2007.10.31 23:02:09.110,1.22075,1.2212,1.00,7.20
2007.10.31 23:02:09.307,1.22065,1.2212,14.40,7.20
2007.10.31 23:02:09.505,1.22075,1.2212,2.70,7.20
2007.10.31 23:02:09.702,1.22075,1.2212,2.40,7.20
2007.10.31 23:02:09.899,1.22075,1.2212,3.30,7.20
2007.10.31 23:02:10.162,1.22065,1.2212,14.40,7.20
2007.10.31 23:02:10.425,1.22075,1.2212,2.30,7.20
2007.10.31 23:02:10.688,1.22065,1.2212,14.40,7.20
2007.10.31 23:02:10.950,1.22065,1.2212,14.40,7.20
2007.10.31 23:02:11.109,1.22075,1.2212,2.70,7.20
2007.10.31 23:02:11.266,1.22065,1.2212,14.40,7.20
2007.10.31 23:02:11.424,1.22065,1.2212,14.40,7.20
2007.10.31 23:02:11.581,1.22065,1.2212,14.40,7.20
2007.10.31 23:02:11.738,1.22065,1.2212,14.40,7.20
2007.10.31 23:02:11.896,1.22075,1.2212,2.20,7.20
2007.10.31 23:02:12.053,1.22065,1.2212,14.40,7.20
2007.10.31 23:02:12.360,1.2207,1.22115,2.00,7.20
2007.10.31 23:02:12.667,1.22055,1.221,10.40,7.20
2007.10.31 23:02:12.974,1.22055,1.221,0.70,7.20
2007.10.31 23:02:13.282,1.22035,1.221,10.40,7.20
2007.10.31 23:02:13.519,1.22055,1.221,1.10,7.20
2007.10.31 23:02:13.756,1.22035,1.221,10.40,7.20
2007.10.31 23:02:13.994,1.22055,1.221,3.30,7.20
2007.10.31 23:02:14.231,1.22055,1.221,1.80,7.20
2007.10.31 23:02:14.478,1.22035,1.221,10.40,7.20
2007.10.31 23:02:14.724,1.22035,1.221,10.40,7.20
2007.10.31 23:02:14.973,1.22035,1.22105,18.40,7.20
2007.10.31 23:02:15.220,1.22035,1.22105,18.40,7.20
2007.10.31 23:02:15.457,1.2206,1.22105,1.80,7.20
2007.10.31 23:02:15.694,1.22035,1.22105,18.40,7.20
2007.10.31 23:02:15.931,1.22045,1.22105,10.40,7.20
2007.10.31 23:02:16.167,1.22045,1.22105,10.40,7.20
2007.10.31 23:02:16.396,1.22045,1.221,10.40,7.20
2007.10.31 23:02:16.623,1.22045,1.221,10.40,7.20
2007.10.31 23:02:16.851,1.22045,1.221,10.40,7.20
2007.10.31 23:02:17.079,1.22035,1.221,10.40,7.20
2007.10.31 23:02:17.307,1.22035,1.221,10.40,7.20
2007.10.31 23:02:17.571,1.22035,1.22105,18.40,7.20
2007.10.31 23:02:17.833,1.22045,1.22105,10.40,7.20
2007.10.31 23:02:18.095,1.22045,1.22105,10.40,7.20
2007.10.31 23:02:18.357,1.22045,1.22105,10.40,7.20
2007.10.31 23:02:18.544,1.22045,1.22105,10.40,7.20
2007.10.31 23:02:18.732,1.22045,1.22105,10.40,7.20
2007.10.31 23:02:18.919,1.22045,1.22105,10.40,7.20
2007.10.31 23:02:19.106,1.22045,1.22105,10.40,7.20
2007.10.31 23:02:19.294,1.22045,1.22105,10.40,7.20
2007.10.31 23:02:19.536,1.2206,1.22105,2.30,7.20
2007.10.31 23:02:19.779,1.22045,1.22105,10.40,7.20
2007.10.31 23:02:20.020,1.22045,1.22105,10.40,7.20
2007.10.31 23:02:20.263,1.22045,1.2211,10.40,7.20
2007.10.31 23:02:20.557,1.22065,1.2211,6.40,7.20
2007.10.31 23:02:20.755,1.22065,1.2211,6.40,7.20
2007.10.31 23:02:20.952,1.22065,1.2211,6.40,7.20
2007.10.31 23:02:21.151,1.22065,1.2211,6.40,7.20
2007.10.31 23:02:21.348,1.22065,1.2211,6.40,7.20
2007.10.31 23:02:21.600,1.22065,1.2211,6.40,7.20
2007.10.31 23:02:21.853,1.22065,1.2211,6.40,7.20
2007.10.31 23:02:22.106,1.22065,1.2211,6.40,7.20
2007.10.31 23:02:22.359,1.22065,1.2211,6.40,7.20
2007.10.31 23:02:22.587,1.22065,1.2211,6.40,7.20
2007.10.31 23:02:22.814,1.22065,1.2211,6.40,7.20
2007.10.31 23:02:23.042,1.22065,1.2211,6.40,7.20
2007.10.31 23:02:23.269,1.22065,1.2211,6.40,7.20
2007.10.31 23:02:23.498,1.22065,1.2211,6.40,7.20
2007.10.31 23:02:23.706,1.22065,1.2211,6.40,7.20
2007.10.31 23:02:23.913,1.22065,1.2211,6.40,7.20
2007.10.31 23:02:24.120,1.22065,1.2211,6.40,7.20
2007.10.31 23:02:24.327,1.22065,1.2211,6.40,7.20
2007.10.31 23:02:24.535,1.2208,1.2212,6.40,7.20
2007.10.31 23:02:24.788,1.2208,1.2212,6.40,7.20
2007.10.31 23:02:25.041,1.2208,1.2212,6.40,7.20
2007.10.31 23:02:25.294,1.2208,1.2212,6.40,7.20
2007.10.31 23:02:25.546,1.2208,1.2212,6.40,7.20
2007.10.31 23:02:25.758,1.2208,1.2212,6.40,7.20
2007.10.31 23:02:25.970,1.2208,1.2212,6.40,7.20
2007.10.31 23:02:26.182,1.2208,1.2212,6.40,7.20
2007.10.31 23:02:26.394,1.2208,1.2212,6.40,7.20
2007.10.31 23:02:26.692,1.2208,1.2212,6.40,7.20
2007.10.31 23:02:26.898,1.2208,1.2212,6.40,7.20
2007.10.31 23:02:27.107,1.22065,1.2211,6.40,7.20
2007.10.31 23:02:27.314,1.22065,1.2211,6.40,7.20
2007.10.31 23:02:27.524,1.22065,1.2211,6.40,7.20
2007.10.31 23:02:27.730,1.22065,1.2211,6.40,7.20
2007.10.31 23:02:27.972,1.22065,1.2211,6.40,7.20
2007.10.31 23:02:28.214,1.22065,1.2211,6.40,7.20
2007.10.31 23:02:28.457,1.22065,1.2211,6.40,7.20
2007.10.31 23:02:28.699,1.22065,1.2211,6.40,7.20
2007.10.31 23:02:28.940,1.22065,1.2211,6.40,7.20
2007.10.31 23:02:29.143,1.22065,1.2211,6.40,7.20
2007.10.31 23:02:29.346,1.22065,1.2211,6.40,7.20
2007.10.31 23:02:29.549,1.22065,1.2211,6.40,7.20
2007.10.31 23:02:29.751,1.22065,1.2211,6.40,7.20
2007.10.31 23:02:29.954,1.22065,1.2211,6.40,7.20
2007.10.31 23:02:30.201,1.22065,1.2211,6.40,7.20
2007.10.31 23:02:30.449,1.22065,1.2211,6.40,7.20
2007.10.31 23:02:30.697,1.2207,1.22115,6.40,7.20
2007.10.31 23:02:30.945,1.2207,1.22115,6.40,7.20
2007.10.31 23:02:31.193,1.2207,1.22115,6.40,7.20
2007.10.31 23:02:31.436,1.2207,1.22115,6.40,7.20
2007.10.31 23:02:31.678,1.2207,1.22115,6.40,7.20
2007.10.31 23:02:31.920,1.2207,1.22115,6.40,7.20
2007.10.31 23:02:32.163,1.2207,1.22115,6.40,7.20
2007.10.31 23:02:32.351,1.2207,1.22115,6.40,7.20
2007.10.31 23:02:32.539,1.2207,1.22115,6.40,7.20
2007.10.31 23:02:32.826,1.2207,1.22115,6.40,7.20
2007.10.31 23:02:33.016,1.2207,1.22115,6.40,7.20
2007.10.31 23:02:33.204,1.2207,1.22115,6.40,7.20
2007.10.31 23:02:33.418,1.2207,1.22115,6.40,7.20
2007.10.31 23:02:33.460,1.2207,1.22115,1.90,7.20
2007.10.31 23:02:33.630,1.22045,1.22115,10.40,7.20
2007.10.31 23:02:33.843,1.2207,1.22115,1.30,7.20
2007.10.31 23:02:34.056,1.2207,1.22115,2.70,7.20
2007.10.31 23:02:34.270,1.2207,1.22115,1.00,7.20
2007.10.31 23:02:34.512,1.22045,1.22115,10.40,7.20
2007.10.31 23:02:34.754,1.2207,1.22115,1.00,7.20
2007.10.31 23:02:34.997,1.22045,1.2211,10.40,7.20
2007.10.31 23:02:35.241,1.22065,1.2211,3.50,7.20
2007.10.31 23:02:35.461,1.22065,1.2211,2.40,7.20
2007.10.31 23:02:35.679,1.22045,1.2211,10.40,7.20
2007.10.31 23:02:35.898,1.22065,1.2211,2.50,7.20
2007.10.31 23:02:36.115,1.22065,1.2211,1.10,7.20
2007.10.31 23:02:36.332,1.22045,1.2211,10.40,7.20
2007.10.31 23:02:36.556,1.22065,1.2211,0.60,7.20
2007.10.31 23:02:36.777,1.22065,1.2211,3.20,7.20
2007.10.31 23:02:37.001,1.22045,1.2211,10.40,7.20
2007.10.31 23:02:37.225,1.22065,1.2211,1.50,7.20
2007.10.31 23:02:37.448,1.22045,1.2211,10.40,7.20
2007.10.31 23:02:37.649,1.22045,1.2211,10.40,7.20
2007.10.31 23:02:37.852,1.22065,1.2211,1.50,7.20
2007.10.31 23:02:38.055,1.22045,1.2211,10.40,7.20
2007.10.31 23:02:38.257,1.22045,1.2211,10.40,7.20
2007.10.31 23:02:38.460,1.22045,1.2211,10.40,7.20
2007.10.31 23:02:38.677,1.22065,1.2211,1.70,7.20
2007.10.31 23:02:38.965,1.22045,1.2211,10.40,7.20
2007.10.31 23:02:39.183,1.22065,1.2211,1.30,7.20
2007.10.31 23:02:39.401,1.22065,1.2211,0.90,7.20
2007.10.31 23:02:39.618,1.22045,1.2211,10.40,7.20
2007.10.31 23:02:39.812,1.22065,1.2211,2.80,7.20
2007.10.31 23:02:40.005,1.22065,1.2211,1.30,7.20
2007.10.31 23:02:40.197,1.22045,1.2211,10.40,7.20
2007.10.31 23:02:40.388,1.22045,1.2211,10.40,7.20
2007.10.31 23:02:40.581,1.22065,1.2211,2.00,7.20
2007.10.31 23:02:40.774,1.22045,1.22085,0.60,7.20
2007.10.31 23:02:41.061,1.22035,1.2208,10.40,7.20
2007.10.31 23:02:41.348,1.22045,1.2208,0.80,7.20
2007.10.31 23:02:41.635,1.2203,1.22075,10.40,7.20
2007.10.31 23:02:41.922,1.2203,1.22075,3.40,7.20
2007.10.31 23:02:42.139,1.22015,1.22075,10.40,7.20
2007.10.31 23:02:42.357,1.2203,1.22075,2.00,7.20
2007.10.31 23:02:42.574,1.2203,1.22075,1.70,7.20
2007.10.31 23:02:42.791,1.22015,1.22075,10.40,7.20
2007.10.31 23:02:43.010,1.22015,1.22075,10.40,7.20
2007.10.31 23:02:43.221,1.2203,1.22075,3.40,7.20
2007.10.31 23:02:43.433,1.22015,1.22075,10.40,7.20
2007.10.31 23:02:43.646,1.2203,1.22075,1.30,7.20
2007.10.31 23:02:43.859,1.2203,1.22075,3.50,7.20
2007.10.31 23:02:44.071,1.2205,1.22095,1.50,7.20
2007.10.31 23:02:44.298,1.2205,1.22095,2.90,7.20
2007.10.31 23:02:44.526,1.22035,1.22095,10.40,7.20
2007.10.31 23:02:44.753,1.22035,1.22095,10.40,7.20
2007.10.31 23:02:45.093,1.2205,1.22095,3.60,7.20
2007.10.31 23:02:45.320,1.22035,1.22095,10.40,7.20
2007.10.31 23:02:45.508,1.22035,1.22095,10.40,7.20
2007.10.31 23:02:45.695,1.22035,1.22095,10.40,7.20
2007.10.31 23:02:45.882,1.22035,1.22095,10.40,7.20
2007.10.31 23:02:46.070,1.22035,1.22095,10.40,7.20
2007.10.31 23:02:46.257,1.22035,1.22095,10.40,7.20
2007.10.31 23:02:46.509,1.2205,1.22095,2.20,7.20
2007.10.31 23:02:46.761,1.2205,1.22095,1.10,7.20
2007.10.31 23:02:47.014,1.22035,1.22095,10.40,7.20
2007.10.31 23:02:47.266,1.22035,1.22095,10.40,7.20
2007.10.31 23:02:47.458,1.22035,1.22095,10.40,7.20
2007.10.31 23:02:47.651,1.22035,1.22095,10.40,7.20
2007.10.31 23:02:47.843,1.22035,1.22095,10.40,7.20
2007.10.31 23:02:48.036,1.2205,1.22095,2.80,7.20
2007.10.31 23:02:48.229,1.22035,1.22095,10.40,7.20
2007.10.31 23:02:48.421,1.2205,1.22095,2.10,7.20
2007.10.31 23:02:48.689,1.2205,1.22095,1.30,7.20
2007.10.31 23:02:48.955,1.2205,1.22095,1.20,7.20
2007.10.31 23:02:49.223,1.22035,1.22095,10.40,7.20
2007.10.31 23:02:49.491,1.22055,1.221,1.60,7.20
2007.10.31 23:02:49.673,1.22055,1.221,1.30,7.20
2007.10.31 23:02:49.855,1.22035,1.221,14.40,7.20
2007.10.31 23:02:50.037,1.22035,1.221,14.40,7.20
2007.10.31 23:02:50.220,1.22055,1.221,3.10,7.20
2007.10.31 23:02:50.402,1.22055,1.221,2.60,7.20
2007.10.31 23:02:50.650,1.22055,1.221,2.50,7.20
2007.10.31 23:02:50.897,1.22055,1.221,1.90,7.20
2007.10.31 23:02:51.228,1.22055,1.221,2.90,7.20
2007.10.31 23:02:51.476,1.22035,1.221,14.40,7.20
2007.10.31 23:02:51.649,1.22055,1.221,2.80,7.20
2007.10.31 23:02:51.822,1.22035,1.221,14.40,7.20
2007.10.31 23:02:51.996,1.22035,1.221,14.40,7.20
2007.10.31 23:02:52.168,1.22035,1.221,14.40,7.20
2007.10.31 23:02:52.340,1.22035,1.221,14.40,7.20
2007.10.31 23:02:52.511,1.22055,1.221,1.70,7.20
2007.10.31 23:02:52.783,1.22055,1.221,1.70,7.20
2007.10.31 23:02:53.055,1.22035,1.221,14.40,7.20
2007.10.31 23:02:53.328,1.22035,1.221,14.40,7.20
2007.10.31 23:02:53.599,1.22035,1.221,14.40,7.20
2007.10.31 23:02:53.871,1.22035,1.221,14.40,7.20
2007.10.31 23:02:54.068,1.22035,1.221,14.40,7.20
2007.10.31 23:02:54.265,1.22035,1.221,14.40,7.20
2007.10.31 23:02:54.462,1.22035,1.221,14.40,7.20
2007.10.31 23:02:54.659,1.22055,1.221,3.60,7.20
2007.10.31 23:02:54.902,1.22055,1.221,1.80,7.20
2007.10.31 23:02:55.145,1.22035,1.221,14.40,7.20
2007.10.31 23:02:55.387,1.22035,1.221,14.40,7.20
2007.10.31 23:02:55.629,1.22035,1.221,14.40,7.20
2007.10.31 23:02:55.871,1.22055,1.221,2.50,7.20
2007.10.31 23:02:56.053,1.22055,1.221,1.40,7.20
2007.10.31 23:02:56.236,1.22055,1.221,3.00,7.20
2007.10.31 23:02:56.419,1.22055,1.221,2.60,7.20
2007.10.31 23:02:56.601,1.22035,1.221,14.40,7.20
2007.10.31 23:02:56.783,1.22055,1.221,1.50,7.20
2007.10.31 23:02:57.025,1.22035,1.221,14.40,7.20
2007.10.31 23:02:57.360,1.22055,1.221,3.30,7.20
2007.10.31 23:02:57.602,1.22035,1.221,14.40,7.20
2007.10.31 23:02:57.844,1.22055,1.221,3.50,7.20
2007.10.31 23:02:58.086,1.22055,1.221,1.30,7.20
2007.10.31 23:02:58.258,1.22055,1.221,2.20,7.20
2007.10.31 23:02:58.430,1.22035,1.221,14.40,7.20
2007.10.31 23:02:58.603,1.22035,1.221,14.40,7.20
2007.10.31 23:02:58.775,1.22055,1.221,1.60,7.20
2007.10.31 23:02:58.948,1.22035,1.221,14.40,7.20
2007.10.31 23:02:59.245,1.22035,1.221,14.40,7.20
2007.10.31 23:02:59.542,1.22035,1.221,14.40,7.20
2007.10.31 23:02:59.839,1.22055,1.221,1.40,7.20
2007.10.31 23:03:00.136,1.22055,1.221,2.40,7.20
2007.10.31 23:03:00.314,1.22055,1.221,0.50,7.20
2007.10.31 23:03:00.491,1.22035,1.221,14.40,7.20
2007.10.31 23:03:00.669,1.22055,1.221,2.20,7.20
2007.10.31 23:03:00.846,1.22035,1.221,14.40,7.20
2007.10.31 23:03:01.024,1.22035,1.221,14.40,7.20
2007.10.31 23:03:01.251,1.22055,1.221,1.10,7.20
2007.10.31 23:03:01.479,1.22035,1.221,14.40,7.20
2007.10.31 23:03:01.707,1.22035,1.221,14.40,7.20
2007.10.31 23:03:01.935,1.22055,1.221,2.60,7.20
2007.10.31 23:03:02.162,1.22035,1.221,14.40,7.20
2007.10.31 23:03:02.384,1.22035,1.221,14.40,7.20
2007.10.31 23:03:02.606,1.22055,1.221,6.40,7.20
2007.10.31 23:03:02.828,1.22055,1.221,6.40,7.20
2007.10.31 23:03:03.050,1.22055,1.221,6.40,7.20
2007.10.31 23:03:03.238,1.22055,1.221,6.40,7.20
2007.10.31 23:03:03.494,1.22055,1.221,6.40,7.20
2007.10.31 23:03:03.682,1.22055,1.221,6.40,7.20
2007.10.31 23:03:03.869,1.22055,1.221,6.40,7.20
2007.10.31 23:03:04.058,1.22055,1.221,6.40,7.20
2007.10.31 23:03:04.281,1.22055,1.221,6.40,7.20
2007.10.31 23:03:04.503,1.22055,1.221,6.40,7.20
2007.10.31 23:03:04.726,1.22045,1.22085,6.40,7.20
2007.10.31 23:03:04.950,1.22045,1.22085,6.40,7.20
2007.10.31 23:03:05.172,1.22035,1.2208,6.40,7.20
2007.10.31 23:03:05.400,1.22035,1.2208,6.40,7.20
2007.10.31 23:03:05.628,1.22035,1.2208,6.40,7.20
2007.10.31 23:03:05.856,1.22035,1.2208,6.40,7.20
2007.10.31 23:03:06.084,1.22045,1.22085,6.40,7.20
2007.10.31 23:03:06.311,1.22045,1.22085,6.40,7.20
2007.10.31 23:03:06.554,1.22045,1.22085,6.40,7.20
2007.10.31 23:03:06.797,1.2205,1.22095,6.40,7.20
2007.10.31 23:03:07.039,1.2205,1.22095,6.40,7.20
2007.10.31 23:03:07.282,1.2205,1.22095,6.40,7.20
2007.10.31 23:03:07.494,1.2205,1.22095,6.40,7.20
2007.10.31 23:03:07.707,1.2205,1.22095,6.40,7.20
2007.10.31 23:03:07.920,1.22045,1.2209,6.40,7.20
2007.10.31 23:03:08.133,1.22045,1.2209,6.40,7.20
2007.10.31 23:03:08.347,1.22045,1.2209,6.40,7.20
2007.10.31 23:03:08.595,1.22045,1.2209,6.40,7.20
2007.10.31 23:03:08.843,1.22045,1.2209,6.40,7.20
2007.10.31 23:03:09.089,1.22045,1.2209,6.40,7.20
2007.10.31 23:03:09.336,1.22045,1.2209,6.40,7.20
2007.10.31 23:03:09.630,1.22045,1.2209,6.40,7.20
2007.10.31 23:03:09.848,1.22045,1.2209,6.40,7.20
2007.10.31 23:03:10.067,1.2205,1.22095,6.40,7.20
2007.10.31 23:03:10.285,1.2205,1.22095,6.40,7.20
2007.10.31 23:03:10.501,1.2205,1.22095,6.40,7.20
2007.10.31 23:03:10.734,1.22045,1.2209,6.40,7.20
2007.10.31 23:03:10.966,1.22045,1.2209,6.40,7.20
2007.10.31 23:03:11.199,1.22045,1.2209,6.40,7.20
2007.10.31 23:03:11.431,1.22045,1.2209,6.40,7.20
2007.10.31 23:03:11.624,1.22045,1.2209,6.40,7.20
2007.10.31 23:03:11.817,1.22045,1.2209,6.40,7.20
2007.10.31 23:03:12.009,1.22045,1.2209,6.40,7.20
2007.10.31 23:03:12.202,1.22045,1.2209,6.40,7.20
2007.10.31 23:03:12.394,1.22045,1.2209,6.40,7.20
2007.10.31 23:03:12.587,1.22045,1.2209,6.40,7.20
2007.10.31 23:03:12.861,1.22045,1.2209,6.40,7.20
2007.10.31 23:03:13.134,1.22045,1.2209,6.40,7.20
2007.10.31 23:03:13.406,1.22045,1.2209,6.40,7.20
2007.10.31 23:03:13.678,1.22045,1.2209,6.40,7.20
2007.10.31 23:03:13.860,1.22045,1.2209,6.40,7.20
2007.10.31 23:03:14.044,1.22045,1.2209,6.40,7.20
2007.10.31 23:03:14.226,1.22045,1.2209,6.40,7.20
2007.10.31 23:03:14.407,1.22045,1.2209,6.40,7.20
2007.10.31 23:03:14.589,1.22045,1.2209,6.40,7.20
2007.10.31 23:03:14.811,1.22045,1.2209,6.40,7.20
2007.10.31 23:03:15.034,1.22045,1.2209,6.40,7.20
2007.10.31 23:03:15.257,1.22045,1.2209,6.40,7.20
2007.10.31 23:03:15.479,1.22045,1.2209,6.40,7.20
2007.10.31 23:03:15.762,1.22045,1.2209,6.40,7.20
2007.10.31 23:03:15.944,1.22045,1.2209,6.40,7.20
2007.10.31 23:03:16.127,1.22045,1.2209,6.40,7.20
2007.10.31 23:03:16.309,1.22045,1.2209,6.40,7.20
2007.10.31 23:03:16.492,1.22045,1.2209,6.40,7.20
2007.10.31 23:03:16.714,1.22045,1.2209,6.40,7.20
2007.10.31 23:03:16.936,1.22045,1.2209,6.40,7.20
2007.10.31 23:03:17.160,1.22045,1.2209,6.40,7.20
2007.10.31 23:03:17.381,1.22045,1.2209,6.40,7.20
2007.10.31 23:03:17.603,1.22045,1.2209,6.40,7.20
2007.10.31 23:03:17.810,1.22045,1.2209,6.40,7.20
2007.10.31 23:03:18.017,1.22045,1.2209,6.40,7.20
2007.10.31 23:03:18.224,1.22045,1.2209,6.40,7.20
2007.10.31 23:03:18.432,1.22045,1.2209,6.40,7.20
2007.10.31 23:03:18.639,1.22045,1.2209,6.40,7.20
2007.10.31 23:03:18.886,1.22045,1.2209,6.40,7.20
2007.10.31 23:03:19.133,1.22045,1.2209,6.40,7.20
2007.10.31 23:03:19.381,1.22045,1.2209,6.40,7.20
2007.10.31 23:03:19.629,1.22045,1.2209,6.40,7.20
2007.10.31 23:03:19.841,1.22045,1.2209,6.40,7.20
2007.10.31 23:03:20.053,1.22045,1.2209,6.40,7.20
2007.10.31 23:03:20.264,1.22045,1.2209,6.40,7.20
2007.10.31 23:03:20.478,1.2204,1.2208,6.40,7.20
2007.10.31 23:03:20.690,1.2204,1.2208,6.40,7.20
2007.10.31 23:03:20.972,1.2204,1.2208,6.40,7.20
2007.10.31 23:03:21.255,1.2204,1.2208,6.40,7.20
2007.10.31 23:03:21.537,1.2204,1.2208,6.40,7.20
2007.10.31 23:03:21.898,1.22045,1.22085,6.40,7.20
2007.10.31 23:03:22.169,1.22045,1.2209,6.40,7.20
2007.10.31 23:03:22.435,1.22045,1.2209,6.40,7.20
2007.10.31 23:03:22.703,1.22045,1.2209,6.40,7.20
2007.10.31 23:03:22.895,1.22045,1.2209,6.40,7.20
2007.10.31 23:03:23.089,1.22025,1.22045,4.00,7.20
2007.10.31 23:03:23.282,1.22025,1.22045,4.00,7.20
2007.10.31 23:03:23.475,1.22,1.22045,6.40,7.20
2007.10.31 23:03:23.669,1.22,1.22045,6.40,7.20
2007.10.31 23:03:23.862,1.22,1.22045,6.40,7.20
2007.10.31 23:03:24.184,1.22,1.22045,6.40,7.20
2007.10.31 23:03:24.507,1.22,1.22045,6.40,7.20
2007.10.31 23:03:24.829,1.22,1.22045,6.40,7.20
2007.10.31 23:03:24.991,1.2203,1.22065,6.40,4.00
2007.10.31 23:03:25.154,1.2203,1.22065,6.40,4.00
2007.10.31 23:03:25.316,1.2203,1.22065,6.40,4.00
2007.10.31 23:03:25.479,1.22015,1.22055,4.00,7.20
2007.10.31 23:03:25.641,1.22015,1.22055,4.00,7.20
2007.10.31 23:03:25.803,1.2201,1.22055,6.40,7.20
2007.10.31 23:03:25.966,1.22025,1.2207,6.40,7.20
2007.10.31 23:03:26.299,1.22025,1.2207,6.40,7.20
2007.10.31 23:03:26.631,1.22025,1.2207,6.40,7.20
2007.10.31 23:03:26.902,1.22025,1.2207,6.40,0.70
2007.10.31 23:03:26.963,1.22035,1.22095,6.40,11.20
2007.10.31 23:03:27.127,1.22035,1.22095,6.40,11.20
2007.10.31 23:03:27.289,1.2203,1.22105,6.40,11.20
2007.10.31 23:03:27.453,1.2203,1.22105,6.40,11.20
2007.10.31 23:03:27.615,1.2203,1.22075,6.40,0.70
2007.10.31 23:03:27.778,1.2203,1.22105,6.40,11.20
2007.10.31 23:03:28.030,1.2203,1.22105,6.40,11.20
2007.10.31 23:03:28.329,1.2203,1.22075,6.40,0.50
2007.10.31 23:03:28.627,1.2203,1.22075,6.40,0.50
2007.10.31 23:03:28.925,1.2203,1.22105,6.40,11.20
2007.10.31 23:03:29.221,1.2203,1.22105,6.40,11.20
2007.10.31 23:03:29.420,1.2203,1.22105,6.40,11.20
2007.10.31 23:03:29.618,1.2203,1.22075,6.40,0.90
2007.10.31 23:03:29.816,1.2204,1.22105,6.40,11.20
2007.10.31 23:03:30.014,1.2204,1.22105,6.40,11.20
2007.10.31 23:03:30.211,1.2204,1.2208,6.40,0.80
2007.10.31 23:03:30.474,1.2204,1.2208,6.40,0.70
2007.10.31 23:03:30.737,1.2204,1.22105,6.40,11.20
2007.10.31 23:03:30.999,1.2204,1.2208,6.40,0.90
2007.10.31 23:03:31.261,1.2204,1.22105,6.40,11.20
2007.10.31 23:03:31.484,1.2204,1.22105,6.40,11.20
2007.10.31 23:03:31.707,1.2204,1.2208,6.40,0.70
2007.10.31 23:03:31.930,1.2204,1.22105,6.40,11.20
2007.10.31 23:03:32.151,1.2204,1.2208,6.40,0.50
2007.10.31 23:03:32.373,1.2204,1.22105,6.40,11.20
2007.10.31 23:03:32.625,1.2204,1.22105,6.40,11.20
2007.10.31 23:03:32.878,1.2204,1.2208,6.40,0.70
2007.10.31 23:03:33.130,1.2204,1.2208,6.40,0.90
2007.10.31 23:03:33.382,1.2204,1.2208,6.40,0.70
2007.10.31 23:03:33.574,1.2204,1.2208,6.40,0.50
2007.10.31 23:03:33.766,1.2204,1.2208,6.40,0.80
2007.10.31 23:03:33.959,1.2204,1.22105,6.40,11.20
2007.10.31 23:03:34.171,1.22025,1.2207,6.40,0.70
2007.10.31 23:03:34.363,1.22025,1.22095,6.40,11.20
2007.10.31 23:03:34.556,1.22025,1.2207,6.40,0.60
2007.10.31 23:03:34.807,1.22025,1.22095,6.40,11.20
2007.10.31 23:03:35.060,1.22025,1.22095,6.40,11.20
2007.10.31 23:03:35.313,1.22025,1.2207,6.40,0.80
2007.10.31 23:03:35.566,1.22025,1.2207,6.40,0.70
2007.10.31 23:03:35.803,1.22025,1.22095,6.40,11.20
2007.10.31 23:03:36.041,1.22025,1.22095,6.40,11.20
2007.10.31 23:03:36.279,1.22025,1.22095,6.40,11.20
2007.10.31 23:03:36.515,1.22025,1.22095,6.40,11.20
2007.10.31 23:03:36.808,1.22025,1.2207,6.40,0.60
2007.10.31 23:03:37.101,1.22025,1.22095,6.40,11.20
2007.10.31 23:03:37.392,1.22025,1.2207,6.40,0.80
2007.10.31 23:03:37.684,1.22025,1.22095,6.40,11.20
2007.10.31 23:03:37.862,1.22025,1.22095,6.40,11.20
2007.10.31 23:03:38.038,1.22025,1.22095,6.40,11.20
2007.10.31 23:03:38.216,1.22025,1.22095,6.40,11.20
2007.10.31 23:03:38.392,1.22025,1.22095,6.40,11.20
2007.10.31 23:03:38.570,1.22025,1.22095,6.40,11.20
2007.10.31 23:03:38.846,1.22025,1.22095,6.40,11.20
2007.10.31 23:03:39.124,1.22025,1.22095,6.40,11.20
2007.10.31 23:03:39.401,1.22025,1.2207,6.40,0.60
2007.10.31 23:03:39.677,1.22025,1.22095,6.40,11.20
2007.10.31 23:03:39.890,1.22025,1.2207,6.40,0.60
2007.10.31 23:03:40.102,1.22025,1.22095,6.40,11.20
2007.10.31 23:03:40.329,1.22025,1.22095,6.40,11.20
2007.10.31 23:03:40.541,1.22025,1.22095,6.40,11.20
2007.10.31 23:03:40.753,1.22025,1.22095,6.40,11.20
2007.10.31 23:03:40.966,1.22025,1.22095,6.40,11.20
2007.10.31 23:03:41.178,1.22025,1.22095,6.40,11.20
2007.10.31 23:03:41.391,1.22025,1.22095,6.40,11.20
2007.10.31 23:03:41.604,1.22025,1.22095,6.40,11.20
2007.10.31 23:03:41.847,1.22025,1.22095,6.40,11.20
2007.10.31 23:03:42.090,1.22025,1.22095,6.40,11.20
2007.10.31 23:03:42.332,1.22025,1.22095,6.40,11.20
2007.10.31 23:03:42.575,1.22025,1.22065,1.60,0.50
2007.10.31 23:03:42.818,1.22035,1.22095,6.40,15.20
2007.10.31 23:03:43.070,1.22035,1.22095,6.40,15.20
2007.10.31 23:03:43.323,1.2203,1.22075,6.40,0.90
2007.10.31 23:03:43.576,1.2203,1.22075,6.40,0.70
2007.10.31 23:03:43.829,1.2204,1.22105,6.40,11.20
2007.10.31 23:03:44.067,1.2204,1.22105,6.40,11.20
2007.10.31 23:03:44.303,1.2204,1.22105,6.40,11.20
2007.10.31 23:03:44.541,1.2203,1.22075,6.40,0.50
2007.10.31 23:03:44.777,1.2203,1.22075,6.40,0.70
2007.10.31 23:03:44.990,1.2203,1.22075,6.40,0.90
2007.10.31 23:03:45.203,1.2203,1.22105,6.40,11.20
2007.10.31 23:03:45.415,1.2203,1.22105,6.40,11.20
2007.10.31 23:03:45.627,1.22025,1.22105,6.40,15.20
2007.10.31 23:03:45.839,1.2202,1.22065,6.40,0.90
2007.10.31 23:03:46.126,1.2202,1.22095,6.40,11.20
2007.10.31 23:03:46.456,1.2202,1.22095,6.40,11.20
2007.10.31 23:03:46.745,1.2202,1.22095,6.40,11.20
2007.10.31 23:03:46.912,1.2202,1.22065,6.40,0.80
2007.10.31 23:03:47.080,1.2202,1.22065,6.40,0.50
2007.10.31 23:03:47.248,1.22015,1.22095,6.40,15.20
2007.10.31 23:03:47.416,1.22015,1.2206,6.40,0.70
2007.10.31 23:03:47.583,1.22015,1.2206,6.40,0.60
2007.10.31 23:03:47.751,1.22015,1.2206,6.40,0.90
2007.10.31 23:03:47.917,1.2202,1.22085,6.40,11.20
2007.10.31 23:03:48.249,1.2202,1.22065,6.40,0.50
2007.10.31 23:03:48.582,1.2202,1.22065,6.40,0.90
2007.10.31 23:03:48.913,1.2202,1.22095,6.40,11.20
2007.10.31 23:03:49.101,1.2202,1.22095,6.40,11.20
2007.10.31 23:03:49.288,1.2202,1.22095,6.40,11.20
2007.10.31 23:03:49.476,1.2202,1.22065,6.40,0.80
2007.10.31 23:03:49.663,1.2202,1.22065,6.40,0.80
2007.10.31 23:03:49.851,1.2202,1.22095,6.40,11.20
2007.10.31 23:03:50.128,1.2202,1.22065,6.40,0.60
2007.10.31 23:03:50.405,1.2202,1.22095,6.40,15.20
2007.10.31 23:03:50.683,1.22015,1.2206,6.40,0.60
2007.10.31 23:03:50.960,1.22015,1.2206,6.40,0.90
2007.10.31 23:03:51.197,1.22015,1.22085,6.40,11.20
2007.10.31 23:03:51.434,1.22015,1.22085,6.40,11.20
2007.10.31 23:03:51.672,1.22015,1.2206,6.40,0.60
2007.10.31 23:03:51.909,1.22015,1.22085,6.40,11.20
2007.10.31 23:03:52.147,1.22015,1.2206,6.40,0.70
2007.10.31 23:03:52.346,1.22015,1.2206,6.40,0.90
2007.10.31 23:03:52.593,1.22015,1.2206,6.40,0.60
2007.10.31 23:03:52.792,1.22015,1.22085,6.40,11.20
2007.10.31 23:03:52.991,1.2201,1.22085,6.40,11.20
2007.10.31 23:03:53.222,1.2201,1.22055,6.40,0.90
2007.10.31 23:03:53.454,1.2201,1.22085,6.40,11.20
2007.10.31 23:03:53.686,1.2201,1.22085,6.40,11.20
2007.10.31 23:03:53.918,1.2201,1.22055,6.40,0.80
2007.10.31 23:03:54.151,1.2201,1.22085,6.40,11.20
2007.10.31 23:03:54.414,1.2201,1.22085,6.40,11.20
2007.10.31 23:03:54.676,1.2201,1.22085,6.40,11.20
2007.10.31 23:03:54.940,1.22005,1.22075,6.40,11.20
2007.10.31 23:03:55.203,1.22005,1.22045,6.40,7.20
2007.10.31 23:03:55.400,1.22005,1.22045,6.40,7.20
2007.10.31 23:03:55.598,1.22,1.22045,6.40,7.20
2007.10.31 23:03:55.796,1.22,1.22045,6.40,7.20
2007.10.31 23:03:55.994,1.22,1.22045,6.40,7.20
2007.10.31 23:03:56.191,1.22,1.22045,6.40,7.20
2007.10.31 23:03:56.389,1.22,1.22045,6.40,7.20
2007.10.31 23:03:56.702,1.22,1.22045,6.40,7.20
2007.10.31 23:03:57.015,1.22,1.22045,6.40,7.20
2007.10.31 23:03:57.328,1.22,1.22045,6.40,7.20
2007.10.31 23:03:57.510,1.22,1.22045,6.40,7.20
2007.10.31 23:03:57.692,1.22,1.22045,6.40,7.20
2007.10.31 23:03:57.875,1.22,1.22045,6.40,7.20
2007.10.31 23:03:58.058,1.22,1.22045,6.40,7.20
2007.10.31 23:03:58.239,1.22,1.22045,6.40,7.20
2007.10.31 23:03:58.422,1.22,1.22045,6.40,7.20
2007.10.31 23:03:58.731,1.22,1.22045,6.40,7.20
2007.10.31 23:03:58.996,1.22,1.22045,6.40,7.20
2007.10.31 23:03:59.086,1.22,1.22045,0.50,7.20
2007.10.31 23:03:59.258,1.22,1.22045,1.90,7.20
2007.10.31 23:03:59.520,1.22,1.22045,3.00,7.20
2007.10.31 23:03:59.722,1.21995,1.22045,12.00,7.20
2007.10.31 23:03:59.925,1.22005,1.22045,0.90,7.20
2007.10.31 23:04:00.128,1.21995,1.22045,12.00,7.20
2007.10.31 23:04:00.330,1.22005,1.22045,2.40,7.20
2007.10.31 23:04:00.533,1.22005,1.22045,2.00,7.20
2007.10.31 23:04:00.764,1.21995,1.22045,12.00,7.20
2007.10.31 23:04:00.996,1.22005,1.22045,1.60,7.20
2007.10.31 23:04:01.228,1.21995,1.22045,12.00,7.20
2007.10.31 23:04:01.460,1.21995,1.22045,12.00,7.20
2007.10.31 23:04:01.692,1.21995,1.22045,12.00,7.20
2007.10.31 23:04:01.909,1.21995,1.22045,12.00,7.20
2007.10.31 23:04:02.127,1.21995,1.22045,12.00,7.20
2007.10.31 23:04:02.344,1.21995,1.22045,12.00,7.20
2007.10.31 23:04:02.562,1.22005,1.22045,3.20,7.20
2007.10.31 23:04:02.759,1.21995,1.22045,12.00,7.20
2007.10.31 23:04:02.956,1.22005,1.22045,0.60,7.20
2007.10.31 23:04:03.154,1.21995,1.22045,12.00,7.20
2007.10.31 23:04:03.351,1.21995,1.22045,12.00,7.20
2007.10.31 23:04:03.549,1.22005,1.22045,1.70,7.20
2007.10.31 23:04:03.746,1.21995,1.22045,12.00,7.20
2007.10.31 23:04:04.023,1.21995,1.22045,12.00,7.20
2007.10.31 23:04:04.300,1.21995,1.22045,12.00,7.20
2007.10.31 23:04:04.577,1.21995,1.22045,10.40,7.20
2007.10.31 23:04:04.861,1.21975,1.2204,20.00,7.20
2007.10.31 23:04:05.047,1.21975,1.2204,20.00,7.20
2007.10.31 23:04:05.225,1.21975,1.2204,20.00,7.20
2007.10.31 23:04:05.408,1.21995,1.2204,1.60,7.20
2007.10.31 23:04:05.590,1.21995,1.2204,2.10,7.20
2007.10.31 23:04:05.839,1.21995,1.2204,2.20,7.20
2007.10.31 23:04:06.087,1.21995,1.2204,1.20,7.20
2007.10.31 23:04:06.335,1.21975,1.22035,20.00,7.20
2007.10.31 23:04:06.582,1.2199,1.22035,2.00,7.20
2007.10.31 23:04:06.830,1.21975,1.22035,20.00,7.20
2007.10.31 23:04:07.102,1.21975,1.22035,20.00,7.20
2007.10.31 23:04:07.375,1.21975,1.22035,20.00,7.20
2007.10.31 23:04:07.648,1.2199,1.22035,2.80,7.20
2007.10.31 23:04:07.836,1.21985,1.2203,1.40,7.20
2007.10.31 23:04:08.023,1.21975,1.2203,12.00,7.20
2007.10.31 23:04:08.211,1.21985,1.2203,2.70,7.20
2007.10.31 23:04:08.398,1.21975,1.2203,12.00,7.20
2007.10.31 23:04:08.586,1.21985,1.2203,3.40,7.20
2007.10.31 23:04:08.773,1.21975,1.2203,12.00,7.20
2007.10.31 23:04:09.081,1.21975,1.2203,12.00,7.20
2007.10.31 23:04:09.389,1.21985,1.2203,2.50,7.20
2007.10.31 23:04:09.697,1.21975,1.2203,12.00,7.20
2007.10.31 23:04:10.005,1.21985,1.2204,12.00,7.20
2007.10.31 23:04:10.192,1.21995,1.2204,3.40,7.20
2007.10.31 23:04:10.379,1.21985,1.2204,12.00,7.20
2007.10.31 23:04:10.566,1.21985,1.2204,12.00,7.20
2007.10.31 23:04:10.754,1.21985,1.2204,12.00,7.20
2007.10.31 23:04:11.062,1.21995,1.2204,1.90,7.20
2007.10.31 23:04:11.370,1.21985,1.2204,12.00,7.20
2007.10.31 23:04:11.678,1.21985,1.2204,12.00,7.20
2007.10.31 23:04:11.986,1.21985,1.2204,12.00,7.20
2007.10.31 23:04:12.158,1.21995,1.2204,3.30,7.20
2007.10.31 23:04:12.330,1.21995,1.2204,3.40,7.20
2007.10.31 23:04:12.502,1.21995,1.2204,2.80,7.20
2007.10.31 23:04:12.674,1.21985,1.2204,12.00,7.20
2007.10.31 23:04:12.847,1.21995,1.2204,2.90,7.20
2007.10.31 23:04:13.120,1.21995,1.2204,3.20,7.20
2007.10.31 23:04:13.392,1.21985,1.2204,12.00,7.20
2007.10.31 23:04:13.665,1.21995,1.2204,2.60,7.20
2007.10.31 23:04:13.937,1.21985,1.2204,12.00,7.20
2007.10.31 23:04:14.120,1.21985,1.2204,12.00,7.20
2007.10.31 23:04:14.302,1.21985,1.2204,12.00,7.20
2007.10.31 23:04:14.485,1.21995,1.2204,0.90,7.20
2007.10.31 23:04:14.667,1.21985,1.2204,12.00,7.20
2007.10.31 23:04:14.850,1.21995,1.2204,0.60,7.20
2007.10.31 23:04:15.032,1.21985,1.2204,12.00,7.20
2007.10.31 23:04:15.329,1.21985,1.2204,12.00,7.20
2007.10.31 23:04:15.627,1.21995,1.2204,3.10,7.20
2007.10.31 23:04:15.925,1.21985,1.2204,12.00,7.20
2007.10.31 23:04:16.087,1.21995,1.2204,2.40,7.20
2007.10.31 23:04:16.249,1.21985,1.2204,12.00,7.20
2007.10.31 23:04:16.412,1.21995,1.2204,3.60,7.20
2007.10.31 23:04:16.574,1.21995,1.2204,0.60,7.20
2007.10.31 23:04:16.737,1.21985,1.2204,12.00,7.20
2007.10.31 23:04:16.900,1.21995,1.2204,2.50,7.20
2007.10.31 23:04:17.207,1.21985,1.2204,12.00,7.20
2007.10.31 23:04:17.514,1.21995,1.2204,0.50,7.20
2007.10.31 23:04:17.821,1.21995,1.2204,1.50,7.20
2007.10.31 23:04:18.129,1.21985,1.2204,12.00,7.20
2007.10.31 23:04:18.326,1.21985,1.2204,12.00,7.20
2007.10.31 23:04:18.525,1.21985,1.2204,12.00,7.20
2007.10.31 23:04:18.723,1.21995,1.2204,1.90,7.20
2007.10.31 23:04:18.920,1.21995,1.2204,0.70,7.20
2007.10.31 23:04:19.152,1.21995,1.2204,3.60,7.20
2007.10.31 23:04:19.384,1.21995,1.2204,1.00,7.20
2007.10.31 23:04:19.616,1.21985,1.2204,12.00,7.20
2007.10.31 23:04:19.849,1.21985,1.2203,3.80,7.20
2007.10.31 23:04:20.081,1.21975,1.2203,16.00,7.20
2007.10.31 23:04:20.340,1.21975,1.2201,1.20,7.20
2007.10.31 23:04:20.597,1.21965,1.2201,12.00,7.20
2007.10.31 23:04:20.855,1.21955,1.2201,20.00,7.20
2007.10.31 23:04:21.113,1.21955,1.2201,16.00,7.20
2007.10.31 23:04:21.360,1.21955,1.2201,16.00,7.20
2007.10.31 23:04:21.608,1.21955,1.2201,16.00,7.20
2007.10.31 23:04:21.855,1.21955,1.2201,16.00,7.20
2007.10.31 23:04:22.103,1.21955,1.2201,16.00,7.20
2007.10.31 23:04:22.356,1.21955,1.2201,16.00,7.20
2007.10.31 23:04:22.608,1.21955,1.2201,16.00,7.20
2007.10.31 23:04:22.859,1.21955,1.2201,16.00,7.20
2007.10.31 23:04:23.112,1.21965,1.2201,3.60,7.20
2007.10.31 23:04:23.320,1.21955,1.2201,16.00,7.20
2007.10.31 23:04:23.527,1.21955,1.2201,16.00,7.20
2007.10.31 23:04:23.735,1.21965,1.2203,8.00,7.20
2007.10.31 23:04:23.942,1.21965,1.2203,12.00,7.20
2007.10.31 23:04:24.150,1.21945,1.2201,27.40,7.20
2007.10.31 23:04:24.358,1.21955,1.2201,16.00,7.20
2007.10.31 23:04:24.565,1.21955,1.2201,16.00,7.20
2007.10.31 23:04:24.772,1.21955,1.2201,12.00,7.20
2007.10.31 23:04:24.979,1.21965,1.2201,3.20,7.20
2007.10.31 23:04:25.232,1.21955,1.2201,12.00,7.20
2007.10.31 23:04:25.485,1.21965,1.2201,3.00,7.20
2007.10.31 23:04:25.737,1.21965,1.2201,2.90,7.20
2007.10.31 23:04:25.990,1.21965,1.2201,4.30,7.20
2007.10.31 23:04:26.242,1.21955,1.2201,12.00,7.20
2007.10.31 23:04:26.469,1.21965,1.2201,2.20,7.20
2007.10.31 23:04:26.697,1.21965,1.2201,1.50,7.20
2007.10.31 23:04:26.925,1.21965,1.22015,12.00,7.20
2007.10.31 23:04:27.152,1.21965,1.2202,12.00,7.20
2007.10.31 23:04:27.435,1.21965,1.2202,12.00,7.20
2007.10.31 23:04:27.717,1.21965,1.22025,14.40,7.20
2007.10.31 23:04:28.000,1.21995,1.22035,1.90,7.20
2007.10.31 23:04:28.282,1.22,1.22045,6.40,7.20
2007.10.31 23:04:28.550,1.21995,1.2204,6.40,7.20
2007.10.31 23:04:28.818,1.21995,1.2204,6.40,7.20
2007.10.31 23:04:29.087,1.2199,1.22035,6.40,7.20
2007.10.31 23:04:29.399,1.2199,1.22035,6.40,7.20
2007.10.31 23:04:29.642,1.2199,1.22035,6.40,7.20
2007.10.31 23:04:29.886,1.2199,1.22035,6.40,7.20
2007.10.31 23:04:30.128,1.2199,1.22035,6.40,7.20
2007.10.31 23:04:30.351,1.2199,1.22035,6.40,7.20
2007.10.31 23:04:30.574,1.2199,1.22035,6.40,7.20
2007.10.31 23:04:30.797,1.2199,1.22035,6.40,7.20
2007.10.31 23:04:31.019,1.2199,1.22035,6.40,7.20
2007.10.31 23:04:31.242,1.2199,1.22035,6.40,7.20
2007.10.31 23:04:31.515,1.21985,1.2203,6.40,7.20
2007.10.31 23:04:31.788,1.21985,1.2203,6.40,7.20
2007.10.31 23:04:32.060,1.21985,1.2203,6.40,7.20
2007.10.31 23:04:32.333,1.21985,1.2203,6.40,7.20
2007.10.31 23:04:32.536,1.21985,1.2203,6.40,7.20
2007.10.31 23:04:32.738,1.21985,1.2203,6.40,7.20
2007.10.31 23:04:32.940,1.21975,1.2202,6.40,7.20
2007.10.31 23:04:33.143,1.21975,1.2202,6.40,7.20
2007.10.31 23:04:33.346,1.21975,1.2202,6.40,7.20
2007.10.31 23:04:33.584,1.21975,1.2202,6.40,7.20
2007.10.31 23:04:33.822,1.21975,1.2202,6.40,7.20
2007.10.31 23:04:34.059,1.21975,1.2202,6.40,7.20
2007.10.31 23:04:34.297,1.21975,1.2202,6.40,7.20
2007.10.31 23:04:34.529,1.21975,1.2202,6.40,7.20
2007.10.31 23:04:34.760,1.21975,1.2202,6.40,7.20
2007.10.31 23:04:34.993,1.21975,1.2202,6.40,7.20
2007.10.31 23:04:35.226,1.21975,1.2202,6.40,7.20
2007.10.31 23:04:35.534,1.21975,1.2202,6.40,7.20
2007.10.31 23:04:35.731,1.21975,1.2202,6.40,7.20
2007.10.31 23:04:35.929,1.21975,1.2202,6.40,7.20
2007.10.31 23:04:36.127,1.21975,1.2202,6.40,7.20
2007.10.31 23:04:36.324,1.21975,1.2202,6.40,7.20
2007.10.31 23:04:36.533,1.21975,1.2202,6.40,7.20
2007.10.31 23:04:36.741,1.21975,1.2202,6.40,7.20
2007.10.31 23:04:36.948,1.21975,1.2202,6.40,7.20
2007.10.31 23:04:37.156,1.21975,1.2202,6.40,7.20
2007.10.31 23:04:37.365,1.21975,1.2202,12.00,7.20
2007.10.31 23:04:37.604,1.21985,1.22025,6.40,7.20
2007.10.31 23:04:37.841,1.21985,1.22025,6.40,7.20
2007.10.31 23:04:38.078,1.21985,1.22025,6.40,7.20
2007.10.31 23:04:38.315,1.21985,1.22025,6.40,7.20
2007.10.31 23:04:38.552,1.21985,1.22025,6.40,7.20
2007.10.31 23:04:38.775,1.21985,1.22025,6.40,7.20
2007.10.31 23:04:38.997,1.21985,1.22025,6.40,7.20
2007.10.31 23:04:39.166,1.21985,1.22025,6.40,0.90
2007.10.31 23:04:39.219,1.21985,1.22055,6.40,15.20
2007.10.31 23:04:39.442,1.21985,1.22055,6.40,15.20
2007.10.31 23:04:39.664,1.21985,1.22025,6.40,0.50
2007.10.31 23:04:39.871,1.21985,1.22055,6.40,15.20
2007.10.31 23:04:40.079,1.21985,1.22025,6.40,0.70
2007.10.31 23:04:40.287,1.21965,1.22005,10.40,0.80
2007.10.31 23:04:40.494,1.21965,1.22005,6.40,0.70
2007.10.31 23:04:40.703,1.21985,1.22005,1.60,0.90
2007.10.31 23:04:40.940,1.2199,1.22065,6.40,20.80
2007.10.31 23:04:41.178,1.2199,1.22035,6.40,0.80
2007.10.31 23:04:41.416,1.2199,1.22035,6.40,0.60
2007.10.31 23:04:41.667,1.2199,1.22065,6.40,16.80
2007.10.31 23:04:41.907,1.2199,1.22035,6.40,0.80
2007.10.31 23:04:42.129,1.2199,1.22065,6.40,16.80
2007.10.31 23:04:42.352,1.2199,1.22065,6.40,16.80
2007.10.31 23:04:42.576,1.2199,1.22035,6.40,0.80
2007.10.31 23:04:42.799,1.2199,1.22065,6.40,16.80
2007.10.31 23:04:43.022,1.2199,1.22065,6.40,16.80
2007.10.31 23:04:43.244,1.2199,1.22065,6.40,20.80
2007.10.31 23:04:43.466,1.2199,1.22035,6.40,0.80
2007.10.31 23:04:43.689,1.2199,1.22065,6.40,20.80
2007.10.31 23:04:43.912,1.2199,1.22035,6.40,0.70
2007.10.31 23:04:44.136,1.2199,1.22035,6.40,0.80
2007.10.31 23:04:44.378,1.21975,1.22055,10.40,11.20
2007.10.31 23:04:44.621,1.21975,1.22045,6.40,11.20
2007.10.31 23:04:44.863,1.2197,1.22045,6.40,15.20
2007.10.31 23:04:45.106,1.2197,1.22045,6.40,15.20
2007.10.31 23:04:45.308,1.2197,1.22045,6.40,15.20
2007.10.31 23:04:45.510,1.2197,1.22045,6.40,15.20
2007.10.31 23:04:45.713,1.2197,1.22045,6.40,15.20
2007.10.31 23:04:45.915,1.2197,1.22045,6.40,15.20
2007.10.31 23:04:46.117,1.2197,1.22045,6.40,15.20
2007.10.31 23:04:46.360,1.21975,1.22045,6.40,11.20
2007.10.31 23:04:46.602,1.21975,1.22045,6.40,11.20
2007.10.31 23:04:46.846,1.21995,1.22045,6.40,11.20
2007.10.31 23:04:47.089,1.21995,1.22065,6.40,11.20
2007.10.31 23:04:47.332,1.21995,1.2204,6.40,0.50
2007.10.31 23:04:47.595,1.2199,1.22035,6.40,0.90
2007.10.31 23:04:47.858,1.2199,1.22065,6.40,11.20
2007.10.31 23:04:48.121,1.2199,1.22065,6.40,11.20
2007.10.31 23:04:48.384,1.2199,1.22065,6.40,11.20
2007.10.31 23:04:48.611,1.2199,1.22065,6.40,11.20
2007.10.31 23:04:48.839,1.2199,1.22035,6.40,0.80
2007.10.31 23:04:49.066,1.2199,1.22065,6.40,11.20
2007.10.31 23:04:49.293,1.2199,1.22065,6.40,11.20
2007.10.31 23:04:49.495,1.2199,1.22065,6.40,11.20
2007.10.31 23:04:49.698,1.2199,1.22065,6.40,11.20
2007.10.31 23:04:49.900,1.2199,1.22035,6.40,0.70
2007.10.31 23:04:50.103,1.2199,1.22035,6.40,0.90
2007.10.31 23:04:50.306,1.2199,1.22065,6.40,11.20
2007.10.31 23:04:50.523,1.2199,1.22065,6.40,11.20
2007.10.31 23:04:50.741,1.2199,1.22035,6.40,0.60
2007.10.31 23:04:50.959,1.2199,1.22035,6.40,0.70
2007.10.31 23:04:51.176,1.2199,1.22065,6.40,11.20
2007.10.31 23:04:51.394,1.2199,1.22065,6.40,11.20
2007.10.31 23:04:51.621,1.2199,1.22035,6.40,0.60
2007.10.31 23:04:51.848,1.2199,1.22035,6.40,0.90
2007.10.31 23:04:52.076,1.2199,1.22065,6.40,11.20
2007.10.31 23:04:52.303,1.2199,1.22035,6.40,0.80
2007.10.31 23:04:52.531,1.2199,1.22035,6.40,0.80
2007.10.31 23:04:52.733,1.2199,1.22065,6.40,11.20
2007.10.31 23:04:52.936,1.21995,1.22065,1.60,11.20
2007.10.31 23:04:53.139,1.21995,1.2204,8.00,0.80
2007.10.31 23:04:53.341,1.21995,1.22065,8.00,11.20
2007.10.31 23:04:53.543,1.21995,1.2204,8.00,0.70
2007.10.31 23:04:53.805,1.21995,1.2204,8.00,0.50
2007.10.31 23:04:54.068,1.21995,1.2204,8.00,0.70
2007.10.31 23:04:54.331,1.22,1.22045,6.40,0.60
2007.10.31 23:04:54.593,1.22,1.22065,6.40,11.20
2007.10.31 23:04:54.795,1.2201,1.22065,6.40,11.20
2007.10.31 23:04:54.998,1.2201,1.22065,6.40,11.20
2007.10.31 23:04:55.201,1.2201,1.2205,6.40,0.50
2007.10.31 23:04:55.403,1.2201,1.2205,6.40,0.80
2007.10.31 23:04:55.605,1.2201,1.22075,6.40,11.20
2007.10.31 23:04:55.872,1.2201,1.22075,6.40,11.20
2007.10.31 23:04:56.139,1.2201,1.22075,6.40,11.20
2007.10.31 23:04:56.406,1.2201,1.22075,6.40,11.20
2007.10.31 23:04:56.673,1.2201,1.2205,6.40,0.70
2007.10.31 23:04:56.875,1.2201,1.22075,6.40,11.20
2007.10.31 23:04:57.079,1.2201,1.2205,6.40,0.50
2007.10.31 23:04:57.281,1.2201,1.22075,6.40,11.20
2007.10.31 23:04:57.484,1.2201,1.22075,6.40,11.20
2007.10.31 23:04:57.687,1.2201,1.22075,6.40,11.20
2007.10.31 23:04:57.899,1.2201,1.2205,6.40,0.90
2007.10.31 23:04:58.113,1.2201,1.2205,6.40,0.70
2007.10.31 23:04:58.325,1.22015,1.22075,6.40,11.20
2007.10.31 23:04:58.538,1.22015,1.22075,6.40,11.20
2007.10.31 23:04:58.752,1.22015,1.22075,6.40,11.20
2007.10.31 23:04:58.984,1.2201,1.22075,6.40,15.20
2007.10.31 23:04:59.218,1.2201,1.22075,6.40,15.20
2007.10.31 23:04:59.451,1.2201,1.22075,6.40,15.20
2007.10.31 23:04:59.683,1.2201,1.22075,6.40,15.20
2007.10.31 23:04:59.906,1.2201,1.22075,6.40,15.20
2007.10.31 23:05:00.129,1.2201,1.22075,6.40,15.20
2007.10.31 23:05:00.352,1.2201,1.22075,6.40,15.20
2007.10.31 23:05:00.575,1.2201,1.22075,6.40,15.20
2007.10.31 23:05:00.797,1.2201,1.22075,6.40,15.20
2007.10.31 23:05:01.014,1.2201,1.22075,6.40,15.20
2007.10.31 23:05:01.232,1.2201,1.2205,6.40,0.70
2007.10.31 23:05:01.450,1.2201,1.22075,6.40,11.20
2007.10.31 23:05:01.668,1.22015,1.22075,6.40,11.20
2007.10.31 23:05:01.886,1.22015,1.2206,6.40,0.80
2007.10.31 23:05:02.159,1.22015,1.22075,6.40,11.20
2007.10.31 23:05:02.431,1.2202,1.22075,6.40,11.20
2007.10.31 23:05:02.704,1.2202,1.22085,6.40,11.20
2007.10.31 23:05:02.927,1.2202,1.22085,6.40,11.20
2007.10.31 23:05:03.150,1.2202,1.22065,6.40,0.90
2007.10.31 23:05:03.372,1.2202,1.22065,6.40,0.90
2007.10.31 23:05:03.595,1.2202,1.22085,6.40,11.20
2007.10.31 23:05:03.817,1.2202,1.22065,6.40,0.90
2007.10.31 23:05:04.085,1.2202,1.22065,6.40,0.70
2007.10.31 23:05:04.355,1.2202,1.22065,6.40,0.60
2007.10.31 23:05:04.621,1.2202,1.22085,6.40,11.20
2007.10.31 23:05:04.889,1.2202,1.22065,6.40,0.80
2007.10.31 23:05:05.097,1.2202,1.22065,6.40,0.70
2007.10.31 23:05:05.305,1.2202,1.22065,6.40,0.80
2007.10.31 23:05:05.512,1.2202,1.22085,6.40,11.20
2007.10.31 23:05:05.720,1.2202,1.22065,6.40,0.50
2007.10.31 23:05:05.928,1.2202,1.22065,6.40,0.80
2007.10.31 23:05:06.207,1.2202,1.22085,6.40,11.20
2007.10.31 23:05:06.461,1.2202,1.22065,6.40,0.70
2007.10.31 23:05:06.713,1.2201,1.22075,6.40,15.20
2007.10.31 23:05:06.968,1.2201,1.2205,6.40,0.60
2007.10.31 23:05:07.191,1.2201,1.2205,6.40,0.80
2007.10.31 23:05:07.413,1.2201,1.22075,6.40,15.20
2007.10.31 23:05:07.635,1.2201,1.2205,6.40,0.90
2007.10.31 23:05:07.858,1.2201,1.2205,6.40,0.70
2007.10.31 23:05:08.080,1.2201,1.22075,6.40,15.20
2007.10.31 23:05:08.339,1.2201,1.2205,6.40,7.20
2007.10.31 23:05:08.596,1.2201,1.2205,6.40,7.20
2007.10.31 23:05:08.854,1.2201,1.2205,6.40,7.20
2007.10.31 23:05:09.112,1.2201,1.2205,6.40,7.20
2007.10.31 23:05:09.289,1.2201,1.2205,6.40,7.20
2007.10.31 23:05:09.467,1.2201,1.2205,6.40,7.20
2007.10.31 23:05:09.644,1.2201,1.2205,6.40,7.20
2007.10.31 23:05:09.821,1.2201,1.2205,6.40,7.20
2007.10.31 23:05:09.999,1.2201,1.2205,6.40,7.20
2007.10.31 23:05:10.176,1.2201,1.2205,6.40,7.20
2007.10.31 23:05:10.458,1.2201,1.2205,6.40,7.20
2007.10.31 23:05:10.740,1.2201,1.2205,6.40,7.20
2007.10.31 23:05:11.022,1.2201,1.2205,6.40,7.20
2007.10.31 23:05:11.304,1.2201,1.2205,6.40,7.20
2007.10.31 23:05:11.496,1.2201,1.2205,6.40,7.20
2007.10.31 23:05:11.689,1.2201,1.2205,6.40,7.20
2007.10.31 23:05:11.881,1.2201,1.2205,6.40,7.20
2007.10.31 23:05:12.074,1.2201,1.2205,6.40,7.20
2007.10.31 23:05:12.338,1.2201,1.2205,6.40,7.20
2007.10.31 23:05:12.564,1.2201,1.2205,6.40,7.20
2007.10.31 23:05:12.792,1.2201,1.2205,6.40,7.20
2007.10.31 23:05:13.020,1.2201,1.2205,6.40,7.20
2007.10.31 23:05:13.247,1.2201,1.2205,6.40,7.20
2007.10.31 23:05:13.474,1.2201,1.2205,6.40,7.20
2007.10.31 23:05:13.651,1.2201,1.2205,6.40,7.20
2007.10.31 23:05:13.829,1.2203,1.2207,6.40,7.20
2007.10.31 23:05:14.007,1.2203,1.2207,6.40,7.20
2007.10.31 23:05:14.185,1.2203,1.2207,6.40,7.20
2007.10.31 23:05:14.362,1.2201,1.2204,0.60,7.20
2007.10.31 23:05:14.661,1.21995,1.2204,6.40,7.20
2007.10.31 23:05:14.958,1.2199,1.22035,6.40,7.20
2007.10.31 23:05:15.255,1.2202,1.22055,6.40,8.00
2007.10.31 23:05:15.552,1.2202,1.22055,6.40,4.00
2007.10.31 23:05:15.785,1.2201,1.2205,6.40,7.20
2007.10.31 23:05:16.018,1.2201,1.2205,6.40,7.20
2007.10.31 23:05:16.250,1.2201,1.2205,6.40,7.20
2007.10.31 23:05:16.484,1.22015,1.2206,6.40,7.20
2007.10.31 23:05:16.676,1.22015,1.2206,6.40,7.20
2007.10.31 23:05:16.869,1.2202,1.22065,6.40,7.20
2007.10.31 23:05:17.062,1.2202,1.22065,6.40,7.20
2007.10.31 23:05:17.254,1.2202,1.22065,6.40,7.20
2007.10.31 23:05:17.447,1.2202,1.22065,6.40,7.20
2007.10.31 23:05:17.699,1.2202,1.22065,6.40,7.20
2007.10.31 23:05:17.952,1.2202,1.22065,6.40,7.20
2007.10.31 23:05:18.204,1.2202,1.22065,6.40,7.20
2007.10.31 23:05:18.477,1.2202,1.22065,6.40,7.20
2007.10.31 23:05:18.680,1.2202,1.22065,6.40,7.20
2007.10.31 23:05:18.883,1.2202,1.22065,6.40,7.20
2007.10.31 23:05:19.086,1.2202,1.22065,6.40,7.20
2007.10.31 23:05:19.289,1.2202,1.22065,6.40,7.20
2007.10.31 23:05:19.491,1.2202,1.22065,6.40,7.20
2007.10.31 23:05:19.740,1.2202,1.22065,6.40,7.20
2007.10.31 23:05:19.987,1.2202,1.22065,6.40,7.20
2007.10.31 23:05:20.235,1.2202,1.22065,6.40,7.20
2007.10.31 23:05:20.482,1.2202,1.22065,6.40,7.20
2007.10.31 23:05:20.729,1.2202,1.22065,6.40,7.20
2007.10.31 23:05:20.972,1.2202,1.22065,6.40,7.20
2007.10.31 23:05:21.217,1.2202,1.22065,6.40,7.20
2007.10.31 23:05:21.460,1.2202,1.22065,6.40,7.20
2007.10.31 23:05:21.702,1.2202,1.22065,6.40,7.20
2007.10.31 23:05:21.880,1.2202,1.22065,6.40,7.20
2007.10.31 23:05:22.057,1.2202,1.22065,6.40,7.20
2007.10.31 23:05:22.234,1.2202,1.22065,6.40,7.20
2007.10.31 23:05:22.411,1.2202,1.22065,6.40,7.20
2007.10.31 23:05:22.589,1.2202,1.22065,6.40,7.20
2007.10.31 23:05:22.766,1.2202,1.22065,6.40,7.20
2007.10.31 23:05:23.019,1.2202,1.22065,6.40,7.20
2007.10.31 23:05:23.271,1.2202,1.22065,6.40,7.20
2007.10.31 23:05:23.524,1.2202,1.22065,6.40,7.20
2007.10.31 23:05:23.776,1.2202,1.22065,6.40,7.20
2007.10.31 23:05:23.959,1.2202,1.22065,6.40,7.20
2007.10.31 23:05:24.141,1.2202,1.22065,6.40,7.20
2007.10.31 23:05:24.323,1.2202,1.22065,6.40,7.20
2007.10.31 23:05:24.607,1.2202,1.22065,6.40,7.20
2007.10.31 23:05:24.789,1.2202,1.22065,6.40,7.20
2007.10.31 23:05:25.014,1.2202,1.22065,6.40,7.20
2007.10.31 23:05:25.239,1.2202,1.22065,6.40,7.20
2007.10.31 23:05:25.461,1.2202,1.22065,6.40,7.20
2007.10.31 23:05:25.685,1.2202,1.22065,6.40,7.20
2007.10.31 23:05:25.907,1.2202,1.22065,6.40,7.20
2007.10.31 23:05:26.145,1.2202,1.22065,6.40,7.20
2007.10.31 23:05:26.382,1.2202,1.22065,6.40,7.20
2007.10.31 23:05:26.620,1.2202,1.22065,6.40,7.20
2007.10.31 23:05:26.857,1.2202,1.22065,6.40,7.20
2007.10.31 23:05:27.099,1.2202,1.22065,6.40,7.20
2007.10.31 23:05:27.343,1.22015,1.2206,6.40,7.20
2007.10.31 23:05:27.585,1.22015,1.2206,6.40,7.20
2007.10.31 23:05:27.828,1.22015,1.2206,6.40,7.20
2007.10.31 23:05:28.071,1.22015,1.2206,6.40,7.20
2007.10.31 23:05:28.333,1.22015,1.2206,6.40,7.20
2007.10.31 23:05:28.596,1.22015,1.2206,6.40,7.20
2007.10.31 23:05:28.858,1.22015,1.2206,6.40,7.20
2007.10.31 23:05:29.036,1.22015,1.2206,6.40,7.20
2007.10.31 23:05:29.214,1.22015,1.2206,6.40,7.20
2007.10.31 23:05:29.391,1.22015,1.2206,6.40,7.20
2007.10.31 23:05:29.569,1.22015,1.2206,6.40,7.20
2007.10.31 23:05:29.746,1.22015,1.2206,6.40,7.20
2007.10.31 23:05:29.924,1.22015,1.2206,6.40,7.20
2007.10.31 23:05:30.207,1.22015,1.2206,6.40,7.20
2007.10.31 23:05:30.489,1.22015,1.2206,6.40,7.20
2007.10.31 23:05:30.772,1.22015,1.2206,6.40,7.20
2007.10.31 23:05:31.054,1.22015,1.2206,6.40,7.20
2007.10.31 23:05:31.217,1.22015,1.2206,6.40,7.20
2007.10.31 23:05:31.379,1.22015,1.2206,6.40,7.20
2007.10.31 23:05:31.541,1.22015,1.2206,6.40,7.20
2007.10.31 23:05:31.704,1.22015,1.2206,6.40,7.20
2007.10.31 23:05:31.866,1.22015,1.2206,6.40,7.20
2007.10.31 23:05:32.029,1.22015,1.2206,6.40,7.20
2007.10.31 23:05:32.191,1.22015,1.2206,6.40,7.20
2007.10.31 23:05:32.478,1.22015,1.2206,6.40,7.20
2007.10.31 23:05:32.766,1.22015,1.2206,6.40,7.20
2007.10.31 23:05:33.054,1.22015,1.2206,6.40,7.20
2007.10.31 23:05:33.340,1.22015,1.2206,6.40,7.20
2007.10.31 23:05:33.513,1.22015,1.2206,6.40,7.20
2007.10.31 23:05:33.687,1.22015,1.2206,6.40,7.20
2007.10.31 23:05:33.859,1.22015,1.2206,6.40,7.20
2007.10.31 23:05:34.032,1.22015,1.2206,6.40,7.20
2007.10.31 23:05:34.204,1.22015,1.2206,6.40,7.20
2007.10.31 23:05:34.446,1.22015,1.2206,6.40,7.20
2007.10.31 23:05:34.688,1.22015,1.2206,6.40,7.20
2007.10.31 23:05:34.931,1.22015,1.2206,6.40,7.20
2007.10.31 23:05:35.173,1.22015,1.2206,6.40,7.20
2007.10.31 23:05:35.394,1.22015,1.2206,6.40,7.20
2007.10.31 23:05:35.617,1.22015,1.2206,6.40,7.20
2007.10.31 23:05:35.839,1.22015,1.2206,6.40,7.20
2007.10.31 23:05:36.062,1.22015,1.2206,6.40,7.20
2007.10.31 23:05:36.284,1.22015,1.2206,6.40,7.20
2007.10.31 23:05:36.507,1.22015,1.2206,6.40,7.20
2007.10.31 23:05:36.729,1.22015,1.2206,6.40,7.20
2007.10.31 23:05:36.952,1.22015,1.2206,6.40,7.20
2007.10.31 23:05:37.173,1.22015,1.2206,6.40,7.20
2007.10.31 23:05:37.371,1.22015,1.2206,6.40,7.20
2007.10.31 23:05:37.569,1.22015,1.2206,6.40,7.20
2007.10.31 23:05:37.765,1.22015,1.2206,6.40,7.20
2007.10.31 23:05:37.963,1.22015,1.2206,6.40,7.20
2007.10.31 23:05:38.161,1.22015,1.2206,6.40,7.20
2007.10.31 23:05:38.393,1.22015,1.2206,6.40,7.20
2007.10.31 23:05:38.626,1.22015,1.2206,6.40,7.20
2007.10.31 23:05:38.857,1.22015,1.2206,6.40,7.20
2007.10.31 23:05:39.090,1.22015,1.2206,6.40,7.20
2007.10.31 23:05:39.323,1.22015,1.2206,6.40,7.20
2007.10.31 23:05:39.515,1.22015,1.2206,6.40,7.20
2007.10.31 23:05:39.707,1.22015,1.2206,6.40,7.20
2007.10.31 23:05:39.900,1.22015,1.2206,6.40,7.20
2007.10.31 23:05:40.093,1.22015,1.2206,6.40,7.20
2007.10.31 23:05:40.285,1.22015,1.2206,6.40,7.20
2007.10.31 23:05:40.523,1.22015,1.2206,6.40,7.20
2007.10.31 23:05:40.760,1.22015,1.2206,6.40,7.20
2007.10.31 23:05:40.998,1.22015,1.2206,6.40,7.20
2007.10.31 23:05:41.236,1.22015,1.2206,6.40,7.20
2007.10.31 23:05:41.473,1.22015,1.2206,6.40,7.20
2007.10.31 23:05:41.690,1.22015,1.2206,6.40,7.20
2007.10.31 23:05:41.906,1.22015,1.2206,6.40,7.20
2007.10.31 23:05:42.124,1.22015,1.2206,6.40,7.20
2007.10.31 23:05:42.342,1.22015,1.2206,6.40,7.20
2007.10.31 23:05:42.569,1.22015,1.2206,6.40,7.20
2007.10.31 23:05:42.796,1.22015,1.2206,6.40,7.20
2007.10.31 23:05:43.024,1.22015,1.2206,6.40,7.20
2007.10.31 23:05:43.251,1.22015,1.2206,6.40,7.20
2007.10.31 23:05:43.479,1.22015,1.2206,6.40,7.20
2007.10.31 23:05:43.697,1.22015,1.2206,6.40,7.20
2007.10.31 23:05:43.914,1.22015,1.2206,6.40,7.20
2007.10.31 23:05:44.131,1.22015,1.2206,6.40,7.20
2007.10.31 23:05:44.349,1.22015,1.2206,6.40,7.20
2007.10.31 23:05:44.546,1.22015,1.2206,6.40,7.20
2007.10.31 23:05:44.743,1.22015,1.2206,6.40,7.20
2007.10.31 23:05:44.941,1.22015,1.2206,6.40,7.20
2007.10.31 23:05:45.139,1.22015,1.2206,6.40,7.20
2007.10.31 23:05:45.337,1.22015,1.2206,6.40,7.20
2007.10.31 23:05:45.522,1.22015,1.2206,1.20,7.20
2007.10.31 23:05:45.581,1.22015,1.2206,2.40,7.20
2007.10.31 23:05:45.824,1.22005,1.2206,12.00,7.20
2007.10.31 23:05:46.067,1.22005,1.2206,12.00,7.20
2007.10.31 23:05:46.310,1.22005,1.2206,12.00,7.20
2007.10.31 23:05:46.497,1.22005,1.2206,12.00,7.20
2007.10.31 23:05:46.684,1.22005,1.2206,12.00,7.20
2007.10.31 23:05:46.871,1.22005,1.2206,12.00,7.20
2007.10.31 23:05:47.060,1.22005,1.2206,12.00,7.20
2007.10.31 23:05:47.247,1.22005,1.2206,12.00,7.20
2007.10.31 23:05:47.435,1.22005,1.2206,12.00,7.20
2007.10.31 23:05:47.677,1.22005,1.2206,12.00,7.20
2007.10.31 23:05:47.921,1.22015,1.2206,3.20,7.20
2007.10.31 23:05:48.163,1.22015,1.2206,2.60,7.20
2007.10.31 23:05:48.405,1.22005,1.2206,12.00,7.20
2007.10.31 23:05:48.647,1.22015,1.2206,1.80,7.20
2007.10.31 23:05:48.876,1.22015,1.2206,1.40,7.20
2007.10.31 23:05:49.148,1.22005,1.2206,12.00,7.20
2007.10.31 23:05:49.376,1.22005,1.2206,12.00,7.20
2007.10.31 23:05:49.604,1.22005,1.2206,12.00,7.20
2007.10.31 23:05:49.797,1.22015,1.2206,1.40,7.20
2007.10.31 23:05:49.990,1.22015,1.2206,1.50,7.20
2007.10.31 23:05:50.182,1.22015,1.2206,2.20,7.20
2007.10.31 23:05:50.375,1.22005,1.2206,12.00,7.20
2007.10.31 23:05:50.567,1.22005,1.2206,12.00,7.20
2007.10.31 23:05:50.785,1.22015,1.2206,3.20,7.20
2007.10.31 23:05:51.002,1.22005,1.2206,12.00,7.20
2007.10.31 23:05:51.220,1.22015,1.2206,1.40,7.20
2007.10.31 23:05:51.437,1.22015,1.2206,2.90,7.20
2007.10.31 23:05:51.655,1.22005,1.2206,12.00,7.20
2007.10.31 23:05:51.873,1.22005,1.2206,12.00,7.20
2007.10.31 23:05:52.090,1.22015,1.2206,3.40,7.20
2007.10.31 23:05:52.308,1.22005,1.2206,12.00,7.20
2007.10.31 23:05:52.526,1.22005,1.2206,12.00,7.20
2007.10.31 23:05:52.743,1.22015,1.2206,0.70,7.20
2007.10.31 23:05:52.951,1.22005,1.2206,12.00,7.20
2007.10.31 23:05:53.158,1.22015,1.2206,0.90,7.20
2007.10.31 23:05:53.365,1.22015,1.2206,0.80,7.20
2007.10.31 23:05:53.573,1.22005,1.2206,12.00,7.20
2007.10.31 23:05:53.781,1.22015,1.2206,1.00,7.20
2007.10.31 23:05:54.005,1.22015,1.2206,3.40,7.20
2007.10.31 23:05:54.227,1.22005,1.2206,12.00,7.20
2007.10.31 23:05:54.449,1.22005,1.2206,12.00,7.20
2007.10.31 23:05:54.672,1.22015,1.2206,1.80,7.20
2007.10.31 23:05:54.894,1.22015,1.2206,0.70,7.20
2007.10.31 23:05:55.097,1.22005,1.2206,12.00,7.20
2007.10.31 23:05:55.300,1.22015,1.2206,2.50,7.20
2007.10.31 23:05:55.502,1.22005,1.2206,12.00,7.20
2007.10.31 23:05:55.705,1.22005,1.2206,12.00,7.20
2007.10.31 23:05:55.907,1.22005,1.2206,12.00,7.20
2007.10.31 23:05:56.125,1.22005,1.2206,12.00,7.20
2007.10.31 23:05:56.343,1.22015,1.2206,2.20,7.20
2007.10.31 23:05:56.561,1.22005,1.2206,12.00,7.20
2007.10.31 23:05:56.778,1.22015,1.2206,2.10,7.20
2007.10.31 23:05:56.995,1.22015,1.2206,2.40,7.20
2007.10.31 23:05:57.203,1.22015,1.2206,2.30,7.20
2007.10.31 23:05:57.410,1.21995,1.22085,10.00,4.00
2007.10.31 23:05:57.617,1.21995,1.22085,10.00,4.00
2007.10.31 23:05:57.825,1.21995,1.22075,10.00,4.00
2007.10.31 23:05:58.032,1.22005,1.22075,2.50,4.00
2007.10.31 23:05:58.284,1.21995,1.22075,10.00,4.00
2007.10.31 23:05:58.537,1.21995,1.22075,10.00,4.00
2007.10.31 23:05:58.790,1.21995,1.22075,9.60,4.00
2007.10.31 23:05:59.043,1.21995,1.22055,12.00,7.20
2007.10.31 23:05:59.261,1.2201,1.22055,2.80,7.20
2007.10.31 23:05:59.478,1.21995,1.22055,12.00,7.20
2007.10.31 23:05:59.696,1.21995,1.22055,12.00,7.20
2007.10.31 23:05:59.913,1.2201,1.22055,2.70,7.20
2007.10.31 23:06:00.131,1.21995,1.22055,12.00,7.20
2007.10.31 23:06:00.368,1.21995,1.22055,12.00,7.20
2007.10.31 23:06:00.606,1.2201,1.22055,0.80,7.20
2007.10.31 23:06:00.843,1.2201,1.22055,3.10,7.20
2007.10.31 23:06:01.081,1.21995,1.22055,12.00,7.20
2007.10.31 23:06:01.413,1.2201,1.22055,2.70,7.20
2007.10.31 23:06:01.606,1.21995,1.22055,12.00,7.20
2007.10.31 23:06:01.799,1.21995,1.22055,12.00,7.20
2007.10.31 23:06:01.992,1.21995,1.22055,12.00,7.20
2007.10.31 23:06:02.185,1.21995,1.22055,12.00,7.20
2007.10.31 23:06:02.378,1.2201,1.22055,3.30,7.20
2007.10.31 23:06:02.570,1.21995,1.22055,12.00,7.20
2007.10.31 23:06:02.839,1.2201,1.22055,1.10,7.20
2007.10.31 23:06:03.106,1.21995,1.22055,12.00,7.20
2007.10.31 23:06:03.375,1.2201,1.22055,1.30,7.20
2007.10.31 23:06:03.643,1.21995,1.22055,12.00,7.20
2007.10.31 23:06:03.841,1.22005,1.2206,12.00,7.20
2007.10.31 23:06:04.039,1.22015,1.2206,3.50,7.20
2007.10.31 23:06:04.236,1.22015,1.2206,2.50,7.20
2007.10.31 23:06:04.434,1.22015,1.2206,1.20,7.20
2007.10.31 23:06:04.631,1.22015,1.2206,0.60,7.20
2007.10.31 23:06:04.928,1.22015,1.2206,3.40,7.20
2007.10.31 23:06:05.225,1.22005,1.2206,12.00,7.20
2007.10.31 23:06:05.522,1.22005,1.2206,12.00,7.20
2007.10.31 23:06:05.700,1.22015,1.2206,2.20,7.20
2007.10.31 23:06:05.877,1.22015,1.2206,1.90,7.20
2007.10.31 23:06:06.054,1.22005,1.2206,12.00,7.20
2007.10.31 23:06:06.233,1.22005,1.2206,12.00,7.20
2007.10.31 23:06:06.410,1.22005,1.2206,12.00,7.20
2007.10.31 23:06:06.587,1.22005,1.2206,12.00,7.20
2007.10.31 23:06:06.869,1.22005,1.2206,12.00,7.20
2007.10.31 23:06:07.152,1.22015,1.2206,2.00,7.20
2007.10.31 23:06:07.546,1.2206,1.22075,0.70,4.00
2007.10.31 23:06:07.693,1.2205,1.22105,7.00,7.20
2007.10.31 23:06:07.841,1.2205,1.22105,7.00,8.80
2007.10.31 23:06:07.989,1.2202,1.22065,10.40,7.20
2007.10.31 23:06:08.136,1.22035,1.22065,2.30,7.20
2007.10.31 23:06:08.283,1.2202,1.22065,10.40,7.20
2007.10.31 23:06:08.431,1.22025,1.2207,3.50,7.20
2007.10.31 23:06:08.579,1.21995,1.2207,14.40,7.20
2007.10.31 23:06:08.912,1.21995,1.2206,16.00,7.20
2007.10.31 23:06:09.245,1.21995,1.2206,16.00,7.20
2007.10.31 23:06:09.577,1.2202,1.2206,1.90,7.20
2007.10.31 23:06:09.771,1.21995,1.2206,20.00,7.20
2007.10.31 23:06:09.963,1.21995,1.2206,20.00,7.20
2007.10.31 23:06:10.156,1.2202,1.2206,1.40,7.20
2007.10.31 23:06:10.349,1.21995,1.2206,20.00,7.20
2007.10.31 23:06:10.541,1.2202,1.2206,3.30,7.20
2007.10.31 23:06:10.733,1.2202,1.2206,1.70,7.20
2007.10.31 23:06:10.990,1.21995,1.2206,20.00,7.20
2007.10.31 23:06:11.247,1.21995,1.2206,20.00,7.20
2007.10.31 23:06:11.506,1.2202,1.2206,3.00,7.20
2007.10.31 23:06:11.763,1.21995,1.2206,20.00,7.20
2007.10.31 23:06:11.945,1.2202,1.2206,2.30,7.20
2007.10.31 23:06:12.128,1.2202,1.2206,1.20,7.20
2007.10.31 23:06:12.310,1.21995,1.2206,20.00,7.20
2007.10.31 23:06:12.492,1.2202,1.2206,2.10,7.20
2007.10.31 23:06:12.675,1.21995,1.2206,20.00,7.20
2007.10.31 23:06:12.857,1.21995,1.2206,20.00,7.20
2007.10.31 23:06:13.105,1.2202,1.2206,1.80,7.20
2007.10.31 23:06:13.352,1.21995,1.2206,20.00,7.20
2007.10.31 23:06:13.681,1.22025,1.2207,6.40,7.20
2007.10.31 23:06:13.927,1.22025,1.2207,6.40,7.20
2007.10.31 23:06:14.129,1.22025,1.2207,6.40,7.20
2007.10.31 23:06:14.332,1.22025,1.2207,6.40,7.20
2007.10.31 23:06:14.534,1.22025,1.2207,6.40,7.20
2007.10.31 23:06:14.736,1.22025,1.2207,6.40,7.20
2007.10.31 23:06:14.939,1.22025,1.2207,6.40,7.20
2007.10.31 23:06:15.196,1.22025,1.2207,6.40,7.20
2007.10.31 23:06:15.454,1.22025,1.2207,6.40,7.20
2007.10.31 23:06:15.711,1.22025,1.2207,6.40,7.20
2007.10.31 23:06:15.968,1.22025,1.2207,6.40,7.20
2007.10.31 23:06:16.140,1.22025,1.2207,6.40,7.20
2007.10.31 23:06:16.313,1.22025,1.2207,6.40,7.20
2007.10.31 23:06:16.485,1.22025,1.2207,6.40,7.20
2007.10.31 23:06:16.658,1.22025,1.2207,6.40,7.20
2007.10.31 23:06:16.830,1.22025,1.2207,6.40,7.20
2007.10.31 23:06:17.003,1.22025,1.2207,6.40,7.20
2007.10.31 23:06:17.176,1.22025,1.2207,6.40,7.20
2007.10.31 23:06:17.458,1.22025,1.2207,6.40,7.20
2007.10.31 23:06:17.741,1.22025,1.2207,6.40,7.20
2007.10.31 23:06:18.023,1.22025,1.2207,6.40,7.20
2007.10.31 23:06:18.305,1.22025,1.2207,6.40,7.20
2007.10.31 23:06:18.488,1.22025,1.2207,6.40,7.20
2007.10.31 23:06:18.670,1.22025,1.2207,6.40,7.20
2007.10.31 23:06:18.853,1.22025,1.2207,6.40,7.20
2007.10.31 23:06:19.036,1.22025,1.2207,6.40,7.20
2007.10.31 23:06:19.218,1.22025,1.2207,6.40,7.20
2007.10.31 23:06:19.460,1.22065,1.22085,6.40,4.00
2007.10.31 23:06:19.819,1.22065,1.2211,6.40,7.20
2007.10.31 23:06:20.060,1.22065,1.2211,6.40,7.20
2007.10.31 23:06:20.278,1.22065,1.2211,6.40,7.20
2007.10.31 23:06:20.495,1.22065,1.2211,6.40,7.20
2007.10.31 23:06:20.715,1.22065,1.2211,6.40,7.20
2007.10.31 23:06:20.931,1.22065,1.2211,6.40,7.20
2007.10.31 23:06:21.149,1.22065,1.2211,6.40,7.20
2007.10.31 23:06:21.377,1.22065,1.2211,6.40,7.20
2007.10.31 23:06:21.604,1.22065,1.2211,6.40,7.20
2007.10.31 23:06:21.831,1.22065,1.2211,6.40,7.20
2007.10.31 23:06:22.058,1.22065,1.2211,6.40,7.20
2007.10.31 23:06:22.286,1.22065,1.2211,6.40,7.20
2007.10.31 23:06:22.489,1.22065,1.2211,6.40,7.20
2007.10.31 23:06:22.691,1.22065,1.2211,6.40,7.20
2007.10.31 23:06:22.894,1.22065,1.2211,6.40,7.20
2007.10.31 23:06:23.096,1.22065,1.2211,6.40,7.20
2007.10.31 23:06:23.299,1.22065,1.2211,6.40,7.20
2007.10.31 23:06:23.522,1.22065,1.2211,6.40,7.20
2007.10.31 23:06:23.744,1.22065,1.2211,6.40,7.20
2007.10.31 23:06:23.822,1.22065,1.22125,6.40,11.20
2007.10.31 23:06:23.966,1.2207,1.22125,6.40,11.20
2007.10.31 23:06:24.189,1.2207,1.22135,6.40,15.20
2007.10.31 23:06:24.413,1.2207,1.22135,6.40,15.20
2007.10.31 23:06:24.635,1.2207,1.22115,6.40,0.60
2007.10.31 23:06:24.858,1.2207,1.22135,6.40,15.20
2007.10.31 23:06:25.081,1.2207,1.22115,6.40,0.90
2007.10.31 23:06:25.303,1.2207,1.22115,6.40,0.50
2007.10.31 23:06:25.526,1.2207,1.22135,6.40,15.20
2007.10.31 23:06:25.753,1.2207,1.22135,6.40,15.20
2007.10.31 23:06:25.981,1.2207,1.22115,6.40,0.50
2007.10.31 23:06:26.208,1.2207,1.22135,6.40,15.20
2007.10.31 23:06:26.436,1.2207,1.22135,6.40,15.20
2007.10.31 23:06:26.614,1.2207,1.22135,6.40,15.20
2007.10.31 23:06:26.791,1.2207,1.22115,6.40,0.70
2007.10.31 23:06:26.968,1.2207,1.22135,6.40,15.20
2007.10.31 23:06:27.148,1.2207,1.22135,6.40,15.20
2007.10.31 23:06:27.325,1.2207,1.22115,6.40,0.50
2007.10.31 23:06:27.502,1.2207,1.22115,6.40,0.50
2007.10.31 23:06:27.679,1.2207,1.22115,6.40,0.80
2007.10.31 23:06:27.941,1.2207,1.22115,6.40,0.90
2007.10.31 23:06:28.204,1.2207,1.22135,6.40,15.20
2007.10.31 23:06:28.467,1.2207,1.22135,6.40,15.20
2007.10.31 23:06:28.730,1.2207,1.22135,6.40,15.20
2007.10.31 23:06:28.912,1.2207,1.22135,6.40,15.20
2007.10.31 23:06:29.095,1.2207,1.22135,6.40,15.20
2007.10.31 23:06:29.277,1.2207,1.22135,6.40,15.20
2007.10.31 23:06:29.459,1.2207,1.22135,6.40,15.20
2007.10.31 23:06:29.642,1.2207,1.22115,6.40,0.60
2007.10.31 23:06:29.824,1.2207,1.22135,6.40,15.20
2007.10.31 23:06:30.072,1.2207,1.22115,6.40,0.50
2007.10.31 23:06:30.319,1.2207,1.22115,6.40,0.90
2007.10.31 23:06:30.566,1.2207,1.22115,6.40,0.90
2007.10.31 23:06:30.814,1.2207,1.22115,6.40,0.90
2007.10.31 23:06:30.996,1.2207,1.22135,6.40,15.20
2007.10.31 23:06:31.179,1.2207,1.22115,6.40,0.70
2007.10.31 23:06:31.361,1.2207,1.22135,6.40,15.20
2007.10.31 23:06:31.544,1.22055,1.221,6.40,0.60
2007.10.31 23:06:31.726,1.22055,1.22125,6.40,11.20
2007.10.31 23:06:31.909,1.22055,1.22125,6.40,11.20
2007.10.31 23:06:32.166,1.22045,1.22105,6.40,11.20
2007.10.31 23:06:32.423,1.22045,1.22105,6.40,11.20
2007.10.31 23:06:32.681,1.2204,1.22105,6.40,11.20
2007.10.31 23:06:32.939,1.2204,1.2208,6.40,0.70
2007.10.31 23:06:33.121,1.2204,1.22105,6.40,11.20
2007.10.31 23:06:33.303,1.2204,1.22105,6.40,11.20
2007.10.31 23:06:33.486,1.2204,1.2208,6.40,0.80
2007.10.31 23:06:33.668,1.2204,1.22105,6.40,11.20
2007.10.31 23:06:33.851,1.2204,1.22105,6.40,11.20
2007.10.31 23:06:34.033,1.22035,1.22105,6.40,11.20
2007.10.31 23:06:34.326,1.22035,1.22105,6.40,11.20
2007.10.31 23:06:34.618,1.22035,1.22105,6.40,11.20
2007.10.31 23:06:34.911,1.22035,1.22105,6.40,11.20
2007.10.31 23:06:35.204,1.22035,1.2208,6.40,0.50
2007.10.31 23:06:35.386,1.22035,1.22105,6.40,11.20
2007.10.31 23:06:35.568,1.22035,1.22105,6.40,11.20
2007.10.31 23:06:35.751,1.22035,1.2208,6.40,0.80
2007.10.31 23:06:35.933,1.2207,1.22115,6.40,11.20
2007.10.31 23:06:36.117,1.2207,1.22115,6.40,11.20
2007.10.31 23:06:36.349,1.2207,1.22135,6.40,15.20
2007.10.31 23:06:36.583,1.2207,1.22135,6.40,19.20
2007.10.31 23:06:36.815,1.2207,1.22115,6.40,0.90
2007.10.31 23:06:37.048,1.2207,1.22115,6.40,0.50
2007.10.31 23:06:37.260,1.2207,1.22135,6.40,15.20
2007.10.31 23:06:37.471,1.2207,1.22135,6.40,15.20
2007.10.31 23:06:37.684,1.2207,1.22135,6.40,15.20
2007.10.31 23:06:37.897,1.2207,1.22135,6.40,15.20
2007.10.31 23:06:38.109,1.2207,1.22115,6.40,0.80
2007.10.31 23:06:38.352,1.2207,1.22135,6.40,15.20
2007.10.31 23:06:38.595,1.2207,1.22115,6.40,0.80
2007.10.31 23:06:38.838,1.2207,1.22135,6.40,15.20
2007.10.31 23:06:39.080,1.2207,1.22135,6.40,15.20
2007.10.31 23:06:39.323,1.2207,1.22135,6.40,15.20
2007.10.31 23:06:39.534,1.2207,1.22135,6.40,15.20
2007.10.31 23:06:39.747,1.2207,1.22135,6.40,15.20
2007.10.31 23:06:39.959,1.2207,1.22135,6.40,15.20
2007.10.31 23:06:40.172,1.2207,1.22135,6.40,15.20
2007.10.31 23:06:40.359,1.2207,1.22135,6.40,15.20
2007.10.31 23:06:40.546,1.2207,1.22135,6.40,15.20
2007.10.31 23:06:40.734,1.2207,1.22115,6.40,0.50
2007.10.31 23:06:40.921,1.2207,1.22115,6.40,0.80
2007.10.31 23:06:41.109,1.2207,1.22135,6.40,15.20
2007.10.31 23:06:41.296,1.2207,1.22135,6.40,15.20
2007.10.31 23:06:41.569,1.2206,1.22135,6.80,20.80
2007.10.31 23:06:41.842,1.2206,1.22125,6.40,11.20
2007.10.31 23:06:42.114,1.2206,1.22105,6.40,0.80
2007.10.31 23:06:42.386,1.2206,1.22105,6.40,0.60
2007.10.31 23:06:42.589,1.2206,1.22105,6.40,0.60
2007.10.31 23:06:42.791,1.2206,1.22105,6.40,0.60
2007.10.31 23:06:42.994,1.2206,1.22125,6.40,11.20
2007.10.31 23:06:43.196,1.2206,1.22105,6.40,0.90
2007.10.31 23:06:43.394,1.2206,1.22125,6.40,11.20
2007.10.31 23:06:43.591,1.2206,1.22105,6.40,0.90
2007.10.31 23:06:43.788,1.2206,1.22105,6.40,0.70
2007.10.31 23:06:43.986,1.2205,1.22125,6.40,11.20
2007.10.31 23:06:44.184,1.2205,1.22115,6.40,11.20
2007.10.31 23:06:44.432,1.2205,1.22095,6.40,0.90
2007.10.31 23:06:44.680,1.22035,1.22105,6.40,9.60
2007.10.31 23:06:44.928,1.22035,1.22095,6.40,9.60
2007.10.31 23:06:45.176,1.22025,1.2207,10.40,0.50
2007.10.31 23:06:45.413,1.22045,1.2207,1.60,0.60
2007.10.31 23:06:45.651,1.2205,1.22095,6.40,0.50
2007.10.31 23:06:45.889,1.2205,1.22095,6.40,0.60
2007.10.31 23:06:46.127,1.22055,1.221,6.40,0.80
2007.10.31 23:06:46.365,1.22055,1.221,6.40,0.70
2007.10.31 23:06:46.592,1.22055,1.221,6.40,0.90
2007.10.31 23:06:46.819,1.22055,1.22115,6.40,9.60
2007.10.31 23:06:47.047,1.22055,1.22115,6.40,9.60
2007.10.31 23:06:47.274,1.22055,1.22115,6.40,9.60
2007.10.31 23:06:47.462,1.22055,1.221,6.40,0.90
2007.10.31 23:06:47.649,1.22045,1.22105,6.40,11.20
2007.10.31 23:06:47.837,1.22045,1.22085,6.40,0.80
2007.10.31 23:06:48.025,1.22045,1.22105,6.40,13.60
2007.10.31 23:06:48.213,1.22035,1.2208,6.40,0.90
2007.10.31 23:06:48.401,1.22035,1.22105,6.40,11.20
2007.10.31 23:06:48.694,1.2203,1.22075,6.40,0.60
2007.10.31 23:06:48.987,1.2203,1.22095,6.40,11.20
2007.10.31 23:06:49.280,1.2203,1.22095,6.40,11.20
2007.10.31 23:06:49.468,1.2203,1.22075,6.40,0.50
2007.10.31 23:06:49.656,1.2203,1.22095,6.40,11.20
2007.10.31 23:06:49.844,1.2203,1.22075,6.40,0.60
2007.10.31 23:06:50.031,1.22045,1.22095,6.40,11.20
2007.10.31 23:06:50.218,1.22045,1.22105,6.40,11.20
2007.10.31 23:06:50.507,1.22045,1.22105,6.40,11.20
2007.10.31 23:06:50.729,1.22045,1.22085,6.40,0.90
2007.10.31 23:06:50.947,1.22045,1.22095,6.40,9.60
2007.10.31 23:06:51.165,1.22035,1.22095,6.40,9.60
2007.10.31 23:06:51.383,1.22035,1.2208,6.40,0.60
2007.10.31 23:06:51.606,1.22035,1.22095,6.40,9.60
2007.10.31 23:06:51.827,1.22035,1.22095,6.40,9.60
2007.10.31 23:06:52.051,1.22035,1.22095,6.40,9.60
2007.10.31 23:06:52.275,1.22035,1.22095,6.40,9.60
2007.10.31 23:06:52.497,1.22035,1.22095,6.40,9.60
2007.10.31 23:06:52.709,1.22035,1.22095,6.40,9.60
2007.10.31 23:06:52.922,1.22035,1.2208,6.40,7.20
2007.10.31 23:06:53.135,1.22035,1.2208,6.40,7.20
2007.10.31 23:06:53.348,1.22035,1.2208,6.40,7.20
2007.10.31 23:06:53.561,1.22035,1.2208,6.40,7.20
2007.10.31 23:06:53.779,1.22035,1.2208,6.40,7.20
2007.10.31 23:06:53.997,1.22035,1.2208,6.40,7.20
2007.10.31 23:06:54.215,1.22035,1.2208,6.40,7.20
2007.10.31 23:06:54.432,1.22035,1.2208,8.00,7.20
2007.10.31 23:06:54.652,1.22045,1.22085,6.40,7.20
2007.10.31 23:06:54.895,1.22045,1.22085,6.40,7.20
2007.10.31 23:06:55.138,1.22045,1.22085,6.40,7.20
2007.10.31 23:06:55.381,1.22045,1.22085,6.40,7.20
2007.10.31 23:06:55.623,1.22045,1.22085,6.40,7.20
2007.10.31 23:06:55.826,1.22045,1.22085,6.40,7.20
2007.10.31 23:06:56.029,1.22045,1.22085,6.40,7.20
2007.10.31 23:06:56.232,1.22045,1.22085,6.40,7.20
2007.10.31 23:06:56.434,1.22045,1.22085,6.40,7.20
2007.10.31 23:06:56.644,1.22045,1.22085,6.40,7.20
2007.10.31 23:06:56.873,1.22045,1.22085,6.40,7.20
2007.10.31 23:06:57.100,1.22045,1.22085,6.40,7.20
2007.10.31 23:06:57.328,1.22045,1.22085,6.40,7.20
2007.10.31 23:06:57.555,1.22045,1.22085,6.40,7.20
2007.10.31 23:06:57.784,1.22045,1.22085,6.40,7.20
2007.10.31 23:06:57.992,1.22045,1.22085,6.40,7.20
2007.10.31 23:06:58.200,1.22045,1.22085,6.40,7.20
2007.10.31 23:06:58.408,1.22045,1.22085,6.40,7.20
2007.10.31 23:06:58.615,1.22045,1.22085,6.40,7.20
2007.10.31 23:06:58.823,1.22045,1.22085,6.40,7.20
2007.10.31 23:06:59.046,1.22045,1.22085,6.40,7.20
2007.10.31 23:06:59.268,1.22045,1.22085,6.40,7.20
2007.10.31 23:06:59.490,1.22045,1.22085,6.40,7.20
2007.10.31 23:06:59.713,1.22045,1.22085,6.40,7.20
2007.10.31 23:06:59.936,1.22045,1.22085,6.40,7.20
2007.10.31 23:07:00.170,1.22045,1.22085,6.40,7.20
2007.10.31 23:07:00.402,1.22045,1.22085,6.40,7.20
2007.10.31 23:07:00.635,1.22045,1.22085,6.40,7.20
2007.10.31 23:07:00.867,1.22045,1.22085,6.40,7.20
2007.10.31 23:07:01.099,1.22045,1.22085,6.40,7.20
2007.10.31 23:07:01.298,1.22045,1.22085,6.40,7.20
2007.10.31 23:07:01.495,1.22045,1.22085,6.40,7.20
2007.10.31 23:07:01.693,1.22045,1.22085,6.40,7.20
2007.10.31 23:07:01.890,1.22045,1.22085,6.40,7.20
2007.10.31 23:07:02.088,1.22045,1.22085,6.40,7.20
2007.10.31 23:07:02.305,1.22045,1.22085,6.40,7.20
2007.10.31 23:07:02.522,1.22045,1.22085,6.40,7.20
2007.10.31 23:07:02.776,1.22045,1.22085,6.40,7.20
2007.10.31 23:07:02.997,1.22045,1.22085,6.40,7.20
2007.10.31 23:07:03.214,1.22045,1.22085,6.40,7.20
2007.10.31 23:07:03.412,1.22045,1.22085,6.40,7.20
2007.10.31 23:07:03.610,1.22045,1.22085,6.40,7.20
2007.10.31 23:07:03.807,1.22045,1.22085,6.40,7.20
2007.10.31 23:07:04.006,1.22045,1.22085,6.40,7.20
2007.10.31 23:07:04.204,1.22045,1.22085,6.40,7.20
2007.10.31 23:07:04.401,1.22045,1.22085,6.40,7.20
2007.10.31 23:07:04.664,1.22045,1.22085,6.40,7.20
2007.10.31 23:07:04.926,1.22045,1.22085,6.40,7.20
2007.10.31 23:07:05.190,1.22045,1.22085,6.40,7.20
2007.10.31 23:07:05.451,1.22045,1.22085,6.40,7.20
2007.10.31 23:07:05.609,1.22045,1.22085,6.40,7.20
2007.10.31 23:07:05.766,1.22045,1.22085,6.40,7.20
2007.10.31 23:07:05.924,1.22045,1.22085,6.40,7.20
2007.10.31 23:07:06.080,1.22045,1.22085,6.40,7.20
2007.10.31 23:07:06.238,1.22045,1.22085,6.40,7.20
2007.10.31 23:07:06.395,1.22045,1.22085,6.40,7.20
2007.10.31 23:07:06.552,1.22045,1.22085,6.40,7.20
2007.10.31 23:07:06.856,1.22045,1.22085,6.40,7.20
2007.10.31 23:07:07.159,1.22045,1.22085,6.40,7.20
2007.10.31 23:07:07.461,1.22045,1.22085,6.40,7.20
2007.10.31 23:07:07.763,1.22045,1.22085,6.40,7.20
2007.10.31 23:07:07.955,1.22045,1.22085,6.40,7.20
2007.10.31 23:07:08.148,1.22045,1.22085,6.40,7.20
2007.10.31 23:07:08.340,1.22045,1.22085,6.40,7.20
2007.10.31 23:07:08.533,1.22045,1.22085,6.40,7.20
2007.10.31 23:07:08.725,1.22045,1.22085,6.40,7.20
2007.10.31 23:07:08.969,1.22045,1.22085,6.40,7.20
2007.10.31 23:07:09.211,1.22045,1.22085,6.40,7.20
2007.10.31 23:07:09.453,1.22045,1.22085,6.40,7.20
2007.10.31 23:07:09.696,1.22045,1.22085,6.40,7.20
2007.10.31 23:07:09.878,1.22045,1.22085,6.40,7.20
2007.10.31 23:07:10.061,1.22045,1.22085,6.40,7.20
2007.10.31 23:07:10.243,1.22045,1.22085,6.40,7.20
2007.10.31 23:07:10.427,1.22045,1.22085,6.40,7.20
2007.10.31 23:07:10.609,1.22045,1.22085,6.40,7.20
2007.10.31 23:07:10.791,1.22045,1.22085,6.40,7.20
2007.10.31 23:07:11.039,1.22045,1.22085,6.40,7.20
2007.10.31 23:07:11.287,1.22045,1.22085,6.40,7.20
2007.10.31 23:07:11.535,1.22045,1.22085,6.40,7.20
2007.10.31 23:07:11.782,1.22045,1.22085,6.40,7.20
2007.10.31 23:07:11.975,1.22045,1.22085,6.40,7.20
2007.10.31 23:07:12.168,1.22045,1.22085,6.40,7.20
2007.10.31 23:07:12.360,1.2205,1.22095,6.40,7.20
2007.10.31 23:07:12.553,1.2205,1.22095,6.40,7.20
2007.10.31 23:07:12.746,1.2205,1.22095,6.40,7.20
2007.10.31 23:07:12.938,1.2205,1.22095,6.40,7.20
2007.10.31 23:07:13.245,1.2205,1.22095,6.40,7.20
2007.10.31 23:07:13.553,1.2205,1.22095,6.40,7.20
2007.10.31 23:07:13.860,1.2205,1.22095,6.40,7.20
2007.10.31 23:07:14.013,1.2206,1.22105,6.40,7.20
2007.10.31 23:07:14.165,1.2206,1.22105,6.40,7.20
2007.10.31 23:07:14.318,1.2206,1.22105,6.40,7.20
2007.10.31 23:07:14.470,1.2206,1.22105,6.40,7.20
2007.10.31 23:07:14.622,1.2206,1.22105,6.40,7.20
2007.10.31 23:07:14.775,1.2206,1.22105,6.40,7.20
2007.10.31 23:07:15.041,1.2206,1.22105,6.40,7.20
2007.10.31 23:07:15.368,1.2206,1.22105,6.40,7.20
2007.10.31 23:07:15.696,1.2206,1.22105,6.40,7.20
2007.10.31 23:07:16.023,1.2206,1.22105,6.40,7.20
2007.10.31 23:07:16.351,1.2206,1.22105,6.40,7.20
2007.10.31 23:07:16.504,1.22055,1.22095,0.60,7.20
2007.10.31 23:07:16.656,1.22055,1.22095,0.60,7.20
2007.10.31 23:07:16.810,1.2205,1.22095,6.40,7.20
2007.10.31 23:07:16.962,1.2205,1.22095,6.40,7.20
2007.10.31 23:07:17.115,1.2205,1.22095,6.40,7.20
2007.10.31 23:07:17.444,1.2205,1.22095,6.40,7.20
2007.10.31 23:07:17.771,1.2205,1.22095,6.40,7.20
2007.10.31 23:07:18.098,1.2205,1.22095,6.40,7.20
2007.10.31 23:07:18.251,1.2205,1.22095,6.40,7.20
2007.10.31 23:07:18.404,1.2205,1.22095,6.40,7.20
2007.10.31 23:07:18.556,1.2205,1.22095,6.40,7.20
2007.10.31 23:07:18.708,1.2205,1.22095,6.40,7.20
2007.10.31 23:07:18.860,1.2205,1.22095,6.40,7.20
2007.10.31 23:07:19.013,1.2205,1.22095,6.40,7.20
2007.10.31 23:07:19.165,1.2205,1.22095,6.40,7.20
2007.10.31 23:07:19.498,1.2205,1.22095,6.40,7.20
2007.10.31 23:07:19.830,1.2205,1.22095,6.40,7.20
2007.10.31 23:07:20.162,1.2205,1.22095,6.40,7.20
2007.10.31 23:07:20.324,1.2205,1.22095,6.40,7.20
2007.10.31 23:07:20.487,1.2205,1.22095,6.40,7.20
2007.10.31 23:07:20.650,1.2205,1.22095,6.40,7.20
2007.10.31 23:07:20.812,1.2205,1.22095,6.40,7.20
