2017.02.17 11:00:00.029,0.86232,0.86238,3.75,1.00
2017.02.17 11:00:00.534,0.86229,0.86239,1.00,1.12
2017.02.17 11:00:01.665,0.86232,0.86239,1.00,1.87
2017.02.17 11:00:02.036,0.86229,0.86239,2.25,1.87
2017.02.17 11:00:02.239,0.8623,0.86241,3.00,1.12
2017.02.17 11:00:02.831,0.86231,0.86242,1.50,1.50
2017.02.17 11:00:03.936,0.8623,0.86242,5.25,3.00
2017.02.17 11:00:04.038,0.8623,0.86241,1.50,1.87
2017.02.17 11:00:04.563,0.8623,0.8624,2.25,1.00
2017.02.17 11:00:05.457,0.8623,0.8624,1.50,1.00
2017.02.17 11:00:05.508,0.86232,0.8624,1.00,1.00
2017.02.17 11:00:06.191,0.86235,0.8624,1.00,1.00
2017.02.17 11:00:06.495,0.86232,0.86237,1.00,1.50
2017.02.17 11:00:06.748,0.86228,0.86237,1.12,1.00
2017.02.17 11:00:06.900,0.86227,0.86235,3.37,1.00
2017.02.17 11:00:07.421,0.86228,0.86237,1.50,1.12
2017.02.17 11:00:07.905,0.86228,0.86235,1.37,1.87
2017.02.17 11:00:08.232,0.86227,0.86233,1.00,1.00
2017.02.17 11:00:13.640,0.86227,0.86232,1.00,1.00
2017.02.17 11:00:14.434,0.86222,0.86231,3.37,1.00
2017.02.17 11:00:14.737,0.86222,0.86229,1.00,1.00
2017.02.17 11:00:15.337,0.86227,0.86231,1.00,1.12
2017.02.17 11:00:15.399,0.86224,0.86231,1.00,1.50
2017.02.17 11:00:15.551,0.86222,0.8623,1.00,1.00
2017.02.17 11:00:16.057,0.86223,0.86229,1.00,1.00
2017.02.17 11:00:16.566,0.86223,0.8623,1.00,1.87
2017.02.17 11:00:17.130,0.86222,0.86228,1.12,1.00
2017.02.17 11:00:17.732,0.86222,0.86227,1.00,1.00
2017.02.17 11:00:18.242,0.86222,0.86228,1.00,1.00
2017.02.17 11:00:18.776,0.86222,0.86229,1.00,2.25
2017.02.17 11:00:19.141,0.86222,0.86227,1.00,1.00
2017.02.17 11:00:19.192,0.86217,0.86226,7.64,1.00
2017.02.17 11:00:19.243,0.86222,0.86226,1.00,1.12
2017.02.17 11:00:19.399,0.86217,0.86226,1.12,2.25
2017.02.17 11:00:19.558,0.86217,0.86224,1.00,1.00
2017.02.17 11:00:20.228,0.86219,0.86224,1.00,1.00
2017.02.17 11:00:20.329,0.86217,0.86224,1.00,1.00
2017.02.17 11:00:20.380,0.86217,0.86226,1.50,1.12
2017.02.17 11:00:20.513,0.86224,0.8623,1.00,1.50
2017.02.17 11:00:20.665,0.86227,0.86235,1.50,1.50
2017.02.17 11:00:20.717,0.86232,0.86237,1.00,5.62
2017.02.17 11:00:20.768,0.86233,0.86238,1.00,4.12
2017.02.17 11:00:20.820,0.86228,0.86238,1.00,2.25
2017.02.17 11:00:21.384,0.86228,0.86238,2.25,1.00
2017.02.17 11:00:22.108,0.86228,0.86237,1.50,1.00
2017.02.17 11:00:22.361,0.86227,0.86237,1.87,1.87
2017.02.17 11:00:22.625,0.86225,0.86235,4.12,1.00
2017.02.17 11:00:22.931,0.86227,0.86235,1.00,3.37
2017.02.17 11:00:23.033,0.86224,0.86234,1.87,1.50
2017.02.17 11:00:23.217,0.86225,0.86234,2.62,1.00
2017.02.17 11:00:23.268,0.86223,0.86233,7.20,1.00
2017.02.17 11:00:23.851,0.86223,0.86234,8.70,2.25
2017.02.17 11:00:24.997,0.86227,0.86234,1.00,1.00
2017.02.17 11:00:25.521,0.86225,0.86236,1.50,1.12
2017.02.17 11:00:25.925,0.86232,0.86236,1.00,1.00
2017.02.17 11:00:26.104,0.86232,0.86239,1.00,2.25
2017.02.17 11:00:26.155,0.86229,0.86239,1.50,1.50
2017.02.17 11:00:26.256,0.86233,0.8624,1.00,1.87
2017.02.17 11:00:26.358,0.86231,0.86241,1.87,1.50
2017.02.17 11:00:26.611,0.86233,0.86242,1.00,4.12
2017.02.17 11:00:26.915,0.86238,0.86245,1.00,2.25
2017.02.17 11:00:27.447,0.86236,0.86242,1.00,1.50
2017.02.17 11:00:27.599,0.86232,0.8624,2.25,1.00
2017.02.17 11:00:28.112,0.86232,0.8624,1.00,1.50
2017.02.17 11:00:28.213,0.8623,0.86241,1.12,2.25
2017.02.17 11:00:28.264,0.8623,0.8624,1.50,1.37
2017.02.17 11:00:28.568,0.86227,0.86237,1.50,4.50
2017.02.17 11:00:28.670,0.86228,0.86237,2.62,1.12
2017.02.17 11:00:28.720,0.86232,0.86237,1.00,1.12
2017.02.17 11:00:28.771,0.86232,0.86239,1.00,1.12
2017.02.17 11:00:29.395,0.86232,0.86238,1.00,1.00
2017.02.17 11:00:29.497,0.86229,0.86238,1.50,1.00
2017.02.17 11:00:29.598,0.86228,0.86236,3.37,1.00
2017.02.17 11:00:29.699,0.86228,0.86238,3.00,2.25
2017.02.17 11:00:30.233,0.86228,0.86238,1.12,1.12
2017.02.17 11:00:30.759,0.86228,0.86237,1.12,1.00
2017.02.17 11:00:33.259,0.86228,0.86234,1.12,1.00
2017.02.17 11:00:33.808,0.86227,0.86235,1.00,1.37
2017.02.17 11:00:34.186,0.86227,0.86236,1.00,1.50
2017.02.17 11:00:34.237,0.86232,0.86236,1.00,1.50
2017.02.17 11:00:34.338,0.86228,0.86236,1.00,1.00
2017.02.17 11:00:34.744,0.86226,0.86236,1.87,1.00
2017.02.17 11:00:35.406,0.86225,0.86236,4.50,2.25
2017.02.17 11:00:37.118,0.86225,0.86233,4.12,1.00
2017.02.17 11:00:37.219,0.86225,0.86234,1.50,1.75
2017.02.17 11:00:37.270,0.86225,0.86235,1.12,1.87
2017.02.17 11:00:37.810,0.86226,0.86235,1.12,1.00
2017.02.17 11:00:39.371,0.86227,0.86236,1.00,1.87
2017.02.17 11:00:39.473,0.86228,0.86238,1.32,5.62
2017.02.17 11:00:39.624,0.86228,0.86238,1.82,1.12
2017.02.17 11:00:40.379,0.86228,0.86237,1.37,1.50
2017.02.17 11:00:40.632,0.86227,0.86236,1.50,1.00
2017.02.17 11:00:40.784,0.86229,0.86239,1.50,2.57
2017.02.17 11:00:41.088,0.86231,0.8624,1.50,2.19
2017.02.17 11:00:41.450,0.86233,0.86243,1.44,1.44
2017.02.17 11:00:41.501,0.86234,0.86245,3.75,2.19
2017.02.17 11:00:41.713,0.86235,0.86245,1.44,1.44
2017.02.17 11:00:41.815,0.86234,0.86243,3.32,1.00
2017.02.17 11:00:42.017,0.86234,0.86245,2.19,2.19
2017.02.17 11:00:42.553,0.86236,0.86246,1.12,1.87
2017.02.17 11:00:43.489,0.86236,0.86246,1.12,3.32
2017.02.17 11:00:43.540,0.86233,0.86244,4.44,1.87
2017.02.17 11:00:43.641,0.86233,0.86244,1.87,2.19
2017.02.17 11:00:44.165,0.86235,0.86244,1.00,3.37
2017.02.17 11:00:44.319,0.86235,0.86245,1.87,1.12
2017.02.17 11:00:44.961,0.86235,0.86246,1.87,3.32
2017.02.17 11:00:45.819,0.86236,0.86244,1.00,1.07
2017.02.17 11:00:46.549,0.86236,0.86246,1.00,3.00
2017.02.17 11:00:46.625,0.86235,0.86245,1.87,3.37
2017.02.17 11:00:49.021,0.86237,0.86245,1.00,4.12
2017.02.17 11:00:49.227,0.86239,0.86248,1.50,1.87
2017.02.17 11:00:49.765,0.86239,0.86247,1.00,3.37
2017.02.17 11:00:49.866,0.86238,0.86247,1.00,1.12
2017.02.17 11:00:50.465,0.86238,0.86246,1.00,1.00
2017.02.17 11:00:51.010,0.86237,0.86246,1.12,1.50
2017.02.17 11:00:51.112,0.86238,0.86244,1.00,1.00
2017.02.17 11:00:51.213,0.86234,0.86244,2.25,1.00
2017.02.17 11:00:51.719,0.86234,0.86245,1.12,6.45
2017.02.17 11:00:52.233,0.86234,0.86244,1.50,1.12
2017.02.17 11:00:52.435,0.86234,0.86244,3.37,1.12
2017.02.17 11:00:52.536,0.86234,0.86244,1.12,1.12
2017.02.17 11:00:52.930,0.86234,0.86244,3.37,1.12
2017.02.17 11:00:53.385,0.86233,0.86244,1.50,3.08
2017.02.17 11:00:53.892,0.86233,0.86244,1.12,5.70
2017.02.17 11:00:54.401,0.86233,0.86244,2.62,3.37
2017.02.17 11:00:55.233,0.86235,0.86243,1.00,2.25
2017.02.17 11:00:55.738,0.86235,0.86243,1.00,1.50
2017.02.17 11:00:56.046,0.86237,0.86246,1.00,1.75
2017.02.17 11:00:56.148,0.86237,0.86246,1.00,1.00
2017.02.17 11:00:56.552,0.86234,0.86244,1.50,1.50
2017.02.17 11:00:56.869,0.86233,0.86242,1.12,1.50
2017.02.17 11:00:57.559,0.86233,0.86243,1.50,1.00
2017.02.17 11:00:58.062,0.86233,0.86243,4.12,1.00
2017.02.17 11:00:59.542,0.86233,0.86243,1.12,3.00
2017.02.17 11:01:00.067,0.86232,0.86241,1.87,1.00
2017.02.17 11:01:00.371,0.86233,0.86238,1.00,1.00
2017.02.17 11:01:00.685,0.8623,0.86234,1.00,1.00
2017.02.17 11:01:00.737,0.86222,0.86231,3.00,1.12
2017.02.17 11:01:00.838,0.86222,0.86231,1.00,1.12
2017.02.17 11:01:00.939,0.86222,0.86231,1.00,3.00
2017.02.17 11:01:02.070,0.86221,0.86231,1.87,1.00
2017.02.17 11:01:02.172,0.86221,0.8623,1.50,2.25
2017.02.17 11:01:02.324,0.86218,0.86228,1.12,2.62
2017.02.17 11:01:02.526,0.8622,0.86228,1.00,3.37
2017.02.17 11:01:02.829,0.86222,0.8623,1.00,2.62
2017.02.17 11:01:02.930,0.86222,0.86232,1.00,2.62
2017.02.17 11:01:03.361,0.86224,0.86231,1.00,2.62
2017.02.17 11:01:03.885,0.86223,0.86227,1.00,1.00
2017.02.17 11:01:03.936,0.86219,0.86227,2.25,1.00
2017.02.17 11:01:03.987,0.86219,0.86227,1.12,3.00
2017.02.17 11:01:04.291,0.86222,0.86229,1.50,3.00
2017.02.17 11:01:04.342,0.86222,0.86231,2.25,1.50
2017.02.17 11:01:04.443,0.86225,0.86231,1.00,2.62
2017.02.17 11:01:04.544,0.86228,0.86232,1.00,1.00
2017.02.17 11:01:04.646,0.86228,0.86236,2.62,2.25
2017.02.17 11:01:04.831,0.86228,0.86239,2.25,1.87
2017.02.17 11:01:04.882,0.86228,0.86236,2.25,1.00
2017.02.17 11:01:05.387,0.86232,0.86237,1.00,1.12
2017.02.17 11:01:05.438,0.86227,0.86236,1.50,1.89
2017.02.17 11:01:05.589,0.86227,0.86235,1.00,1.37
2017.02.17 11:01:06.136,0.86225,0.86235,1.37,2.25
2017.02.17 11:01:06.490,0.86226,0.86236,2.62,1.00
2017.02.17 11:01:06.765,0.86223,0.86231,2.25,1.87
2017.02.17 11:01:06.839,0.86221,0.8623,1.50,1.12
2017.02.17 11:01:07.296,0.8622,0.8623,1.50,3.75
2017.02.17 11:01:07.549,0.86223,0.86234,1.50,1.50
2017.02.17 11:01:07.853,0.86225,0.86234,1.00,1.87
2017.02.17 11:01:08.156,0.86222,0.8623,2.62,1.00
2017.02.17 11:01:08.694,0.86221,0.8623,4.12,1.00
2017.02.17 11:01:09.757,0.86222,0.8623,1.12,1.00
2017.02.17 11:01:10.766,0.86222,0.8623,1.00,3.00
2017.02.17 11:01:11.311,0.8622,0.8623,1.00,3.37
2017.02.17 11:01:12.390,0.86219,0.8623,1.87,4.50
2017.02.17 11:01:12.771,0.86219,0.8623,1.87,2.25
2017.02.17 11:01:13.914,0.86219,0.86229,2.25,1.00
2017.02.17 11:01:15.200,0.86219,0.86227,1.50,1.00
2017.02.17 11:01:15.453,0.86215,0.86224,1.12,1.00
2017.02.17 11:01:16.045,0.86218,0.86224,1.50,1.00
2017.02.17 11:01:16.147,0.86218,0.86227,2.25,1.50
2017.02.17 11:01:16.300,0.86219,0.86228,1.12,1.50
2017.02.17 11:01:16.948,0.86219,0.86228,1.12,2.57
2017.02.17 11:01:17.274,0.86219,0.86227,1.12,3.32
2017.02.17 11:01:17.645,0.86219,0.86228,1.12,1.82
2017.02.17 11:01:17.898,0.86219,0.86224,1.50,1.00
2017.02.17 11:01:17.949,0.86217,0.86227,2.62,2.57
2017.02.17 11:01:18.050,0.86219,0.86224,1.00,1.32
2017.02.17 11:01:18.152,0.86216,0.86224,3.37,4.07
2017.02.17 11:01:18.203,0.86216,0.86224,1.50,4.07
2017.02.17 11:01:18.556,0.86213,0.86223,3.00,1.32
2017.02.17 11:01:19.062,0.86213,0.86223,2.62,1.82
2017.02.17 11:01:19.215,0.86212,0.86221,1.12,1.44
2017.02.17 11:01:19.721,0.86211,0.8622,1.00,4.12
2017.02.17 11:01:20.227,0.8621,0.86219,1.00,2.25
2017.02.17 11:01:20.665,0.86212,0.86219,1.00,1.87
2017.02.17 11:01:20.716,0.86209,0.86219,1.00,1.87
2017.02.17 11:01:20.828,0.86212,0.86219,1.00,2.62
2017.02.17 11:01:20.929,0.86209,0.86218,1.00,1.50
2017.02.17 11:01:21.030,0.86213,0.86218,1.00,1.50
2017.02.17 11:01:21.183,0.86211,0.8622,1.50,4.87
2017.02.17 11:01:21.544,0.86209,0.86219,1.12,3.00
2017.02.17 11:01:21.984,0.86208,0.86216,1.12,1.00
2017.02.17 11:01:22.499,0.86208,0.86218,1.50,3.00
2017.02.17 11:01:23.353,0.86209,0.86217,1.00,1.00
2017.02.17 11:01:23.934,0.8621,0.86218,1.00,1.00
2017.02.17 11:01:24.438,0.86209,0.86218,2.62,1.12
2017.02.17 11:01:25.182,0.8621,0.86218,1.00,1.12
2017.02.17 11:01:25.641,0.8621,0.86218,1.12,3.75
2017.02.17 11:01:25.945,0.86207,0.86216,1.50,3.75
2017.02.17 11:01:25.996,0.86207,0.86212,1.50,1.00
2017.02.17 11:01:26.148,0.86202,0.86209,1.12,1.00
2017.02.17 11:01:27.251,0.86202,0.86211,2.25,1.00
2017.02.17 11:01:27.554,0.86203,0.86212,3.75,1.50
2017.02.17 11:01:27.958,0.86207,0.86214,1.00,2.25
2017.02.17 11:01:29.345,0.86205,0.86214,1.12,3.75
2017.02.17 11:01:29.548,0.86202,0.8621,1.00,1.12
2017.02.17 11:01:30.704,0.86202,0.86209,1.00,1.00
2017.02.17 11:01:31.435,0.862,0.86209,2.62,1.00
2017.02.17 11:01:31.486,0.86201,0.8621,1.37,1.00
2017.02.17 11:01:31.640,0.86204,0.86213,1.12,1.50
2017.02.17 11:01:32.068,0.86208,0.86214,1.00,1.00
2017.02.17 11:01:32.270,0.86207,0.86216,1.50,2.62
2017.02.17 11:01:33.443,0.86207,0.86216,1.00,2.25
2017.02.17 11:01:33.595,0.86205,0.86214,1.87,1.12
2017.02.17 11:01:33.646,0.86205,0.86214,1.00,5.25
2017.02.17 11:01:33.697,0.86202,0.86213,2.25,2.25
2017.02.17 11:01:33.747,0.86202,0.86212,2.62,1.75
2017.02.17 11:01:34.294,0.86202,0.86211,1.00,1.87
2017.02.17 11:01:35.100,0.86207,0.86211,1.00,1.87
2017.02.17 11:01:35.266,0.86207,0.86215,1.00,1.37
2017.02.17 11:01:35.815,0.8621,0.86217,1.00,4.50
2017.02.17 11:01:35.866,0.86212,0.86217,1.00,1.50
2017.02.17 11:01:35.967,0.86206,0.86214,4.12,1.00
2017.02.17 11:01:36.069,0.86208,0.86212,1.00,1.00
2017.02.17 11:01:36.372,0.86206,0.8621,1.00,1.00
2017.02.17 11:01:37.360,0.86202,0.8621,1.00,1.00
2017.02.17 11:01:39.237,0.86202,0.86211,1.50,1.00
2017.02.17 11:01:39.339,0.86204,0.86211,1.00,1.00
2017.02.17 11:01:39.546,0.86204,0.86213,1.12,1.00
2017.02.17 11:01:40.278,0.86204,0.86215,1.50,1.87
2017.02.17 11:01:41.660,0.86204,0.86212,1.12,1.00
2017.02.17 11:01:42.190,0.86204,0.86211,1.12,1.00
2017.02.17 11:01:42.822,0.86203,0.86211,1.87,1.00
2017.02.17 11:01:43.351,0.86203,0.86211,1.37,1.00
2017.02.17 11:01:43.504,0.86203,0.86213,1.87,1.87
2017.02.17 11:01:43.625,0.86203,0.86211,1.00,1.00
2017.02.17 11:01:43.879,0.86199,0.86208,1.87,1.00
2017.02.17 11:01:44.134,0.86201,0.86208,1.00,1.50
2017.02.17 11:01:44.814,0.86201,0.86209,1.00,1.12
2017.02.17 11:01:45.321,0.862,0.86209,1.00,1.50
2017.02.17 11:01:45.866,0.86199,0.86209,1.00,1.50
2017.02.17 11:01:46.396,0.86202,0.86208,1.00,1.00
2017.02.17 11:01:46.701,0.86202,0.86211,2.25,1.00
2017.02.17 11:01:47.238,0.86203,0.86213,1.12,4.12
2017.02.17 11:01:47.670,0.86202,0.86211,1.50,1.50
2017.02.17 11:01:47.873,0.86203,0.86212,3.00,1.00
2017.02.17 11:01:47.923,0.86208,0.86213,1.00,1.12
2017.02.17 11:01:48.485,0.86208,0.86214,1.00,1.87
2017.02.17 11:01:48.990,0.86205,0.86214,1.00,1.87
2017.02.17 11:01:49.821,0.86204,0.86214,2.25,1.00
2017.02.17 11:01:50.119,0.86207,0.86214,1.50,1.12
2017.02.17 11:01:50.659,0.86207,0.86215,1.00,3.32
2017.02.17 11:01:51.978,0.86206,0.86215,1.00,3.75
2017.02.17 11:01:52.483,0.86205,0.86214,1.87,1.00
2017.02.17 11:01:52.813,0.86207,0.86216,1.87,1.07
2017.02.17 11:01:53.319,0.86208,0.86218,1.87,3.75
2017.02.17 11:01:53.622,0.86212,0.86217,1.00,1.44
2017.02.17 11:01:54.183,0.86212,0.86216,1.00,1.00
2017.02.17 11:01:54.640,0.86207,0.86217,3.00,1.87
2017.02.17 11:01:54.792,0.86207,0.86217,1.50,4.87
2017.02.17 11:01:55.122,0.86212,0.86217,1.00,2.25
2017.02.17 11:01:56.234,0.86211,0.86217,1.00,2.25
2017.02.17 11:01:56.979,0.86209,0.86215,1.00,3.00
2017.02.17 11:01:57.029,0.86207,0.86215,1.50,3.37
2017.02.17 11:01:57.232,0.86208,0.86217,1.00,1.75
2017.02.17 11:01:58.126,0.86209,0.86215,1.00,1.12
2017.02.17 11:01:58.633,0.86209,0.86215,1.00,3.37
2017.02.17 11:01:58.684,0.86207,0.86215,1.00,3.37
2017.02.17 11:01:59.189,0.86207,0.86213,1.50,1.44
2017.02.17 11:01:59.392,0.86207,0.86215,1.00,5.57
2017.02.17 11:01:59.695,0.86206,0.86216,1.50,2.19
2017.02.17 11:02:00.200,0.86208,0.86215,1.00,1.00
2017.02.17 11:02:00.638,0.86205,0.86214,4.50,1.00
2017.02.17 11:02:00.739,0.86205,0.86209,1.50,1.00
2017.02.17 11:02:00.891,0.86199,0.86208,2.62,1.00
2017.02.17 11:02:01.144,0.86198,0.86207,2.62,1.00
2017.02.17 11:02:01.652,0.86198,0.86207,1.00,4.87
2017.02.17 11:02:02.285,0.86198,0.86205,1.00,1.00
2017.02.17 11:02:02.792,0.86197,0.86205,1.12,1.37
2017.02.17 11:02:03.297,0.86196,0.86204,1.50,1.00
2017.02.17 11:02:03.398,0.86198,0.86207,1.00,4.38
2017.02.17 11:02:03.601,0.86194,0.86203,1.50,1.50
2017.02.17 11:02:04.121,0.86192,0.86201,3.37,1.00
2017.02.17 11:02:04.626,0.86192,0.86202,5.25,1.12
2017.02.17 11:02:04.814,0.86192,0.862,5.25,1.00
2017.02.17 11:02:04.865,0.86192,0.86202,4.87,1.50
2017.02.17 11:02:05.218,0.86192,0.86201,2.62,1.87
2017.02.17 11:02:05.528,0.86188,0.86196,1.00,1.00
2017.02.17 11:02:05.834,0.86187,0.86194,1.00,1.00
2017.02.17 11:02:06.003,0.86188,0.86196,1.50,1.12
2017.02.17 11:02:06.060,0.86193,0.86197,1.00,2.50
2017.02.17 11:02:06.212,0.86193,0.86201,1.87,4.38
2017.02.17 11:02:06.617,0.86193,0.86202,1.00,2.88
2017.02.17 11:02:07.117,0.86192,0.86198,2.62,1.00
2017.02.17 11:02:07.522,0.86192,0.862,1.00,1.50
2017.02.17 11:02:07.842,0.86192,0.86202,2.62,1.50
2017.02.17 11:02:08.350,0.86192,0.86201,2.25,1.00
2017.02.17 11:02:08.806,0.86192,0.86199,1.50,1.00
2017.02.17 11:02:09.156,0.86188,0.86196,1.50,1.00
2017.02.17 11:02:09.510,0.86189,0.86195,2.25,1.00
2017.02.17 11:02:09.611,0.86187,0.86195,2.62,1.50
2017.02.17 11:02:10.121,0.86187,0.86193,1.50,1.00
2017.02.17 11:02:10.626,0.86187,0.86195,1.12,1.12
2017.02.17 11:02:10.778,0.86187,0.86192,1.50,1.00
2017.02.17 11:02:11.168,0.86185,0.86189,1.50,1.00
2017.02.17 11:02:11.320,0.86187,0.86192,1.00,1.00
2017.02.17 11:02:11.522,0.86187,0.86194,1.00,2.25
2017.02.17 11:02:12.028,0.86188,0.86195,1.00,1.37
2017.02.17 11:02:12.427,0.86187,0.86193,1.00,2.25
2017.02.17 11:02:12.528,0.86187,0.86194,1.12,1.50
2017.02.17 11:02:13.003,0.86187,0.86191,1.00,1.00
2017.02.17 11:02:13.245,0.86187,0.86193,1.00,1.12
2017.02.17 11:02:13.711,0.86183,0.86193,2.25,1.37
2017.02.17 11:02:13.913,0.86184,0.86194,1.37,1.87
2017.02.17 11:02:13.964,0.86184,0.86194,1.87,5.62
2017.02.17 11:02:14.276,0.86187,0.86194,1.00,4.87
2017.02.17 11:02:14.327,0.86184,0.86192,1.00,1.00
2017.02.17 11:02:14.580,0.86187,0.86191,1.00,1.00
2017.02.17 11:02:14.631,0.86187,0.86194,1.00,1.50
2017.02.17 11:02:14.884,0.86187,0.86195,1.37,1.00
2017.02.17 11:02:15.125,0.86187,0.86191,1.00,1.00
2017.02.17 11:02:15.278,0.86187,0.86194,1.00,2.25
2017.02.17 11:02:15.793,0.86187,0.86195,1.12,1.50
2017.02.17 11:02:15.894,0.86187,0.86192,1.00,1.00
2017.02.17 11:02:16.250,0.86187,0.86195,1.50,1.12
2017.02.17 11:02:16.755,0.86186,0.86193,1.50,1.00
2017.02.17 11:02:17.161,0.86188,0.86195,1.00,1.50
2017.02.17 11:02:17.472,0.86185,0.86191,1.12,1.00
2017.02.17 11:02:17.624,0.86181,0.8619,2.62,1.00
2017.02.17 11:02:17.936,0.86187,0.86191,1.00,1.12
2017.02.17 11:02:18.042,0.86182,0.8619,1.00,1.00
2017.02.17 11:02:18.144,0.86187,0.86191,1.00,1.12
2017.02.17 11:02:18.247,0.86181,0.86188,3.00,1.00
2017.02.17 11:02:18.652,0.86181,0.86189,1.87,1.00
2017.02.17 11:02:18.987,0.86187,0.86191,1.00,1.87
2017.02.17 11:02:19.038,0.8618,0.86187,3.37,1.00
2017.02.17 11:02:19.543,0.86182,0.86189,1.00,1.12
2017.02.17 11:02:19.695,0.86187,0.86191,1.00,1.87
2017.02.17 11:02:20.099,0.86183,0.86191,1.00,1.37
2017.02.17 11:02:20.618,0.86182,0.8619,1.12,1.50
2017.02.17 11:02:22.173,0.86181,0.86189,1.37,1.00
2017.02.17 11:02:22.699,0.86181,0.86189,1.12,1.50
2017.02.17 11:02:23.325,0.86179,0.86188,4.12,1.00
2017.02.17 11:02:23.376,0.86178,0.86186,4.50,1.00
2017.02.17 11:02:23.801,0.86182,0.86187,1.00,1.12
2017.02.17 11:02:24.054,0.86179,0.86188,4.12,1.87
2017.02.17 11:02:24.156,0.86184,0.86188,1.00,1.00
2017.02.17 11:02:24.257,0.86187,0.86192,1.00,2.62
2017.02.17 11:02:24.358,0.86187,0.86193,1.00,1.12
2017.02.17 11:02:24.870,0.86187,0.86194,1.00,1.50
2017.02.17 11:02:25.547,0.86187,0.86195,1.00,1.00
2017.02.17 11:02:26.666,0.86188,0.86192,1.00,1.00
2017.02.17 11:02:26.947,0.86183,0.86192,2.25,1.37
2017.02.17 11:02:27.049,0.86185,0.86194,1.35,1.50
2017.02.17 11:02:27.352,0.86187,0.86195,1.12,1.87
2017.02.17 11:02:27.675,0.86187,0.86192,1.12,1.00
2017.02.17 11:02:27.845,0.86186,0.86194,1.00,1.00
2017.02.17 11:02:28.350,0.86187,0.86194,1.87,1.00
2017.02.17 11:02:28.907,0.86187,0.86195,1.87,1.12
2017.02.17 11:02:34.483,0.86187,0.86194,1.12,1.00
2017.02.17 11:02:36.116,0.86188,0.86194,1.00,1.00
2017.02.17 11:02:38.709,0.86188,0.86197,1.00,3.00
2017.02.17 11:02:38.760,0.86191,0.86197,1.00,1.12
2017.02.17 11:02:38.912,0.86193,0.86201,1.00,1.00
2017.02.17 11:02:38.962,0.86197,0.86202,1.00,1.12
2017.02.17 11:02:39.064,0.86197,0.86204,1.00,1.12
2017.02.17 11:02:39.643,0.86195,0.86203,2.25,1.00
2017.02.17 11:02:39.694,0.86195,0.86201,1.50,1.00
2017.02.17 11:02:39.846,0.86194,0.862,1.00,1.00
2017.02.17 11:02:40.098,0.86191,0.86199,2.25,1.00
2017.02.17 11:02:40.300,0.86196,0.86201,1.00,3.00
2017.02.17 11:02:40.401,0.86191,0.86198,1.37,1.00
2017.02.17 11:02:40.452,0.86196,0.86201,1.00,1.87
2017.02.17 11:02:41.677,0.86191,0.86199,1.50,1.00
2017.02.17 11:02:42.730,0.86197,0.86202,1.37,2.62
2017.02.17 11:02:42.932,0.86202,0.86206,1.00,1.00
2017.02.17 11:02:43.185,0.86202,0.86208,1.00,1.00
2017.02.17 11:02:44.225,0.86199,0.86207,1.37,1.00
2017.02.17 11:02:44.276,0.86202,0.86207,1.00,1.00
2017.02.17 11:02:44.378,0.86202,0.86209,1.00,2.25
2017.02.17 11:02:44.782,0.86203,0.86211,1.12,1.87
2017.02.17 11:02:44.883,0.86207,0.86211,1.00,1.50
2017.02.17 11:02:45.420,0.86207,0.86212,1.00,1.12
2017.02.17 11:02:45.963,0.86207,0.86211,1.00,1.00
2017.02.17 11:02:50.375,0.86202,0.8621,1.12,1.00
2017.02.17 11:02:51.071,0.86202,0.86211,2.62,2.25
2017.02.17 11:02:51.375,0.86203,0.86209,1.12,1.00
2017.02.17 11:02:56.565,0.86203,0.86211,1.50,1.12
2017.02.17 11:02:59.942,0.86203,0.86211,1.12,1.50
2017.02.17 11:03:00.449,0.86203,0.86211,1.00,1.87
2017.02.17 11:03:00.610,0.86202,0.86208,1.50,1.00
2017.02.17 11:03:00.762,0.86199,0.86208,2.94,1.00
2017.02.17 11:03:00.814,0.86202,0.86208,1.00,1.00
2017.02.17 11:03:01.126,0.86198,0.86207,5.94,1.00
2017.02.17 11:03:01.280,0.86199,0.86203,1.00,1.00
2017.02.17 11:03:01.331,0.86199,0.86207,1.50,1.12
2017.02.17 11:03:01.533,0.86199,0.86207,2.19,1.00
2017.02.17 11:03:01.584,0.86199,0.86207,2.19,1.00
2017.02.17 11:03:01.787,0.862,0.86209,2.19,1.00
2017.02.17 11:03:02.308,0.86202,0.86209,1.00,1.00
2017.02.17 11:03:02.669,0.862,0.86208,1.81,1.00
2017.02.17 11:03:03.023,0.86202,0.86211,1.00,2.62
2017.02.17 11:03:03.547,0.86201,0.86209,1.00,1.12
2017.02.17 11:03:04.526,0.86202,0.86209,1.00,1.00
2017.02.17 11:03:04.973,0.86202,0.86209,1.00,3.75
2017.02.17 11:03:06.166,0.862,0.86209,1.00,3.75
2017.02.17 11:03:06.267,0.86199,0.86205,1.06,1.00
2017.02.17 11:03:06.570,0.86195,0.86203,1.37,1.00
2017.02.17 11:03:06.851,0.86196,0.862,1.00,1.00
2017.02.17 11:03:06.952,0.86194,0.862,2.62,1.00
2017.02.17 11:03:07.591,0.86193,0.86201,3.37,1.00
2017.02.17 11:03:07.642,0.86196,0.862,1.00,1.00
2017.02.17 11:03:07.744,0.86193,0.862,1.87,1.00
2017.02.17 11:03:08.262,0.86193,0.86199,1.12,1.50
2017.02.17 11:03:09.416,0.86193,0.86198,1.50,1.00
2017.02.17 11:03:11.023,0.86192,0.86198,1.12,1.00
2017.02.17 11:03:11.871,0.8619,0.86198,3.00,1.00
2017.02.17 11:03:12.071,0.86193,0.86198,1.00,1.00
2017.02.17 11:03:12.821,0.86191,0.86198,1.00,1.00
2017.02.17 11:03:13.326,0.8619,0.86198,1.87,1.00
2017.02.17 11:03:13.939,0.86191,0.86198,1.00,1.00
2017.02.17 11:03:14.298,0.86188,0.86194,2.62,1.00
2017.02.17 11:03:14.450,0.86188,0.86194,1.12,1.00
2017.02.17 11:03:14.975,0.86187,0.86194,1.00,1.12
2017.02.17 11:03:15.026,0.86191,0.86196,1.00,7.12
2017.02.17 11:03:15.077,0.86187,0.86194,1.00,1.87
2017.02.17 11:03:15.305,0.86192,0.86196,1.00,1.50
2017.02.17 11:03:15.389,0.86188,0.86196,3.75,1.12
2017.02.17 11:03:15.939,0.86189,0.86196,1.50,1.87
2017.02.17 11:03:16.206,0.86188,0.86192,1.00,1.00
2017.02.17 11:03:16.408,0.86186,0.86192,1.12,1.00
2017.02.17 11:03:16.762,0.86188,0.86193,1.00,1.87
2017.02.17 11:03:16.914,0.86186,0.86193,1.50,1.00
2017.02.17 11:03:17.441,0.86188,0.86194,1.00,1.00
2017.02.17 11:03:18.234,0.86187,0.86194,1.50,1.00
2017.02.17 11:03:18.558,0.86187,0.86192,1.00,1.50
2017.02.17 11:03:19.064,0.86187,0.86191,1.00,1.00
2017.02.17 11:03:20.145,0.86187,0.86193,1.00,1.00
2017.02.17 11:03:20.316,0.8619,0.86194,1.00,2.25
2017.02.17 11:03:20.468,0.86187,0.86196,2.25,1.87
2017.02.17 11:03:21.011,0.86188,0.86197,1.00,1.50
2017.02.17 11:03:21.236,0.86193,0.86197,1.00,1.12
2017.02.17 11:03:21.767,0.86194,0.86198,1.00,1.00
2017.02.17 11:03:22.292,0.86192,0.86199,1.00,1.50
2017.02.17 11:03:22.943,0.86192,0.86197,1.00,1.00
2017.02.17 11:03:23.449,0.86192,0.86196,1.00,1.00
2017.02.17 11:03:24.317,0.86188,0.86192,1.50,1.00
2017.02.17 11:03:24.780,0.86187,0.86194,1.12,1.12
2017.02.17 11:03:26.329,0.86188,0.86195,1.12,1.50
2017.02.17 11:03:26.840,0.86187,0.86195,2.62,1.00
2017.02.17 11:03:27.391,0.86192,0.86196,1.00,3.00
2017.02.17 11:03:27.537,0.86185,0.86194,6.22,1.00
2017.02.17 11:03:27.589,0.8619,0.86196,1.37,1.12
2017.02.17 11:03:27.838,0.86192,0.86199,1.00,1.50
2017.02.17 11:03:29.022,0.86192,0.86199,1.00,1.50
2017.02.17 11:03:29.424,0.86192,0.86197,1.00,1.00
2017.02.17 11:03:29.947,0.86193,0.86197,1.00,1.00
2017.02.17 11:03:30.150,0.86192,0.86198,1.37,1.00
2017.02.17 11:03:30.302,0.86192,0.862,1.00,1.00
2017.02.17 11:03:30.353,0.86197,0.86201,1.00,3.37
2017.02.17 11:03:30.405,0.86193,0.86198,1.00,1.00
2017.02.17 11:03:30.456,0.86194,0.86198,1.00,1.00
2017.02.17 11:03:30.557,0.86192,0.86198,1.00,1.00
2017.02.17 11:03:30.946,0.86195,0.862,1.00,1.50
2017.02.17 11:03:31.300,0.86196,0.86202,3.37,1.00
2017.02.17 11:03:31.490,0.86194,0.86201,1.87,1.00
2017.02.17 11:03:32.046,0.86193,0.86201,2.85,2.25
2017.02.17 11:03:32.249,0.86198,0.86202,1.00,1.00
2017.02.17 11:03:33.498,0.86196,0.862,1.00,1.00
2017.02.17 11:03:36.255,0.86197,0.86201,1.00,1.00
2017.02.17 11:03:36.817,0.86197,0.86202,1.00,1.00
2017.02.17 11:03:38.923,0.86197,0.86202,1.00,1.87
2017.02.17 11:03:39.690,0.86197,0.86202,1.00,1.37
2017.02.17 11:03:39.868,0.862,0.86204,1.00,1.00
2017.02.17 11:03:40.122,0.86202,0.86206,1.00,1.00
2017.02.17 11:03:40.790,0.86202,0.86207,1.37,1.12
2017.02.17 11:03:41.044,0.86202,0.86211,1.87,1.50
2017.02.17 11:03:41.095,0.86202,0.86211,3.00,1.37
2017.02.17 11:03:41.146,0.86203,0.86213,1.37,3.00
2017.02.17 11:03:41.248,0.86203,0.86211,1.12,1.00
2017.02.17 11:03:41.777,0.86202,0.86211,4.12,1.00
2017.02.17 11:03:41.828,0.86202,0.86211,2.25,1.00
2017.02.17 11:03:41.879,0.86207,0.86212,1.00,1.12
2017.02.17 11:03:42.385,0.86207,0.86214,1.12,1.50
2017.02.17 11:03:42.728,0.86205,0.86211,2.62,1.00
2017.02.17 11:03:42.779,0.86205,0.86213,2.25,1.12
2017.02.17 11:03:42.932,0.86203,0.86213,4.87,1.00
2017.02.17 11:03:43.434,0.86205,0.86214,1.00,2.25
2017.02.17 11:03:43.536,0.86207,0.86214,1.00,1.50
2017.02.17 11:03:45.921,0.86205,0.86214,1.12,1.12
2017.02.17 11:03:46.452,0.86206,0.86214,1.12,1.87
2017.02.17 11:03:46.894,0.86204,0.86213,1.12,1.00
2017.02.17 11:03:47.210,0.86203,0.86211,2.62,1.12
2017.02.17 11:03:47.728,0.86207,0.86211,1.00,1.00
2017.02.17 11:03:48.248,0.86207,0.86211,1.00,1.12
2017.02.17 11:03:49.836,0.86206,0.86211,1.00,1.50
2017.02.17 11:03:52.234,0.86207,0.86213,1.00,2.25
2017.02.17 11:03:52.833,0.86207,0.86213,1.00,2.25
2017.02.17 11:03:54.411,0.86208,0.86212,1.00,1.00
2017.02.17 11:03:55.033,0.86207,0.86213,1.00,1.50
2017.02.17 11:03:55.084,0.86209,0.86213,1.00,1.00
2017.02.17 11:03:55.291,0.86212,0.86216,1.00,1.50
2017.02.17 11:03:56.072,0.86212,0.86217,1.00,1.87
2017.02.17 11:03:56.618,0.86212,0.86218,1.00,3.00
2017.02.17 11:03:56.770,0.86213,0.86218,1.00,1.50
2017.02.17 11:03:56.821,0.8621,0.86219,1.00,4.12
2017.02.17 11:03:56.971,0.8621,0.86219,1.50,2.25
2017.02.17 11:03:57.024,0.86212,0.86219,1.00,1.75
2017.02.17 11:03:58.112,0.86212,0.86219,1.00,1.50
2017.02.17 11:03:58.213,0.8621,0.86219,1.12,1.50
2017.02.17 11:03:58.840,0.8621,0.86219,1.12,1.75
2017.02.17 11:03:59.179,0.86209,0.86215,1.00,1.00
2017.02.17 11:03:59.230,0.86209,0.86218,1.00,2.25
2017.02.17 11:03:59.281,0.86212,0.86217,1.00,1.00
2017.02.17 11:03:59.332,0.86208,0.86217,1.00,1.00
2017.02.17 11:03:59.585,0.86211,0.86219,1.00,3.75
2017.02.17 11:03:59.927,0.86209,0.86219,1.12,1.87
2017.02.17 11:04:00.353,0.86209,0.86217,1.50,1.00
2017.02.17 11:04:00.455,0.86208,0.86217,1.00,1.00
2017.02.17 11:04:00.596,0.86212,0.86218,1.00,2.62
2017.02.17 11:04:00.647,0.86208,0.86217,1.00,1.50
2017.02.17 11:04:01.152,0.86207,0.86217,1.50,1.12
2017.02.17 11:04:01.529,0.86206,0.86214,1.50,1.87
2017.02.17 11:04:01.782,0.86202,0.86214,5.62,2.62
2017.02.17 11:04:01.934,0.86207,0.86213,1.00,1.12
2017.02.17 11:04:02.036,0.86205,0.86213,1.00,1.50
2017.02.17 11:04:02.087,0.86207,0.86214,1.00,3.37
2017.02.17 11:04:02.390,0.86213,0.86218,1.00,1.12
2017.02.17 11:04:02.599,0.86208,0.86214,1.12,1.00
2017.02.17 11:04:03.237,0.86204,0.86211,1.50,1.00
2017.02.17 11:04:03.540,0.86202,0.86211,1.00,2.62
2017.02.17 11:04:03.641,0.86202,0.86211,1.00,1.37
2017.02.17 11:04:03.743,0.86207,0.86212,1.00,1.44
2017.02.17 11:04:03.844,0.86202,0.86212,3.37,1.06
2017.02.17 11:04:04.147,0.86202,0.8621,1.12,1.12
2017.02.17 11:04:04.577,0.86203,0.86212,1.50,1.50
2017.02.17 11:04:05.082,0.86202,0.86212,1.50,1.50
2017.02.17 11:04:05.133,0.86202,0.86209,1.50,1.37
2017.02.17 11:04:05.367,0.86202,0.8621,1.12,1.00
2017.02.17 11:04:05.874,0.86202,0.86209,1.12,1.50
2017.02.17 11:04:06.420,0.86202,0.8621,1.00,1.12
2017.02.17 11:04:06.471,0.862,0.8621,1.12,1.12
2017.02.17 11:04:06.825,0.86202,0.8621,1.00,1.00
2017.02.17 11:04:07.901,0.86202,0.86211,1.50,1.50
2017.02.17 11:04:08.997,0.86207,0.86211,1.00,1.12
2017.02.17 11:04:09.099,0.86207,0.86213,1.00,1.00
2017.02.17 11:04:09.150,0.86204,0.86213,1.12,1.00
2017.02.17 11:04:09.666,0.86204,0.86214,1.87,1.12
2017.02.17 11:04:11.199,0.86208,0.86214,1.00,1.12
2017.02.17 11:04:12.137,0.86208,0.86213,1.00,1.00
2017.02.17 11:04:12.339,0.86204,0.86214,1.00,2.62
2017.02.17 11:04:12.491,0.86205,0.86215,1.00,2.25
2017.02.17 11:04:12.996,0.86205,0.86214,1.00,2.25
2017.02.17 11:04:13.886,0.86207,0.86214,1.00,1.50
2017.02.17 11:04:14.222,0.86207,0.86217,3.37,1.12
2017.02.17 11:04:14.789,0.86207,0.86217,3.75,1.00
2017.02.17 11:04:15.678,0.86206,0.86215,3.00,1.07
2017.02.17 11:04:15.982,0.862,0.86205,3.75,1.31
2017.02.17 11:04:16.033,0.86197,0.86205,1.00,1.31
2017.02.17 11:04:16.336,0.86195,0.86204,2.62,1.00
2017.02.17 11:04:16.589,0.86195,0.86203,1.00,2.62
2017.02.17 11:04:17.019,0.86192,0.86201,3.37,2.25
2017.02.17 11:04:17.474,0.86193,0.86202,1.00,3.31
2017.02.17 11:04:17.676,0.86192,0.86201,1.50,1.37
2017.02.17 11:04:17.828,0.8619,0.862,1.00,1.50
2017.02.17 11:04:18.094,0.86191,0.86197,1.00,1.00
2017.02.17 11:04:18.296,0.86192,0.862,1.50,1.00
2017.02.17 11:04:18.448,0.8619,0.862,2.25,1.06
2017.02.17 11:04:18.549,0.86189,0.86199,2.62,1.81
2017.02.17 11:04:19.057,0.86189,0.86198,1.87,1.44
2017.02.17 11:04:19.376,0.86192,0.86199,1.00,1.81
2017.02.17 11:04:19.629,0.86192,0.862,1.00,1.00
2017.02.17 11:04:20.134,0.86192,0.862,1.00,1.31
2017.02.17 11:04:20.543,0.86192,0.86201,1.00,1.00
2017.02.17 11:04:20.896,0.86191,0.862,1.87,1.37
2017.02.17 11:04:21.432,0.86192,0.86201,1.00,4.12
2017.02.17 11:04:21.835,0.86197,0.86201,1.00,1.50
2017.02.17 11:04:22.038,0.86197,0.86202,1.00,1.12
2017.02.17 11:04:22.814,0.86197,0.86203,1.00,1.00
2017.02.17 11:04:23.451,0.86197,0.86203,1.00,1.37
2017.02.17 11:04:25.602,0.86197,0.86203,1.00,1.12
2017.02.17 11:04:26.205,0.86197,0.86204,1.00,2.62
2017.02.17 11:04:27.090,0.86197,0.86204,1.00,1.50
2017.02.17 11:04:27.632,0.86197,0.86205,1.00,3.37
2017.02.17 11:04:30.358,0.862,0.86206,1.87,2.62
2017.02.17 11:04:30.409,0.86202,0.86209,1.00,2.62
2017.02.17 11:04:30.612,0.86202,0.8621,1.00,1.12
2017.02.17 11:04:31.117,0.86202,0.8621,1.00,4.50
2017.02.17 11:04:32.098,0.86202,0.8621,1.00,4.12
2017.02.17 11:04:33.753,0.86199,0.86208,1.50,1.12
2017.02.17 11:04:33.974,0.86197,0.86206,2.62,1.00
2017.02.17 11:04:34.491,0.86197,0.86206,1.50,2.25
2017.02.17 11:04:35.018,0.86195,0.86203,1.12,1.00
2017.02.17 11:04:35.321,0.86192,0.862,2.25,1.12
2017.02.17 11:04:35.836,0.86192,0.86201,2.25,1.00
2017.02.17 11:04:36.381,0.86193,0.86201,1.00,1.00
2017.02.17 11:04:36.947,0.86193,0.86202,1.50,1.12
2017.02.17 11:04:37.850,0.86198,0.86202,1.00,1.12
2017.02.17 11:04:37.951,0.86193,0.86202,1.00,1.12
2017.02.17 11:04:38.255,0.86195,0.86202,1.00,1.00
2017.02.17 11:04:38.785,0.86194,0.86203,1.00,3.37
2017.02.17 11:04:39.163,0.86195,0.86203,1.00,1.12
2017.02.17 11:04:39.315,0.86197,0.86204,1.00,1.00
2017.02.17 11:04:39.816,0.86198,0.86205,1.00,1.12
2017.02.17 11:04:41.695,0.86194,0.86203,1.50,3.75
2017.02.17 11:04:41.809,0.86195,0.862,1.00,1.00
2017.02.17 11:04:42.144,0.86193,0.86199,1.00,4.87
2017.02.17 11:04:42.346,0.8619,0.86198,1.00,1.12
2017.02.17 11:04:42.548,0.86188,0.86196,1.00,1.00
2017.02.17 11:04:42.700,0.86186,0.86196,1.12,1.12
2017.02.17 11:04:42.751,0.86187,0.86195,1.00,2.62
2017.02.17 11:04:43.004,0.86187,0.86195,1.00,1.00
2017.02.17 11:04:43.631,0.86192,0.86196,1.00,3.75
2017.02.17 11:04:43.682,0.86194,0.86198,1.00,2.62
2017.02.17 11:04:43.732,0.86192,0.86201,1.50,1.50
2017.02.17 11:04:44.238,0.86191,0.86201,1.87,3.37
2017.02.17 11:04:44.440,0.86192,0.86201,1.00,1.00
2017.02.17 11:04:44.946,0.86191,0.86201,1.00,1.50
2017.02.17 11:04:45.296,0.86193,0.86202,1.00,3.75
2017.02.17 11:04:45.599,0.86197,0.86204,1.00,2.62
2017.02.17 11:04:45.852,0.86195,0.86205,1.12,2.25
2017.02.17 11:04:46.361,0.86195,0.86205,1.00,4.50
2017.02.17 11:04:48.132,0.86194,0.86204,1.87,2.62
2017.02.17 11:04:49.088,0.86197,0.86202,1.00,1.12
2017.02.17 11:04:49.139,0.86194,0.86202,1.12,1.12
2017.02.17 11:04:49.292,0.86196,0.86203,1.00,1.50
2017.02.17 11:04:49.394,0.86193,0.86203,1.87,1.50
2017.02.17 11:04:49.445,0.86193,0.86202,1.50,2.25
2017.02.17 11:04:49.773,0.86196,0.86205,1.00,5.25
2017.02.17 11:04:50.279,0.86198,0.86205,1.00,2.25
2017.02.17 11:04:50.380,0.86196,0.86205,1.00,2.25
2017.02.17 11:04:52.094,0.86194,0.86204,1.12,1.12
2017.02.17 11:04:52.643,0.86198,0.86204,1.00,1.00
2017.02.17 11:04:52.974,0.86194,0.86204,3.00,1.50
2017.02.17 11:04:54.651,0.86196,0.86204,1.00,2.25
2017.02.17 11:04:54.803,0.86193,0.86204,1.87,2.25
2017.02.17 11:04:55.259,0.86192,0.86203,2.25,2.62
2017.02.17 11:04:55.792,0.86192,0.86201,1.50,1.00
2017.02.17 11:04:56.293,0.86192,0.86202,1.50,3.37
2017.02.17 11:04:57.431,0.86193,0.86202,1.00,4.12
2017.02.17 11:04:57.956,0.86193,0.86201,1.00,1.12
2017.02.17 11:04:58.411,0.86191,0.86199,1.12,1.50
2017.02.17 11:04:58.613,0.86189,0.86198,1.00,1.50
2017.02.17 11:04:59.392,0.86189,0.86197,1.00,1.00
2017.02.17 11:05:00.472,0.86188,0.86196,1.37,1.00
2017.02.17 11:05:00.791,0.86186,0.86196,3.37,1.50
2017.02.17 11:05:00.842,0.86191,0.86196,1.00,1.50
2017.02.17 11:05:00.944,0.86188,0.86197,1.12,1.37
2017.02.17 11:05:01.298,0.86188,0.86197,1.50,4.87
2017.02.17 11:05:01.592,0.86192,0.86198,1.00,1.00
2017.02.17 11:05:01.693,0.8619,0.86198,1.00,1.00
2017.02.17 11:05:01.997,0.86188,0.86196,1.50,1.00
2017.02.17 11:05:02.657,0.86188,0.86196,2.62,1.00
2017.02.17 11:05:03.255,0.86187,0.86198,3.37,3.37
2017.02.17 11:05:03.610,0.86187,0.86197,1.12,1.87
2017.02.17 11:05:04.398,0.86187,0.86196,1.87,1.75
2017.02.17 11:05:04.499,0.86187,0.86196,1.50,1.12
2017.02.17 11:05:04.954,0.86187,0.86196,1.00,4.50
2017.02.17 11:05:05.464,0.86187,0.86195,1.00,1.00
2017.02.17 11:05:05.803,0.86187,0.86193,1.00,1.12
2017.02.17 11:05:05.955,0.86183,0.86194,4.12,1.37
2017.02.17 11:05:06.069,0.86188,0.86193,1.00,1.00
2017.02.17 11:05:06.323,0.86185,0.86195,2.25,1.37
2017.02.17 11:05:06.424,0.86187,0.86195,1.00,1.37
2017.02.17 11:05:07.262,0.86189,0.86194,1.00,1.00
2017.02.17 11:05:07.566,0.86193,0.86199,1.12,1.00
2017.02.17 11:05:07.667,0.86192,0.86201,1.87,1.50
2017.02.17 11:05:07.971,0.86191,0.86199,1.00,1.00
2017.02.17 11:05:08.124,0.86188,0.86198,1.50,1.37
2017.02.17 11:05:12.122,0.86192,0.86197,1.00,1.00
2017.02.17 11:05:12.670,0.86188,0.86197,1.50,1.00
2017.02.17 11:05:13.237,0.86188,0.86197,1.87,1.37
2017.02.17 11:05:13.531,0.86187,0.86198,4.12,2.25
2017.02.17 11:05:14.063,0.86189,0.86198,1.00,1.50
2017.02.17 11:05:15.327,0.86189,0.86198,1.00,2.25
2017.02.17 11:05:15.849,0.86188,0.86197,1.87,1.00
2017.02.17 11:05:18.076,0.86192,0.86197,1.00,1.00
2017.02.17 11:05:22.444,0.86192,0.86196,1.00,1.00
2017.02.17 11:05:23.038,0.86192,0.86197,1.00,1.00
2017.02.17 11:05:23.724,0.86192,0.86198,1.00,2.19
2017.02.17 11:05:24.197,0.8619,0.86198,1.00,1.12
2017.02.17 11:05:24.248,0.86193,0.862,1.00,2.62
2017.02.17 11:05:24.450,0.86193,0.86202,1.87,2.25
2017.02.17 11:05:25.183,0.86192,0.86202,2.19,3.00
2017.02.17 11:05:25.582,0.86191,0.86199,2.19,1.00
2017.02.17 11:05:25.840,0.86188,0.86198,2.56,1.50
2017.02.17 11:05:27.057,0.86188,0.86199,2.25,2.25
2017.02.17 11:05:27.598,0.86189,0.86197,1.00,1.00
2017.02.17 11:05:28.109,0.86188,0.86198,2.62,1.50
2017.02.17 11:05:28.614,0.86188,0.86199,3.37,2.25
2017.02.17 11:05:29.145,0.8619,0.86199,1.00,1.87
2017.02.17 11:05:29.656,0.86189,0.86199,1.12,2.25
2017.02.17 11:05:32.429,0.86192,0.86199,1.00,1.87
2017.02.17 11:05:32.790,0.86192,0.86197,1.00,1.00
2017.02.17 11:05:33.452,0.86192,0.86198,1.00,1.00
2017.02.17 11:05:33.991,0.86192,0.86199,1.00,3.37
2017.02.17 11:05:34.503,0.86192,0.86199,1.00,3.37
2017.02.17 11:05:35.017,0.86192,0.86199,1.00,3.37
2017.02.17 11:05:35.562,0.86192,0.86198,1.00,1.87
2017.02.17 11:05:36.074,0.86192,0.86197,1.00,1.00
2017.02.17 11:05:36.619,0.86192,0.86198,1.00,1.50
2017.02.17 11:05:37.824,0.86192,0.86199,1.00,1.87
2017.02.17 11:05:38.344,0.86193,0.86199,1.00,1.12
2017.02.17 11:05:38.850,0.86193,0.862,1.00,2.25
2017.02.17 11:05:41.828,0.86192,0.86198,1.00,1.12
2017.02.17 11:05:42.282,0.86188,0.86198,4.12,1.50
2017.02.17 11:05:42.333,0.86188,0.86196,4.50,1.00
2017.02.17 11:05:42.486,0.86187,0.86195,1.50,1.00
2017.02.17 11:05:43.124,0.86185,0.86195,3.69,1.87
2017.02.17 11:05:43.275,0.86187,0.86196,1.31,2.62
2017.02.17 11:05:43.377,0.86186,0.86195,1.06,1.12
2017.02.17 11:05:43.427,0.86191,0.86195,1.00,1.12
2017.02.17 11:05:43.788,0.86186,0.86195,1.06,1.12
2017.02.17 11:05:43.839,0.86188,0.86196,1.00,2.25
2017.02.17 11:05:43.940,0.86186,0.86196,1.06,3.00
2017.02.17 11:05:44.553,0.86187,0.86195,1.00,1.00
2017.02.17 11:05:45.200,0.86185,0.86194,1.31,1.00
2017.02.17 11:05:45.251,0.86187,0.86192,1.00,1.00
2017.02.17 11:05:45.554,0.86186,0.86192,1.00,1.87
2017.02.17 11:05:45.605,0.86187,0.86192,1.00,1.00
2017.02.17 11:05:45.656,0.86187,0.86194,1.00,1.50
2017.02.17 11:05:45.921,0.86187,0.86192,1.00,1.00
2017.02.17 11:05:46.225,0.86187,0.86194,1.00,1.12
2017.02.17 11:05:46.983,0.86187,0.86195,1.00,1.00
2017.02.17 11:05:47.034,0.86192,0.86196,1.00,1.50
2017.02.17 11:05:47.136,0.86192,0.86197,1.00,1.00
2017.02.17 11:05:47.662,0.86192,0.86199,1.00,3.31
2017.02.17 11:05:48.071,0.86192,0.86197,1.00,1.31
2017.02.17 11:05:48.375,0.86187,0.86196,1.06,1.81
2017.02.17 11:05:49.236,0.86187,0.86195,1.00,1.00
2017.02.17 11:05:49.741,0.86185,0.86195,1.87,3.00
2017.02.17 11:05:49.993,0.86185,0.86196,2.56,1.00
2017.02.17 11:05:50.589,0.86185,0.86197,6.75,3.37
2017.02.17 11:05:51.274,0.86185,0.86197,6.00,5.62
2017.02.17 11:05:51.766,0.86185,0.86195,1.50,1.00
2017.02.17 11:05:52.221,0.86187,0.86195,1.00,2.62
2017.02.17 11:05:52.717,0.86187,0.86192,1.00,1.00
2017.02.17 11:05:52.822,0.86187,0.86194,1.00,3.00
2017.02.17 11:05:52.873,0.86186,0.86192,1.00,3.37
2017.02.17 11:05:52.924,0.86183,0.86192,1.81,3.37
2017.02.17 11:05:53.025,0.86187,0.86192,1.00,2.62
2017.02.17 11:05:53.671,0.86187,0.86194,1.00,3.75
2017.02.17 11:05:54.688,0.86187,0.86194,5.25,3.75
2017.02.17 11:05:54.789,0.86187,0.86197,5.25,1.87
2017.02.17 11:05:54.840,0.86192,0.86197,1.00,1.12
2017.02.17 11:05:55.365,0.86192,0.86198,1.00,6.37
2017.02.17 11:05:55.815,0.86189,0.86198,1.00,6.00
2017.02.17 11:05:56.620,0.86192,0.86197,1.00,1.37
2017.02.17 11:05:57.909,0.86192,0.86198,1.00,1.87
2017.02.17 11:05:58.149,0.86188,0.86198,3.00,1.12
2017.02.17 11:05:58.250,0.86193,0.86198,1.00,1.12
2017.02.17 11:05:58.957,0.86192,0.86198,1.00,1.12
2017.02.17 11:06:01.652,0.86192,0.86197,1.00,1.00
2017.02.17 11:06:02.198,0.86192,0.86198,1.00,1.12
2017.02.17 11:06:03.210,0.86192,0.86199,1.00,2.62
2017.02.17 11:06:03.813,0.86192,0.86199,1.00,2.62
2017.02.17 11:06:04.363,0.86193,0.86198,1.00,1.12
2017.02.17 11:06:04.873,0.86193,0.862,1.00,1.87
2017.02.17 11:06:08.930,0.86192,0.86199,1.00,1.50
2017.02.17 11:06:09.567,0.86192,0.86198,1.00,1.00
2017.02.17 11:06:10.860,0.86193,0.86198,1.00,1.00
2017.02.17 11:06:11.063,0.86188,0.86196,2.25,1.00
2017.02.17 11:06:11.601,0.86189,0.86197,1.12,1.00
2017.02.17 11:06:13.377,0.86193,0.86197,1.00,1.50
2017.02.17 11:06:13.529,0.86188,0.86197,1.00,1.87
2017.02.17 11:06:13.580,0.86192,0.86197,1.00,1.12
2017.02.17 11:06:14.166,0.86192,0.86197,1.00,2.25
2017.02.17 11:06:16.027,0.86191,0.86195,1.00,1.00
2017.02.17 11:06:18.607,0.86187,0.86193,1.00,1.00
2017.02.17 11:06:18.723,0.86185,0.86192,1.00,1.00
2017.02.17 11:06:19.633,0.86185,0.86194,1.00,1.50
2017.02.17 11:06:20.537,0.86185,0.86194,1.00,1.87
2017.02.17 11:06:20.588,0.86181,0.86189,3.00,1.00
2017.02.17 11:06:20.639,0.8618,0.86188,1.12,1.87
2017.02.17 11:06:20.740,0.86182,0.86188,1.00,1.87
2017.02.17 11:06:21.094,0.86182,0.8619,1.00,1.00
2017.02.17 11:06:21.498,0.86186,0.8619,1.00,1.00
2017.02.17 11:06:21.599,0.86187,0.86192,1.00,2.25
2017.02.17 11:06:24.083,0.86187,0.86192,1.00,1.50
2017.02.17 11:06:24.518,0.86183,0.86192,1.12,1.50
2017.02.17 11:06:25.779,0.86182,0.86186,2.64,1.00
2017.02.17 11:06:26.100,0.86187,0.86194,1.00,1.87
2017.02.17 11:06:28.064,0.86188,0.86192,1.00,1.50
2017.02.17 11:06:28.413,0.86185,0.8619,1.00,2.25
2017.02.17 11:06:28.919,0.86185,0.8619,1.00,3.00
2017.02.17 11:06:30.741,0.86187,0.86193,1.00,3.00
2017.02.17 11:06:31.041,0.86185,0.8619,1.00,1.87
2017.02.17 11:06:31.650,0.86184,0.86188,1.00,1.00
2017.02.17 11:06:31.700,0.86181,0.86187,1.12,2.62
2017.02.17 11:06:31.802,0.86182,0.86189,1.00,3.00
2017.02.17 11:06:31.903,0.86183,0.86189,1.00,3.00
2017.02.17 11:06:32.433,0.86184,0.8619,1.00,3.37
2017.02.17 11:06:32.773,0.86182,0.86187,1.00,1.00
2017.02.17 11:06:32.875,0.86181,0.86187,1.00,3.00
2017.02.17 11:06:33.026,0.86183,0.86188,1.00,2.62
2017.02.17 11:06:33.481,0.86181,0.86187,1.00,3.37
2017.02.17 11:06:33.536,0.86177,0.86186,1.12,1.87
2017.02.17 11:06:33.757,0.8618,0.86185,1.00,2.62
2017.02.17 11:06:34.288,0.86178,0.86183,1.00,1.00
2017.02.17 11:06:34.794,0.86177,0.86183,1.00,1.00
2017.02.17 11:06:35.536,0.86177,0.86185,1.00,2.25
2017.02.17 11:06:36.053,0.86177,0.86185,1.00,3.75
2017.02.17 11:06:37.343,0.86178,0.86185,1.00,4.12
2017.02.17 11:06:37.444,0.86174,0.86184,1.12,1.37
2017.02.17 11:06:37.666,0.86173,0.86181,1.00,1.12
2017.02.17 11:06:38.205,0.86173,0.86183,1.00,2.25
2017.02.17 11:06:39.348,0.86173,0.86183,1.00,1.50
2017.02.17 11:06:41.544,0.86173,0.86182,1.12,1.00
2017.02.17 11:06:44.054,0.86172,0.86183,2.25,3.00
2017.02.17 11:06:45.251,0.86177,0.86183,1.00,1.50
2017.02.17 11:06:45.555,0.86177,0.86184,1.00,1.00
2017.02.17 11:06:46.088,0.86177,0.86183,1.00,1.12
2017.02.17 11:06:46.607,0.86177,0.86183,1.00,2.25
2017.02.17 11:06:47.585,0.86177,0.86183,1.00,1.00
2017.02.17 11:06:48.985,0.86177,0.86185,1.00,2.25
2017.02.17 11:06:49.490,0.86177,0.86186,1.50,3.37
2017.02.17 11:06:50.701,0.86177,0.86184,1.50,1.00
2017.02.17 11:06:51.988,0.86177,0.86185,1.00,4.50
2017.02.17 11:06:52.511,0.86178,0.86185,1.00,3.37
2017.02.17 11:06:53.436,0.86175,0.86184,1.00,1.87
2017.02.17 11:06:53.537,0.86177,0.86184,1.00,4.12
2017.02.17 11:06:54.903,0.86174,0.86184,1.50,4.12
2017.02.17 11:06:55.411,0.86173,0.86183,2.25,1.50
2017.02.17 11:06:55.462,0.86177,0.86183,1.00,1.50
2017.02.17 11:06:56.429,0.86179,0.86183,1.00,1.00
2017.02.17 11:06:56.480,0.86179,0.86186,1.00,1.00
2017.02.17 11:06:56.631,0.86182,0.86187,1.00,1.50
2017.02.17 11:06:56.838,0.86179,0.86187,1.00,1.50
2017.02.17 11:06:57.242,0.86182,0.86186,1.00,1.12
2017.02.17 11:06:57.744,0.86181,0.86186,1.00,2.62
2017.02.17 11:06:58.864,0.86177,0.86185,1.00,1.12
2017.02.17 11:06:59.015,0.86177,0.86185,1.00,3.37
2017.02.17 11:06:59.325,0.86181,0.86186,1.00,1.50
2017.02.17 11:06:59.477,0.86177,0.86186,1.87,1.00
2017.02.17 11:07:00.022,0.86176,0.86184,1.00,2.62
2017.02.17 11:07:00.174,0.86174,0.86184,2.25,3.37
2017.02.17 11:07:00.578,0.86172,0.86184,3.75,3.37
2017.02.17 11:07:03.880,0.86173,0.86182,1.00,1.87
2017.02.17 11:07:04.400,0.86174,0.86182,1.12,1.87
2017.02.17 11:07:04.451,0.86177,0.86184,1.00,3.37
2017.02.17 11:07:04.603,0.86178,0.86185,1.12,1.50
2017.02.17 11:07:04.704,0.86178,0.86186,1.50,1.00
2017.02.17 11:07:05.371,0.86177,0.86186,1.00,1.50
2017.02.17 11:07:05.877,0.86177,0.86187,1.00,3.37
2017.02.17 11:07:06.426,0.86177,0.86185,1.00,1.00
2017.02.17 11:07:06.548,0.86175,0.86184,1.12,1.00
2017.02.17 11:07:07.053,0.86173,0.86184,2.25,1.12
2017.02.17 11:07:07.104,0.86173,0.86184,3.00,3.37
2017.02.17 11:07:07.530,0.86177,0.86184,1.00,1.87
2017.02.17 11:07:07.754,0.86174,0.86185,2.62,1.12
2017.02.17 11:07:08.549,0.86175,0.86185,1.50,1.00
2017.02.17 11:07:09.090,0.86177,0.86185,1.00,1.12
2017.02.17 11:07:10.120,0.86177,0.86185,1.00,3.37
2017.02.17 11:07:10.621,0.86174,0.86185,2.25,4.12
2017.02.17 11:07:11.184,0.86174,0.86182,1.50,1.00
2017.02.17 11:07:11.286,0.86172,0.86182,4.87,1.12
2017.02.17 11:07:11.900,0.86172,0.86182,2.25,1.87
2017.02.17 11:07:12.103,0.86175,0.86183,1.00,3.37
2017.02.17 11:07:12.406,0.86177,0.86185,1.00,4.12
2017.02.17 11:07:12.659,0.86176,0.86187,2.25,3.00
2017.02.17 11:07:12.798,0.86178,0.86187,2.20,3.00
2017.02.17 11:07:13.346,0.86179,0.86185,1.00,2.62
2017.02.17 11:07:13.450,0.86177,0.86185,1.50,2.62
2017.02.17 11:07:14.099,0.86176,0.86185,2.20,2.62
2017.02.17 11:07:14.408,0.86174,0.86184,2.20,1.37
2017.02.17 11:07:14.560,0.86174,0.86182,2.20,3.00
2017.02.17 11:07:14.863,0.86174,0.8618,2.20,2.62
2017.02.17 11:07:15.191,0.86163,0.86174,2.62,1.50
2017.02.17 11:07:15.242,0.86163,0.86172,1.00,2.62
2017.02.17 11:07:15.496,0.86158,0.86168,1.50,3.00
2017.02.17 11:07:15.648,0.86157,0.86165,1.00,3.00
2017.02.17 11:07:15.952,0.8616,0.86166,1.87,2.62
2017.02.17 11:07:16.048,0.86162,0.86166,1.00,2.25
2017.02.17 11:07:16.101,0.86163,0.86167,1.87,1.87
2017.02.17 11:07:16.152,0.86164,0.8617,1.00,2.62
2017.02.17 11:07:16.254,0.86168,0.86173,1.00,1.37
2017.02.17 11:07:16.427,0.86167,0.86173,1.00,2.25
2017.02.17 11:07:16.478,0.86165,0.86175,1.00,1.37
2017.02.17 11:07:16.580,0.86163,0.86173,2.95,1.12
2017.02.17 11:07:16.631,0.86162,0.86171,1.50,1.00
2017.02.17 11:07:16.944,0.86167,0.86173,1.00,3.37
2017.02.17 11:07:17.198,0.86163,0.86173,1.96,2.62
2017.02.17 11:07:17.249,0.86167,0.86173,1.00,2.62
2017.02.17 11:07:17.351,0.86167,0.86174,1.00,1.50
2017.02.17 11:07:17.639,0.86169,0.86177,1.00,1.00
2017.02.17 11:07:17.690,0.86167,0.86176,1.50,1.00
2017.02.17 11:07:17.843,0.86167,0.86177,5.25,2.25
2017.02.17 11:07:18.144,0.86168,0.86176,1.00,1.75
2017.02.17 11:07:18.674,0.86168,0.86176,1.00,1.50
2017.02.17 11:07:18.978,0.86168,0.86177,1.00,1.12
2017.02.17 11:07:19.860,0.86168,0.86178,1.00,1.87
2017.02.17 11:07:20.260,0.86168,0.86177,1.00,2.62
2017.02.17 11:07:20.563,0.86172,0.86177,1.00,1.12
2017.02.17 11:07:20.967,0.86169,0.86178,1.50,1.00
2017.02.17 11:07:21.381,0.86167,0.86177,1.87,1.00
2017.02.17 11:07:21.533,0.86172,0.86176,1.00,1.00
2017.02.17 11:07:22.114,0.86171,0.86177,1.00,3.37
2017.02.17 11:07:22.216,0.86167,0.86177,1.00,3.37
2017.02.17 11:07:22.569,0.86167,0.86173,1.00,1.00
2017.02.17 11:07:23.088,0.86168,0.86174,1.00,1.12
2017.02.17 11:07:23.470,0.86165,0.86174,1.00,1.37
2017.02.17 11:07:23.622,0.86167,0.86175,2.25,1.50
2017.02.17 11:07:23.825,0.86168,0.86177,1.00,1.50
2017.02.17 11:07:23.977,0.86167,0.86178,3.37,1.12
2017.02.17 11:07:24.610,0.86167,0.86177,2.25,1.00
2017.02.17 11:07:25.126,0.86167,0.86176,4.12,1.00
2017.02.17 11:07:25.556,0.86173,0.86178,1.00,1.37
2017.02.17 11:07:25.606,0.86168,0.86178,1.37,1.37
2017.02.17 11:07:25.657,0.86168,0.86173,1.50,1.00
2017.02.17 11:07:25.708,0.86168,0.86174,1.50,1.00
2017.02.17 11:07:25.860,0.86167,0.86175,3.51,1.87
2017.02.17 11:07:26.164,0.86172,0.86176,1.00,1.50
2017.02.17 11:07:26.366,0.86168,0.86175,1.00,1.00
2017.02.17 11:07:26.468,0.86167,0.86173,1.00,1.12
2017.02.17 11:07:26.812,0.86163,0.86171,1.00,4.12
2017.02.17 11:07:27.167,0.86163,0.86171,1.00,1.87
2017.02.17 11:07:27.575,0.86163,0.86169,1.00,1.00
2017.02.17 11:07:27.908,0.86162,0.86168,1.00,5.62
2017.02.17 11:07:28.439,0.86161,0.86167,1.00,2.62
2017.02.17 11:07:28.953,0.8616,0.86166,1.00,3.37
2017.02.17 11:07:29.013,0.86158,0.86166,1.50,2.62
2017.02.17 11:07:29.064,0.86159,0.86166,1.87,2.62
2017.02.17 11:07:29.165,0.8616,0.86168,1.37,1.00
2017.02.17 11:07:29.422,0.86166,0.86171,1.00,4.50
2017.02.17 11:07:29.639,0.86167,0.86171,1.00,1.87
2017.02.17 11:07:29.928,0.86168,0.86174,1.00,1.00
2017.02.17 11:07:30.459,0.86168,0.86173,1.00,1.00
2017.02.17 11:07:30.813,0.86164,0.86174,1.00,2.25
2017.02.17 11:07:31.075,0.86163,0.86172,1.00,1.50
2017.02.17 11:07:31.379,0.86162,0.86173,2.25,2.25
2017.02.17 11:07:31.950,0.86163,0.86173,1.00,1.50
2017.02.17 11:07:32.712,0.86163,0.86172,1.00,1.00
2017.02.17 11:07:33.166,0.86162,0.86169,1.12,1.00
2017.02.17 11:07:33.318,0.86158,0.86169,3.75,1.50
2017.02.17 11:07:33.420,0.86157,0.86168,3.37,1.50
2017.02.17 11:07:33.622,0.86156,0.86163,4.26,1.00
2017.02.17 11:07:33.875,0.86155,0.86164,4.26,5.25
2017.02.17 11:07:34.404,0.86155,0.86163,3.51,1.50
2017.02.17 11:07:34.555,0.86157,0.86163,3.51,1.50
2017.02.17 11:07:34.936,0.86156,0.86162,3.51,1.87
2017.02.17 11:07:35.037,0.86153,0.86162,4.26,1.12
2017.02.17 11:07:35.189,0.86154,0.86163,1.37,1.12
2017.02.17 11:07:35.706,0.86154,0.86163,3.88,1.00
2017.02.17 11:07:36.041,0.86154,0.86162,3.37,1.00
2017.02.17 11:07:36.721,0.86154,0.86163,1.00,1.50
2017.02.17 11:07:37.397,0.86154,0.86161,4.26,1.00
2017.02.17 11:07:37.744,0.86154,0.86163,1.00,2.25
2017.02.17 11:07:39.555,0.86155,0.86163,1.00,1.50
2017.02.17 11:07:40.081,0.86153,0.86163,1.50,1.50
2017.02.17 11:07:40.630,0.86153,0.86163,1.37,1.87
2017.02.17 11:07:41.217,0.86155,0.86162,1.00,1.12
2017.02.17 11:07:41.421,0.86153,0.86161,1.00,1.00
2017.02.17 11:07:41.931,0.86153,0.8616,1.00,1.00
2017.02.17 11:07:42.641,0.86152,0.8616,1.12,1.00
2017.02.17 11:07:44.946,0.86153,0.8616,1.00,1.50
2017.02.17 11:07:49.432,0.86153,0.86161,1.87,1.00
2017.02.17 11:07:49.952,0.86153,0.86162,3.75,1.50
2017.02.17 11:07:53.711,0.86154,0.86161,1.12,1.00
2017.02.17 11:07:54.744,0.86158,0.86163,1.00,1.37
2017.02.17 11:07:54.946,0.86158,0.86165,1.50,1.00
2017.02.17 11:07:55.695,0.86158,0.86166,1.00,1.12
2017.02.17 11:07:57.177,0.86159,0.86166,1.00,1.00
2017.02.17 11:07:57.380,0.86157,0.86166,1.50,1.50
2017.02.17 11:07:58.337,0.86156,0.86164,1.12,1.00
2017.02.17 11:07:58.921,0.86155,0.86164,1.00,5.25
2017.02.17 11:07:59.040,0.86157,0.86164,1.00,3.00
2017.02.17 11:07:59.575,0.86157,0.86164,1.00,2.25
2017.02.17 11:08:00.124,0.86156,0.86164,1.50,1.87
2017.02.17 11:08:00.635,0.86154,0.86164,2.62,2.62
2017.02.17 11:08:00.999,0.86154,0.86162,1.50,1.00
2017.02.17 11:08:05.003,0.86154,0.86161,1.12,1.00
2017.02.17 11:08:06.792,0.86153,0.86162,3.75,1.50
2017.02.17 11:08:07.096,0.86157,0.86162,1.00,1.87
2017.02.17 11:08:07.978,0.86157,0.86161,1.00,1.12
2017.02.17 11:08:11.169,0.86154,0.86158,1.00,1.00
2017.02.17 11:08:11.220,0.86153,0.86158,1.00,1.12
2017.02.17 11:08:11.321,0.86152,0.8616,1.12,1.12
2017.02.17 11:08:11.372,0.86152,0.86158,1.00,1.00
2017.02.17 11:08:11.683,0.86152,0.8616,1.87,1.50
2017.02.17 11:08:12.468,0.86152,0.86161,1.50,1.87
2017.02.17 11:08:12.879,0.86152,0.86161,2.25,1.87
2017.02.17 11:08:13.385,0.86153,0.86161,1.00,1.50
2017.02.17 11:08:15.658,0.86152,0.86161,1.87,1.50
2017.02.17 11:08:17.331,0.86152,0.8616,1.50,1.00
2017.02.17 11:08:18.432,0.86152,0.86161,1.50,1.50
2017.02.17 11:08:18.974,0.86152,0.86162,1.87,3.00
2017.02.17 11:08:20.360,0.86158,0.86162,1.00,2.25
2017.02.17 11:08:21.171,0.86157,0.86162,1.00,2.25
2017.02.17 11:08:22.591,0.86158,0.86162,1.00,1.50
2017.02.17 11:08:23.101,0.86158,0.86163,1.00,1.50
2017.02.17 11:08:24.610,0.86157,0.86163,1.00,1.50
2017.02.17 11:08:25.115,0.86157,0.86164,1.00,2.62
2017.02.17 11:08:25.816,0.86157,0.86163,1.00,1.00
2017.02.17 11:08:26.664,0.86157,0.86162,1.00,1.00
2017.02.17 11:08:27.666,0.86157,0.86161,1.00,1.00
2017.02.17 11:08:28.415,0.86156,0.8616,1.00,1.00
2017.02.17 11:08:28.995,0.86158,0.86162,1.00,1.50
2017.02.17 11:08:30.472,0.86157,0.86162,1.00,2.25
2017.02.17 11:08:30.674,0.86156,0.8616,1.00,1.00
2017.02.17 11:08:31.232,0.86157,0.86161,1.00,1.50
2017.02.17 11:08:32.350,0.86157,0.86162,1.00,3.00
2017.02.17 11:08:32.925,0.86155,0.86161,1.00,4.12
2017.02.17 11:08:34.797,0.86157,0.86161,1.00,1.87
2017.02.17 11:08:35.459,0.86152,0.8616,1.12,1.00
2017.02.17 11:08:35.611,0.86155,0.8616,1.12,1.12
2017.02.17 11:08:35.908,0.86157,0.86165,1.00,3.75
2017.02.17 11:08:36.010,0.86154,0.86164,2.62,1.50
2017.02.17 11:08:36.061,0.86157,0.86163,1.00,1.12
2017.02.17 11:08:36.566,0.86157,0.86163,1.00,1.87
2017.02.17 11:08:36.617,0.86154,0.86161,1.00,1.00
2017.02.17 11:08:36.871,0.86153,0.86159,1.00,1.00
2017.02.17 11:08:38.941,0.86152,0.86159,1.00,1.00
2017.02.17 11:08:42.561,0.86152,0.86158,1.00,1.00
2017.02.17 11:08:43.106,0.86153,0.86159,1.00,1.00
2017.02.17 11:08:43.664,0.86152,0.86159,1.12,1.00
2017.02.17 11:08:49.476,0.86152,0.8616,1.50,1.50
2017.02.17 11:08:51.113,0.86152,0.8616,1.00,2.25
2017.02.17 11:08:53.761,0.86152,0.86161,1.87,1.87
2017.02.17 11:08:55.179,0.86153,0.86161,1.00,2.62
2017.02.17 11:08:55.230,0.86153,0.86159,1.00,1.50
2017.02.17 11:08:55.795,0.86152,0.86159,1.50,2.25
2017.02.17 11:08:57.035,0.86154,0.8616,1.12,1.00
2017.02.17 11:08:57.187,0.86154,0.86162,1.87,1.50
2017.02.17 11:08:57.719,0.86154,0.86164,2.62,3.00
2017.02.17 11:08:57.878,0.86154,0.86162,2.62,1.00
2017.02.17 11:08:58.339,0.86157,0.86162,1.00,2.25
2017.02.17 11:08:58.883,0.86157,0.86161,1.00,1.12
2017.02.17 11:09:00.531,0.86156,0.8616,1.00,1.00
2017.02.17 11:09:04.460,0.86152,0.8616,1.87,1.50
2017.02.17 11:09:04.983,0.86154,0.86159,1.00,1.00
2017.02.17 11:09:08.253,0.86152,0.86159,1.87,1.00
2017.02.17 11:09:10.523,0.86156,0.8616,1.00,1.00
2017.02.17 11:09:10.624,0.86156,0.86163,1.12,4.12
2017.02.17 11:09:10.725,0.86159,0.86164,1.00,1.87
2017.02.17 11:09:11.490,0.8616,0.86164,1.00,1.00
2017.02.17 11:09:12.258,0.86155,0.86164,1.12,1.00
2017.02.17 11:09:12.871,0.86156,0.86164,1.00,1.50
2017.02.17 11:09:13.358,0.8616,0.86164,1.00,1.50
2017.02.17 11:09:13.410,0.86158,0.86164,1.00,1.50
2017.02.17 11:09:13.562,0.86156,0.86164,1.00,1.50
2017.02.17 11:09:15.130,0.8616,0.86164,1.00,1.50
2017.02.17 11:09:15.340,0.86156,0.86164,1.00,1.50
2017.02.17 11:09:15.408,0.86156,0.86162,1.00,1.00
2017.02.17 11:09:15.849,0.86158,0.86162,1.00,1.00
2017.02.17 11:09:16.059,0.86154,0.86162,2.25,1.00
2017.02.17 11:09:16.359,0.86158,0.86162,1.00,1.00
2017.02.17 11:09:17.148,0.86158,0.86162,1.00,1.00
2017.02.17 11:09:17.716,0.86155,0.86162,1.12,1.00
2017.02.17 11:09:18.309,0.86156,0.86162,1.00,1.00
2017.02.17 11:09:18.411,0.86157,0.86164,1.00,1.00
2017.02.17 11:09:18.463,0.8616,0.86164,1.00,1.00
2017.02.17 11:09:18.994,0.86155,0.86165,3.75,2.25
2017.02.17 11:09:19.646,0.86158,0.86162,1.00,1.00
2017.02.17 11:09:20.147,0.86157,0.86161,1.00,1.00
2017.02.17 11:09:22.235,0.86157,0.86162,1.00,1.50
2017.02.17 11:09:22.337,0.86157,0.86164,1.12,1.87
2017.02.17 11:09:22.442,0.86158,0.86167,1.37,1.87
2017.02.17 11:09:22.762,0.8616,0.86169,2.25,1.12
2017.02.17 11:09:24.313,0.86161,0.86169,4.12,1.00
2017.02.17 11:09:24.363,0.86162,0.86171,2.62,1.50
2017.02.17 11:09:24.911,0.86161,0.8617,3.75,1.00
2017.02.17 11:09:25.472,0.86161,0.86169,2.62,1.00
2017.02.17 11:09:25.523,0.86161,0.86167,2.62,1.00
2017.02.17 11:09:25.675,0.86158,0.86166,1.50,1.00
2017.02.17 11:09:25.910,0.86162,0.86168,1.00,1.50
2017.02.17 11:09:26.416,0.86162,0.86167,1.00,1.00
2017.02.17 11:09:26.838,0.86164,0.86168,1.00,1.00
2017.02.17 11:09:26.940,0.86167,0.86171,1.00,1.12
2017.02.17 11:09:27.193,0.86162,0.86171,4.87,1.00
2017.02.17 11:09:27.244,0.86162,0.86171,2.25,1.12
2017.02.17 11:09:27.568,0.86162,0.86169,1.00,1.00
2017.02.17 11:09:27.747,0.86162,0.86171,1.12,1.87
2017.02.17 11:09:28.323,0.86167,0.86171,1.00,2.25
2017.02.17 11:09:28.840,0.86166,0.8617,1.00,1.00
2017.02.17 11:09:29.831,0.86167,0.86171,1.00,1.00
2017.02.17 11:09:30.245,0.86168,0.86172,1.00,1.00
2017.02.17 11:09:30.297,0.86167,0.86172,1.00,1.50
2017.02.17 11:09:30.667,0.86168,0.86172,1.00,1.00
2017.02.17 11:09:30.769,0.8617,0.86174,1.00,1.12
2017.02.17 11:09:31.322,0.86171,0.86175,1.00,2.25
2017.02.17 11:09:31.848,0.8617,0.86174,1.00,1.12
2017.02.17 11:09:36.115,0.86168,0.86174,1.00,1.50
2017.02.17 11:09:36.166,0.86168,0.86174,1.00,1.37
2017.02.17 11:09:36.706,0.86167,0.86172,1.00,1.87
2017.02.17 11:09:36.976,0.86167,0.86174,1.00,1.50
2017.02.17 11:09:37.481,0.86168,0.86175,1.00,1.12
2017.02.17 11:09:38.061,0.86166,0.86174,3.37,1.00
2017.02.17 11:09:38.603,0.86167,0.86174,2.62,1.00
2017.02.17 11:09:38.996,0.86167,0.86174,1.12,1.50
2017.02.17 11:09:39.507,0.86166,0.86173,1.12,1.12
2017.02.17 11:09:40.068,0.86163,0.86171,3.00,1.50
2017.02.17 11:09:40.775,0.86163,0.86172,5.25,1.00
2017.02.17 11:09:41.486,0.86163,0.86171,1.37,1.00
2017.02.17 11:09:42.276,0.86164,0.8617,1.00,1.00
2017.02.17 11:09:42.680,0.86163,0.86172,1.12,1.50
2017.02.17 11:09:43.222,0.86164,0.86172,1.00,1.50
2017.02.17 11:09:43.460,0.86168,0.86172,1.00,1.50
2017.02.17 11:09:43.511,0.86163,0.86169,1.87,1.50
2017.02.17 11:09:43.561,0.86165,0.86169,1.00,1.50
2017.02.17 11:09:43.663,0.86165,0.86171,1.00,1.12
2017.02.17 11:09:43.915,0.86165,0.86174,1.50,1.50
2017.02.17 11:09:44.020,0.86167,0.86174,1.00,1.87
2017.02.17 11:09:45.971,0.86167,0.86173,1.00,1.00
2017.02.17 11:09:51.849,0.86167,0.86172,1.00,1.00
2017.02.17 11:09:55.337,0.86164,0.86172,1.00,1.00
2017.02.17 11:09:55.932,0.86163,0.86172,1.12,1.50
2017.02.17 11:09:56.713,0.86163,0.86172,1.50,1.50
2017.02.17 11:09:57.559,0.86164,0.86174,1.00,3.37
2017.02.17 11:09:57.660,0.86168,0.86174,1.00,3.37
2017.02.17 11:09:58.467,0.86166,0.86174,3.75,1.00
2017.02.17 11:09:58.568,0.86169,0.86177,1.00,2.62
2017.02.17 11:09:58.619,0.86172,0.86176,1.00,1.00
2017.02.17 11:09:58.771,0.86168,0.86175,1.87,1.00
2017.02.17 11:09:59.928,0.86168,0.86176,1.00,2.25
2017.02.17 11:10:00.457,0.86168,0.86175,1.00,1.00
2017.02.17 11:10:01.129,0.86169,0.86175,1.00,1.00
2017.02.17 11:10:01.706,0.86168,0.86175,1.00,1.00
2017.02.17 11:10:05.747,0.86167,0.86175,1.87,1.00
2017.02.17 11:10:06.750,0.86169,0.86175,1.00,1.00
2017.02.17 11:10:08.382,0.86168,0.86175,1.00,1.00
2017.02.17 11:10:09.128,0.86172,0.86176,1.00,1.87
2017.02.17 11:10:09.229,0.86168,0.86175,1.00,1.00
2017.02.17 11:10:09.330,0.86172,0.86176,1.00,1.87
2017.02.17 11:10:09.431,0.86168,0.86175,1.00,1.00
2017.02.17 11:10:10.033,0.86168,0.86176,1.00,2.25
2017.02.17 11:10:10.134,0.86172,0.86176,1.00,2.25
2017.02.17 11:10:10.235,0.86168,0.86176,1.00,2.25
2017.02.17 11:10:10.933,0.86168,0.86175,1.00,1.00
2017.02.17 11:10:14.346,0.86168,0.86176,1.00,1.00
2017.02.17 11:10:15.266,0.86168,0.86177,1.00,3.37
2017.02.17 11:10:15.748,0.86167,0.86177,1.87,4.87
2017.02.17 11:10:18.915,0.86168,0.86177,1.00,4.12
2017.02.17 11:10:21.316,0.86168,0.86177,1.37,4.12
2017.02.17 11:10:21.468,0.86168,0.86177,1.50,2.25
2017.02.17 11:10:21.569,0.86168,0.86175,2.62,1.00
2017.02.17 11:10:22.074,0.86169,0.86176,1.00,1.00
2017.02.17 11:10:22.585,0.86168,0.86176,1.50,1.00
2017.02.17 11:10:28.914,0.86167,0.86174,4.12,1.12
2017.02.17 11:10:29.493,0.86167,0.86174,1.00,1.87
2017.02.17 11:10:29.907,0.86167,0.86174,1.12,1.75
2017.02.17 11:10:30.234,0.86167,0.86174,1.00,2.25
2017.02.17 11:10:30.286,0.86167,0.86172,1.00,1.00
2017.02.17 11:10:30.796,0.86168,0.86172,1.00,1.00
2017.02.17 11:10:30.897,0.86171,0.86175,1.00,1.00
2017.02.17 11:10:31.403,0.8617,0.86174,1.00,1.00
2017.02.17 11:10:34.401,0.86164,0.86174,1.87,2.25
2017.02.17 11:10:34.502,0.86164,0.86173,1.50,1.00
2017.02.17 11:10:34.553,0.86169,0.86173,1.00,1.00
2017.02.17 11:10:34.654,0.86164,0.86173,1.87,1.00
2017.02.17 11:10:34.927,0.8617,0.86174,1.00,1.50
2017.02.17 11:10:35.179,0.86167,0.86174,1.12,1.50
2017.02.17 11:10:35.684,0.86167,0.86175,1.12,1.00
2017.02.17 11:10:36.217,0.86167,0.86176,1.00,1.50
2017.02.17 11:10:37.830,0.8617,0.86178,1.00,2.62
2017.02.17 11:10:38.338,0.86173,0.86177,1.00,1.50
2017.02.17 11:10:38.389,0.86173,0.86179,1.00,1.00
2017.02.17 11:10:38.440,0.86171,0.86179,1.12,1.00
2017.02.17 11:10:38.953,0.86171,0.8618,1.00,1.87
2017.02.17 11:10:41.390,0.8617,0.86177,1.12,1.00
2017.02.17 11:10:41.441,0.86171,0.86179,1.00,1.50
2017.02.17 11:10:41.611,0.86171,0.86178,1.00,1.37
2017.02.17 11:10:42.196,0.86171,0.86178,1.00,1.00
2017.02.17 11:10:42.723,0.86171,0.86179,1.00,1.50
2017.02.17 11:10:44.076,0.86172,0.86179,1.00,1.00
2017.02.17 11:10:44.907,0.86172,0.8618,1.87,1.87
2017.02.17 11:10:45.210,0.86177,0.86181,1.00,1.87
2017.02.17 11:10:45.312,0.86172,0.8618,1.12,1.87
2017.02.17 11:10:45.363,0.8617,0.86177,3.37,1.00
2017.02.17 11:10:45.515,0.86168,0.86174,1.00,1.00
2017.02.17 11:10:46.153,0.86168,0.86176,1.37,1.37
2017.02.17 11:10:47.192,0.86168,0.86177,1.37,2.25
2017.02.17 11:10:47.445,0.86172,0.86177,1.00,1.12
2017.02.17 11:10:47.960,0.86172,0.86178,1.00,1.00
2017.02.17 11:10:48.843,0.86174,0.86178,1.00,1.00
2017.02.17 11:10:49.351,0.86175,0.86179,1.00,1.00
2017.02.17 11:10:51.123,0.86176,0.86181,1.00,3.75
2017.02.17 11:10:51.661,0.86175,0.86179,1.00,1.00
2017.02.17 11:10:55.657,0.8617,0.86179,1.87,1.50
2017.02.17 11:10:55.827,0.8617,0.86177,1.00,1.00
2017.02.17 11:10:56.365,0.8617,0.86178,1.00,1.50
2017.02.17 11:10:56.699,0.8617,0.86176,1.00,1.00
2017.02.17 11:10:57.634,0.86173,0.86178,1.00,1.00
2017.02.17 11:10:57.735,0.86173,0.8618,1.00,1.00
2017.02.17 11:10:57.938,0.86176,0.8618,1.00,1.00
2017.02.17 11:10:58.141,0.86178,0.86186,1.00,1.12
2017.02.17 11:10:58.367,0.86178,0.86184,1.12,1.00
2017.02.17 11:10:58.823,0.86175,0.86184,1.00,2.25
2017.02.17 11:10:58.874,0.86174,0.86182,1.12,1.50
2017.02.17 11:10:59.178,0.86177,0.86181,1.00,1.00
2017.02.17 11:10:59.338,0.86174,0.86183,1.12,1.50
2017.02.17 11:11:00.024,0.86174,0.86183,1.12,2.25
2017.02.17 11:11:00.549,0.86177,0.86183,1.12,1.00
2017.02.17 11:11:00.650,0.86177,0.86185,1.12,1.12
2017.02.17 11:11:01.572,0.86176,0.86184,1.12,1.00
2017.02.17 11:11:01.723,0.86176,0.86184,1.00,4.12
2017.02.17 11:11:02.193,0.86174,0.86182,1.12,1.12
2017.02.17 11:11:02.759,0.86175,0.86183,1.00,1.12
2017.02.17 11:11:03.869,0.86174,0.86184,1.50,2.25
2017.02.17 11:11:04.554,0.86174,0.86183,1.12,3.37
2017.02.17 11:11:05.224,0.86173,0.86183,2.25,4.12
2017.02.17 11:11:06.160,0.86174,0.86183,1.00,3.37
2017.02.17 11:11:07.500,0.86172,0.86181,1.00,1.12
2017.02.17 11:11:07.654,0.86171,0.86179,1.00,2.25
2017.02.17 11:11:08.159,0.86172,0.8618,1.00,1.50
2017.02.17 11:11:13.740,0.86173,0.8618,1.00,3.00
2017.02.17 11:11:14.245,0.86172,0.86178,1.00,1.00
2017.02.17 11:11:15.811,0.86168,0.86178,1.87,1.50
2017.02.17 11:11:15.862,0.86168,0.86176,1.87,2.13
2017.02.17 11:11:16.123,0.86165,0.86174,1.00,1.12
2017.02.17 11:11:16.414,0.86167,0.86174,1.00,1.00
2017.02.17 11:11:16.566,0.86167,0.86176,1.12,1.50
2017.02.17 11:11:16.970,0.86168,0.86174,1.00,1.00
2017.02.17 11:11:17.072,0.86166,0.86174,1.50,1.00
2017.02.17 11:11:17.808,0.86166,0.86175,1.00,1.00
2017.02.17 11:11:18.311,0.86167,0.86175,1.12,1.12
2017.02.17 11:11:19.512,0.86169,0.86175,1.00,1.12
2017.02.17 11:11:19.715,0.86172,0.8618,1.50,1.87
2017.02.17 11:11:20.301,0.86172,0.8618,1.12,1.12
2017.02.17 11:11:20.806,0.86172,0.86181,1.50,2.25
2017.02.17 11:11:22.076,0.86172,0.8618,1.00,1.00
2017.02.17 11:11:22.672,0.86172,0.86181,1.00,1.87
2017.02.17 11:11:23.221,0.86172,0.8618,1.50,1.00
2017.02.17 11:11:25.719,0.86172,0.86179,1.00,1.87
2017.02.17 11:11:25.770,0.86172,0.86176,1.00,1.87
2017.02.17 11:11:25.871,0.86172,0.86177,1.00,1.50
2017.02.17 11:11:26.276,0.86169,0.86176,1.00,1.12
2017.02.17 11:11:26.327,0.86172,0.86176,1.00,1.12
2017.02.17 11:11:26.428,0.86167,0.86175,2.62,1.00
2017.02.17 11:11:26.732,0.86172,0.86177,1.00,1.50
2017.02.17 11:11:27.123,0.86171,0.86181,1.87,1.12
2017.02.17 11:11:27.176,0.86174,0.86182,5.62,1.00
2017.02.17 11:11:27.428,0.86176,0.86185,1.50,1.12
2017.02.17 11:11:27.732,0.86178,0.86184,1.00,1.12
2017.02.17 11:11:28.432,0.86176,0.86184,1.00,1.12
2017.02.17 11:11:29.103,0.86175,0.86184,1.00,1.12
2017.02.17 11:11:29.805,0.86174,0.86185,2.62,3.00
2017.02.17 11:11:30.040,0.86174,0.86182,1.00,2.62
2017.02.17 11:11:30.091,0.86174,0.86184,1.00,1.50
2017.02.17 11:11:30.294,0.86177,0.86184,1.00,1.12
2017.02.17 11:11:30.446,0.86175,0.86185,1.50,2.25
2017.02.17 11:11:30.548,0.86177,0.86183,1.00,1.12
2017.02.17 11:11:30.750,0.86175,0.86182,1.00,1.00
2017.02.17 11:11:31.053,0.86177,0.86182,1.00,1.00
2017.02.17 11:11:31.155,0.86175,0.86182,1.00,1.00
2017.02.17 11:11:31.256,0.86177,0.86182,1.00,1.12
2017.02.17 11:11:31.459,0.86175,0.86182,1.00,1.12
2017.02.17 11:11:31.661,0.86173,0.86182,1.50,1.50
2017.02.17 11:11:31.713,0.86175,0.86182,1.00,1.50
2017.02.17 11:11:31.933,0.86176,0.86186,2.25,1.00
2017.02.17 11:11:32.479,0.86177,0.86186,1.00,1.12
2017.02.17 11:11:32.993,0.86178,0.86187,1.00,3.37
2017.02.17 11:11:33.634,0.86178,0.86188,1.00,4.12
2017.02.17 11:11:33.948,0.86176,0.86185,1.50,1.50
2017.02.17 11:11:34.099,0.86176,0.86185,1.00,2.25
2017.02.17 11:11:34.437,0.86177,0.86186,1.00,1.87
2017.02.17 11:11:35.342,0.86177,0.86183,1.00,1.00
2017.02.17 11:11:35.874,0.86176,0.86186,1.00,4.50
2017.02.17 11:11:36.421,0.86178,0.86185,1.00,1.50
2017.02.17 11:11:37.546,0.86176,0.86185,1.00,4.50
2017.02.17 11:11:37.647,0.86178,0.86183,1.00,1.12
2017.02.17 11:11:38.664,0.86176,0.86184,1.00,3.37
2017.02.17 11:11:40.241,0.86176,0.86185,1.00,1.12
2017.02.17 11:11:43.011,0.86176,0.86184,1.00,1.00
2017.02.17 11:11:43.163,0.86176,0.86182,1.00,1.00
2017.02.17 11:11:43.264,0.86176,0.86184,1.00,1.87
2017.02.17 11:11:43.804,0.86177,0.86184,1.00,1.12
2017.02.17 11:11:45.311,0.86178,0.86185,1.00,1.00
2017.02.17 11:11:45.845,0.86177,0.86186,1.00,1.87
2017.02.17 11:11:46.422,0.86177,0.86185,1.00,1.00
2017.02.17 11:11:46.574,0.86175,0.86185,1.12,1.00
2017.02.17 11:11:46.726,0.86175,0.86183,1.00,1.37
2017.02.17 11:11:48.153,0.86177,0.86182,1.00,1.00
2017.02.17 11:11:48.657,0.86177,0.86185,1.00,3.63
2017.02.17 11:11:49.162,0.86177,0.86183,1.00,1.87
2017.02.17 11:11:52.933,0.86173,0.86181,1.50,1.50
2017.02.17 11:11:52.983,0.86173,0.86178,1.50,1.00
2017.02.17 11:11:53.288,0.86179,0.86184,1.00,2.62
2017.02.17 11:11:53.339,0.86178,0.86184,1.00,2.25
2017.02.17 11:11:53.400,0.86178,0.86186,1.12,1.00
2017.02.17 11:11:53.621,0.86177,0.86183,1.37,1.12
2017.02.17 11:11:54.077,0.86178,0.86184,2.62,1.00
2017.02.17 11:11:54.179,0.86177,0.86184,2.25,1.00
2017.02.17 11:11:55.523,0.86179,0.86184,1.00,1.00
2017.02.17 11:11:55.726,0.86176,0.86182,1.12,1.12
2017.02.17 11:11:56.232,0.86174,0.86182,2.25,1.00
2017.02.17 11:11:56.892,0.86176,0.86182,1.00,1.00
2017.02.17 11:11:57.459,0.86174,0.86182,1.50,1.00
2017.02.17 11:11:57.661,0.86178,0.86182,1.00,1.00
2017.02.17 11:11:57.763,0.8618,0.86184,1.00,1.00
2017.02.17 11:11:57.877,0.86178,0.86184,1.00,1.00
2017.02.17 11:12:00.191,0.86178,0.86185,1.50,1.00
2017.02.17 11:12:00.343,0.86179,0.86187,1.00,1.00
2017.02.17 11:12:00.864,0.8618,0.86188,1.37,1.00
2017.02.17 11:12:01.816,0.8618,0.86189,2.25,1.50
2017.02.17 11:12:02.220,0.86181,0.86187,1.12,1.00
2017.02.17 11:12:03.193,0.86183,0.86189,1.00,1.00
2017.02.17 11:12:03.243,0.86183,0.86191,1.12,1.00
2017.02.17 11:12:04.162,0.86182,0.86191,2.25,1.00
2017.02.17 11:12:04.465,0.86182,0.86189,1.12,1.00
2017.02.17 11:12:05.059,0.86185,0.86189,1.00,1.00
2017.02.17 11:12:05.160,0.86183,0.86188,1.00,1.00
2017.02.17 11:12:06.453,0.86184,0.86188,1.00,1.00
2017.02.17 11:12:07.362,0.86185,0.86189,1.00,1.00
2017.02.17 11:12:08.441,0.86183,0.86189,1.12,1.00
2017.02.17 11:12:08.947,0.86182,0.86189,1.00,1.87
2017.02.17 11:12:09.131,0.86182,0.86187,1.00,1.00
2017.02.17 11:12:09.435,0.86182,0.86189,1.50,2.25
2017.02.17 11:12:09.536,0.86184,0.8619,1.00,1.00
2017.02.17 11:12:09.587,0.86184,0.86192,1.00,1.00
2017.02.17 11:12:11.226,0.86184,0.86192,1.00,1.37
2017.02.17 11:12:11.428,0.86185,0.86193,1.00,1.12
2017.02.17 11:12:11.932,0.86185,0.86193,1.37,1.00
2017.02.17 11:12:12.033,0.86188,0.86193,1.00,1.00
2017.02.17 11:12:12.531,0.86188,0.86195,1.00,1.50
2017.02.17 11:12:13.396,0.86186,0.86195,1.12,1.12
2017.02.17 11:12:14.038,0.86187,0.86195,1.00,1.12
2017.02.17 11:12:14.139,0.86185,0.86194,1.50,1.37
2017.02.17 11:12:14.661,0.86185,0.86193,1.00,1.12
2017.02.17 11:12:15.830,0.86186,0.86193,1.00,1.12
2017.02.17 11:12:16.341,0.86187,0.86194,1.00,1.00
2017.02.17 11:12:17.216,0.86188,0.86194,1.00,1.00
2017.02.17 11:12:17.469,0.86187,0.86196,1.12,1.00
2017.02.17 11:12:17.841,0.86189,0.86196,1.00,1.37
2017.02.17 11:12:17.943,0.86189,0.86197,1.00,1.12
2017.02.17 11:12:18.671,0.8619,0.86197,1.00,1.00
2017.02.17 11:12:20.687,0.8619,0.86196,1.00,1.00
2017.02.17 11:12:20.738,0.86191,0.86199,1.00,1.12
2017.02.17 11:12:20.991,0.86189,0.86197,1.87,1.50
2017.02.17 11:12:21.633,0.86189,0.86196,1.87,1.00
2017.02.17 11:12:22.558,0.8619,0.86196,1.00,1.00
2017.02.17 11:12:24.449,0.86192,0.86196,1.00,1.00
2017.02.17 11:12:24.536,0.86194,0.862,1.00,2.25
2017.02.17 11:12:24.587,0.86194,0.862,1.00,2.25
2017.02.17 11:12:24.638,0.86194,0.862,1.00,1.50
2017.02.17 11:12:24.790,0.86194,0.86198,1.00,1.00
2017.02.17 11:12:24.841,0.86191,0.86198,1.50,1.00
2017.02.17 11:12:24.942,0.86189,0.86197,1.87,1.12
2017.02.17 11:12:24.993,0.86188,0.86196,2.25,1.37
2017.02.17 11:12:25.506,0.86188,0.86195,1.50,1.00
2017.02.17 11:12:26.007,0.86189,0.86195,1.00,1.37
2017.02.17 11:12:26.159,0.86189,0.86196,1.00,1.37
2017.02.17 11:12:26.699,0.86189,0.86196,1.50,1.00
2017.02.17 11:12:29.355,0.86189,0.86195,1.00,1.00
2017.02.17 11:12:29.506,0.86189,0.86193,1.00,1.00
2017.02.17 11:12:29.610,0.86187,0.86194,1.50,1.00
2017.02.17 11:12:29.664,0.86192,0.86196,1.00,1.12
2017.02.17 11:12:29.715,0.86189,0.86197,1.00,1.87
2017.02.17 11:12:30.226,0.8619,0.86197,1.00,1.50
2017.02.17 11:12:30.765,0.8619,0.86196,1.00,1.00
2017.02.17 11:12:31.293,0.8619,0.86195,1.00,1.00
2017.02.17 11:12:32.746,0.86189,0.86195,1.00,1.00
2017.02.17 11:12:34.388,0.8619,0.86195,1.00,1.00
2017.02.17 11:12:36.761,0.8619,0.86197,1.00,1.50
2017.02.17 11:12:36.813,0.86192,0.86197,1.00,1.50
2017.02.17 11:12:36.965,0.86192,0.86199,1.00,1.87
2017.02.17 11:12:39.692,0.86195,0.862,1.00,2.25
2017.02.17 11:12:39.743,0.86192,0.86201,1.50,1.50
2017.02.17 11:12:39.845,0.86194,0.86199,1.00,1.50
2017.02.17 11:12:40.149,0.86192,0.86197,1.50,3.75
2017.02.17 11:12:40.680,0.86192,0.86196,1.00,2.62
2017.02.17 11:12:43.071,0.86192,0.86197,1.00,1.50
2017.02.17 11:12:43.646,0.8619,0.86198,2.62,1.12
2017.02.17 11:12:43.700,0.86189,0.86197,1.12,1.50
2017.02.17 11:12:43.751,0.86191,0.86197,1.00,1.12
2017.02.17 11:12:43.953,0.86192,0.86199,1.00,1.12
2017.02.17 11:12:44.802,0.86192,0.862,1.00,1.87
2017.02.17 11:12:44.852,0.86191,0.86198,1.12,1.00
2017.02.17 11:12:46.021,0.86193,0.86198,1.00,1.00
2017.02.17 11:12:47.052,0.86193,0.86199,1.00,1.50
2017.02.17 11:12:47.355,0.8619,0.86197,1.50,1.00
2017.02.17 11:12:47.901,0.86189,0.86197,3.00,1.00
2017.02.17 11:12:49.212,0.86189,0.86195,1.50,1.00
2017.02.17 11:12:49.363,0.86188,0.86197,1.87,1.50
2017.02.17 11:12:49.904,0.86189,0.86198,1.12,1.00
2017.02.17 11:12:50.812,0.86192,0.86199,1.00,1.44
2017.02.17 11:12:51.480,0.86192,0.86199,1.00,1.87
2017.02.17 11:12:52.369,0.86192,0.86198,1.00,1.00
2017.02.17 11:12:52.672,0.86188,0.86196,4.12,1.00
2017.02.17 11:12:53.329,0.86189,0.86197,1.00,1.00
2017.02.17 11:12:54.190,0.86189,0.86196,1.00,1.00
2017.02.17 11:12:54.510,0.86191,0.86196,1.50,1.00
2017.02.17 11:12:55.592,0.86191,0.86196,1.00,1.00
2017.02.17 11:12:56.422,0.8619,0.86196,1.00,1.00
2017.02.17 11:12:57.711,0.86192,0.86197,1.00,1.00
2017.02.17 11:12:57.762,0.8619,0.86197,1.00,1.00
2017.02.17 11:12:58.264,0.86189,0.86197,1.12,1.00
2017.02.17 11:12:59.312,0.86192,0.86198,1.00,1.87
2017.02.17 11:12:59.514,0.8619,0.86198,1.12,1.50
2017.02.17 11:13:00.274,0.86192,0.86198,1.00,1.12
2017.02.17 11:13:00.783,0.86193,0.86197,1.00,1.00
2017.02.17 11:13:01.645,0.86191,0.86197,1.00,1.00
2017.02.17 11:13:02.160,0.86192,0.86198,1.50,1.00
2017.02.17 11:13:04.596,0.86191,0.86198,1.00,1.00
2017.02.17 11:13:05.312,0.86191,0.86198,1.00,1.37
2017.02.17 11:13:05.514,0.86189,0.86198,1.12,1.50
2017.02.17 11:13:08.105,0.86192,0.86199,1.50,1.50
2017.02.17 11:13:08.308,0.86192,0.86201,1.87,1.87
2017.02.17 11:13:08.842,0.86192,0.86199,1.00,1.12
2017.02.17 11:13:09.534,0.86192,0.862,1.50,1.50
2017.02.17 11:13:10.116,0.86192,0.862,1.50,1.50
2017.02.17 11:13:10.912,0.86189,0.86196,1.87,1.37
2017.02.17 11:13:11.014,0.86188,0.86196,1.12,1.00
2017.02.17 11:13:11.531,0.86189,0.86195,1.00,1.00
2017.02.17 11:13:11.632,0.86189,0.86198,1.00,2.62
2017.02.17 11:13:12.160,0.86189,0.86198,2.25,1.87
2017.02.17 11:13:14.308,0.8619,0.86198,1.00,1.12
2017.02.17 11:13:19.244,0.86189,0.86196,2.62,1.37
2017.02.17 11:13:19.396,0.86187,0.86194,1.12,1.50
2017.02.17 11:13:20.072,0.86186,0.86194,1.50,1.50
2017.02.17 11:13:23.297,0.86187,0.86195,1.00,2.25
2017.02.17 11:13:24.040,0.86185,0.86195,3.75,2.25
2017.02.17 11:13:26.506,0.86187,0.86194,1.00,1.12
2017.02.17 11:13:29.229,0.86187,0.86195,2.25,1.50
2017.02.17 11:13:29.763,0.86189,0.86196,1.00,1.87
2017.02.17 11:13:30.966,0.86187,0.86194,1.50,1.00
2017.02.17 11:13:31.118,0.86185,0.86193,1.12,1.00
2017.02.17 11:13:31.433,0.86187,0.86195,1.50,1.50
2017.02.17 11:13:31.939,0.86187,0.86195,2.25,1.50
2017.02.17 11:13:33.574,0.86187,0.86194,2.25,1.00
2017.02.17 11:13:33.827,0.86184,0.86192,1.00,1.00
2017.02.17 11:13:34.457,0.86184,0.86193,1.12,1.12
2017.02.17 11:13:34.962,0.86185,0.86193,1.00,1.12
2017.02.17 11:13:35.806,0.86185,0.86192,1.50,1.00
2017.02.17 11:13:36.475,0.86183,0.86192,1.50,1.50
2017.02.17 11:13:39.061,0.86184,0.86193,1.12,1.00
2017.02.17 11:13:39.574,0.86185,0.86192,1.87,1.00
2017.02.17 11:13:40.603,0.86184,0.86192,1.50,1.12
2017.02.17 11:13:41.150,0.86183,0.86191,1.37,1.00
2017.02.17 11:13:43.197,0.86184,0.86192,1.12,1.00
2017.02.17 11:13:43.341,0.86184,0.8619,1.00,1.00
2017.02.17 11:13:43.392,0.86182,0.8619,1.50,1.50
2017.02.17 11:13:43.695,0.86182,0.86187,1.50,1.00
2017.02.17 11:13:44.303,0.8618,0.86187,1.12,1.00
2017.02.17 11:13:47.956,0.86179,0.86185,1.50,1.00
2017.02.17 11:13:48.267,0.86177,0.86183,1.00,1.87
2017.02.17 11:13:48.778,0.86176,0.86183,1.00,1.00
2017.02.17 11:13:49.286,0.86176,0.86184,1.00,1.12
2017.02.17 11:13:50.410,0.86175,0.86184,1.50,1.87
2017.02.17 11:13:50.927,0.86176,0.86186,1.12,3.75
2017.02.17 11:13:51.441,0.86177,0.86186,1.12,1.37
2017.02.17 11:13:52.900,0.86177,0.86184,1.12,1.50
2017.02.17 11:13:53.423,0.86177,0.86183,1.00,1.00
2017.02.17 11:13:54.036,0.86176,0.86183,1.00,1.00
2017.02.17 11:13:54.578,0.86177,0.86183,1.00,1.00
2017.02.17 11:13:55.143,0.86176,0.86183,1.12,1.00
2017.02.17 11:13:55.487,0.86176,0.86181,1.12,1.00
2017.02.17 11:13:56.034,0.86173,0.86181,4.12,1.00
2017.02.17 11:13:57.717,0.86175,0.86183,1.87,1.12
2017.02.17 11:13:59.703,0.86177,0.86183,1.00,1.00
2017.02.17 11:14:08.932,0.86177,0.86182,1.00,1.00
2017.02.17 11:14:09.134,0.86175,0.86182,1.87,1.00
2017.02.17 11:14:09.387,0.86177,0.86182,1.00,1.00
2017.02.17 11:14:09.691,0.8617,0.86177,1.00,1.00
2017.02.17 11:14:09.793,0.86171,0.86179,1.00,1.00
2017.02.17 11:14:09.844,0.86177,0.86181,1.00,3.37
2017.02.17 11:14:10.327,0.86173,0.8618,1.00,1.37
2017.02.17 11:14:10.517,0.86171,0.8618,1.12,1.37
2017.02.17 11:14:11.225,0.86171,0.8618,1.12,1.00
2017.02.17 11:14:14.296,0.86176,0.8618,1.00,1.12
2017.02.17 11:14:14.448,0.86177,0.86182,1.00,1.00
2017.02.17 11:14:14.499,0.86177,0.86184,1.00,3.00
2017.02.17 11:14:15.214,0.86176,0.86184,1.87,1.50
2017.02.17 11:14:15.747,0.86176,0.86183,1.87,1.00
2017.02.17 11:14:16.083,0.86178,0.86183,1.00,1.00
2017.02.17 11:14:16.944,0.86177,0.86183,1.00,1.00
2017.02.17 11:14:17.591,0.86177,0.86184,1.00,1.00
2017.02.17 11:14:18.138,0.86176,0.86185,1.00,1.50
2017.02.17 11:14:21.258,0.86176,0.86184,1.00,2.25
2017.02.17 11:14:21.795,0.86176,0.86183,1.00,2.25
2017.02.17 11:14:22.426,0.86173,0.86182,1.50,1.12
2017.02.17 11:14:23.370,0.86173,0.86183,1.12,2.62
2017.02.17 11:14:23.832,0.86175,0.86183,1.00,3.00
2017.02.17 11:14:24.373,0.86174,0.86182,1.12,1.00
2017.02.17 11:14:27.031,0.86178,0.86183,1.00,1.87
2017.02.17 11:14:27.132,0.86175,0.86183,1.00,1.12
2017.02.17 11:14:27.328,0.86182,0.86186,1.00,1.12
2017.02.17 11:14:27.429,0.86178,0.86187,1.50,1.50
2017.02.17 11:14:28.142,0.86178,0.86187,1.87,1.87
2017.02.17 11:14:28.243,0.86182,0.86187,1.00,1.87
2017.02.17 11:14:28.326,0.86178,0.86187,1.87,1.87
2017.02.17 11:14:29.049,0.86179,0.86187,1.00,2.62
2017.02.17 11:14:30.155,0.86179,0.86187,1.00,1.50
2017.02.17 11:14:31.743,0.86179,0.86187,3.00,1.00
2017.02.17 11:14:32.315,0.86178,0.86187,2.25,1.00
2017.02.17 11:14:32.760,0.86182,0.86187,1.00,1.00
2017.02.17 11:14:32.861,0.86178,0.86187,1.50,1.00
2017.02.17 11:14:34.442,0.8618,0.86187,1.00,1.00
2017.02.17 11:14:34.544,0.86178,0.86187,1.12,1.00
2017.02.17 11:14:35.156,0.86179,0.86187,1.00,1.00
2017.02.17 11:14:35.683,0.8618,0.86187,1.00,1.00
2017.02.17 11:14:35.871,0.8618,0.86189,1.00,1.12
2017.02.17 11:14:36.420,0.86181,0.8619,1.50,3.75
2017.02.17 11:14:36.609,0.86183,0.8619,1.00,3.00
2017.02.17 11:14:36.913,0.86185,0.86191,1.00,1.12
2017.02.17 11:14:37.762,0.86183,0.86191,1.00,1.12
2017.02.17 11:14:37.915,0.86187,0.86191,1.00,1.00
2017.02.17 11:14:38.069,0.86186,0.86195,1.00,3.75
2017.02.17 11:14:39.150,0.86185,0.86195,3.00,1.50
2017.02.17 11:14:40.934,0.86187,0.86194,1.00,2.25
2017.02.17 11:14:41.035,0.86184,0.86194,1.50,2.25
2017.02.17 11:14:41.187,0.86184,0.86192,1.00,1.87
2017.02.17 11:14:41.490,0.86182,0.8619,1.00,1.00
2017.02.17 11:14:42.136,0.86182,0.8619,1.00,3.37
2017.02.17 11:14:45.703,0.86182,0.8619,1.00,1.87
2017.02.17 11:14:46.210,0.86183,0.86191,1.00,1.12
2017.02.17 11:14:46.513,0.86182,0.86189,1.00,1.00
2017.02.17 11:14:48.786,0.86182,0.86191,1.50,1.37
2017.02.17 11:14:49.313,0.86182,0.86189,1.00,1.00
2017.02.17 11:14:49.843,0.86183,0.86189,1.00,2.62
2017.02.17 11:14:50.576,0.8618,0.8619,1.87,2.62
2017.02.17 11:14:51.088,0.8618,0.86189,1.12,1.00
2017.02.17 11:14:52.170,0.86181,0.8619,1.00,2.62
2017.02.17 11:14:56.243,0.86181,0.86189,1.12,1.00
2017.02.17 11:15:00.066,0.86182,0.86189,1.00,1.00
2017.02.17 11:15:02.248,0.86182,0.8619,1.00,1.87
2017.02.17 11:15:08.980,0.86182,0.86188,1.00,1.00
2017.02.17 11:15:09.264,0.86182,0.8619,2.25,1.00
2017.02.17 11:15:09.750,0.86182,0.86188,1.50,1.00
2017.02.17 11:15:10.368,0.86183,0.8619,1.00,2.25
2017.02.17 11:15:10.521,0.86181,0.86188,1.50,1.00
2017.02.17 11:15:11.043,0.86181,0.86189,1.00,1.37
2017.02.17 11:15:11.549,0.86181,0.86191,1.50,3.00
2017.02.17 11:15:11.802,0.86181,0.86189,1.37,1.00
2017.02.17 11:15:12.322,0.86182,0.8619,1.00,1.12
2017.02.17 11:15:12.856,0.86181,0.8619,1.00,1.87
2017.02.17 11:15:15.986,0.86182,0.8619,1.00,1.50
2017.02.17 11:15:16.542,0.86182,0.86191,1.00,1.50
2017.02.17 11:15:17.397,0.86181,0.86191,1.12,2.25
2017.02.17 11:15:18.061,0.86181,0.8619,1.12,1.00
2017.02.17 11:15:18.457,0.8618,0.86187,1.00,1.00
2017.02.17 11:15:18.993,0.86179,0.86187,1.00,1.00
2017.02.17 11:15:19.465,0.8618,0.86189,2.25,1.50
2017.02.17 11:15:20.254,0.86181,0.86189,1.12,1.00
2017.02.17 11:15:21.972,0.8618,0.86189,1.87,1.50
2017.02.17 11:15:22.473,0.8618,0.86188,1.50,1.00
2017.02.17 11:15:23.117,0.86181,0.86188,1.00,1.00
2017.02.17 11:15:24.854,0.8618,0.86188,1.00,1.00
2017.02.17 11:15:25.557,0.86181,0.86188,1.00,1.50
2017.02.17 11:15:25.709,0.8618,0.86186,1.00,1.00
2017.02.17 11:15:25.760,0.86178,0.86187,1.87,1.00
2017.02.17 11:15:26.549,0.86178,0.86186,1.00,1.00
2017.02.17 11:15:26.864,0.86183,0.86187,1.00,1.50
2017.02.17 11:15:27.169,0.86183,0.86188,1.00,3.00
2017.02.17 11:15:27.748,0.8618,0.86188,1.00,2.62
2017.02.17 11:15:29.815,0.86179,0.86188,1.00,1.50
2017.02.17 11:15:31.880,0.86178,0.86185,1.06,1.37
2017.02.17 11:15:32.358,0.86177,0.86183,1.00,3.00
2017.02.17 11:15:35.368,0.86177,0.86181,1.00,1.00
2017.02.17 11:15:39.119,0.86173,0.86181,1.50,1.00
2017.02.17 11:15:42.550,0.86172,0.86181,3.00,1.00
2017.02.17 11:15:42.911,0.86175,0.86181,1.00,1.00
2017.02.17 11:15:43.165,0.86177,0.86184,1.00,1.00
2017.02.17 11:15:43.701,0.86178,0.86183,1.00,1.50
2017.02.17 11:15:44.235,0.86178,0.86183,1.00,4.50
2017.02.17 11:15:46.764,0.86173,0.86183,1.00,5.25
2017.02.17 11:15:54.903,0.86177,0.86182,1.00,1.50
2017.02.17 11:15:57.460,0.86172,0.86182,1.50,1.12
2017.02.17 11:15:57.986,0.86173,0.86182,1.00,1.12
2017.02.17 11:15:58.873,0.86174,0.86183,1.00,1.50
2017.02.17 11:15:58.975,0.86174,0.86184,1.87,1.50
2017.02.17 11:15:59.480,0.86174,0.86184,1.00,3.00
2017.02.17 11:15:59.682,0.86174,0.86182,1.00,1.87
2017.02.17 11:16:00.657,0.86173,0.86181,1.12,1.50
2017.02.17 11:16:03.169,0.86173,0.8618,1.12,1.00
2017.02.17 11:16:04.178,0.86173,0.86181,1.00,1.50
2017.02.17 11:16:04.734,0.86171,0.86179,1.44,1.00
2017.02.17 11:16:04.784,0.8617,0.86179,1.12,1.50
2017.02.17 11:16:05.436,0.86171,0.8618,1.00,2.25
2017.02.17 11:16:05.970,0.8617,0.86178,1.00,1.87
2017.02.17 11:16:07.748,0.86168,0.86178,1.44,3.00
2017.02.17 11:16:07.950,0.86168,0.86176,1.06,1.00
2017.02.17 11:16:09.078,0.86169,0.86176,1.00,1.12
2017.02.17 11:16:11.267,0.86172,0.86176,1.00,1.00
2017.02.17 11:16:12.789,0.86172,0.86177,1.00,1.00
2017.02.17 11:16:13.071,0.86168,0.86177,2.25,1.00
2017.02.17 11:16:15.509,0.86169,0.86177,1.00,1.00
2017.02.17 11:16:15.561,0.86171,0.86177,1.00,1.12
2017.02.17 11:16:16.068,0.86171,0.86179,1.00,2.62
2017.02.17 11:16:18.350,0.86168,0.86176,3.37,1.37
2017.02.17 11:16:18.503,0.86165,0.86176,4.12,3.00
2017.02.17 11:16:18.554,0.86171,0.86176,1.00,3.37
2017.02.17 11:16:19.363,0.86172,0.86176,1.00,2.25
2017.02.17 11:16:21.251,0.86167,0.86176,1.37,1.50
2017.02.17 11:16:21.759,0.86167,0.86176,1.00,3.00
2017.02.17 11:16:22.135,0.86172,0.86176,1.00,3.00
2017.02.17 11:16:24.613,0.86171,0.86176,1.00,3.00
2017.02.17 11:16:25.129,0.86172,0.86176,1.00,3.00
2017.02.17 11:16:25.654,0.86171,0.86175,1.00,1.00
2017.02.17 11:16:26.187,0.86168,0.86178,2.25,1.50
2017.02.17 11:16:26.238,0.86172,0.86178,1.00,1.12
2017.02.17 11:16:28.184,0.8617,0.86176,1.00,1.37
2017.02.17 11:16:29.056,0.86166,0.86176,1.00,2.62
2017.02.17 11:16:29.595,0.86167,0.86176,1.87,1.87
2017.02.17 11:16:30.006,0.86167,0.86176,1.12,3.75
2017.02.17 11:16:30.058,0.86168,0.86176,1.00,1.00
2017.02.17 11:16:30.160,0.86168,0.86178,1.12,2.62
2017.02.17 11:16:31.016,0.86169,0.86178,3.00,1.87
2017.02.17 11:16:31.539,0.8617,0.86178,1.00,1.87
2017.02.17 11:16:32.174,0.8617,0.86178,1.00,1.87
2017.02.17 11:16:32.856,0.86169,0.86178,1.00,1.87
2017.02.17 11:16:33.983,0.86169,0.86178,1.50,1.87
2017.02.17 11:16:36.859,0.86169,0.86178,1.50,1.50
2017.02.17 11:16:41.922,0.86168,0.86178,1.87,1.87
2017.02.17 11:16:42.366,0.86167,0.86177,4.12,2.62
2017.02.17 11:16:42.979,0.86167,0.86176,3.75,1.37
2017.02.17 11:16:43.232,0.86167,0.86177,2.25,1.87
2017.02.17 11:16:43.333,0.86172,0.86177,1.00,1.50
2017.02.17 11:16:43.834,0.86172,0.86176,1.00,1.00
2017.02.17 11:16:44.031,0.86168,0.86176,1.12,1.00
2017.02.17 11:16:45.044,0.86168,0.86177,1.12,2.25
2017.02.17 11:16:46.271,0.86168,0.86177,1.87,2.25
2017.02.17 11:16:46.806,0.86167,0.86177,4.12,2.25
2017.02.17 11:16:46.990,0.86172,0.86177,1.00,1.87
2017.02.17 11:16:47.531,0.86173,0.86177,1.00,1.00
2017.02.17 11:16:48.137,0.86172,0.86177,1.00,1.12
2017.02.17 11:16:51.765,0.86167,0.86176,3.37,1.00
2017.02.17 11:16:51.816,0.86167,0.86175,3.37,1.37
2017.02.17 11:16:52.018,0.86164,0.86174,1.50,1.50
2017.02.17 11:16:52.170,0.8617,0.86174,1.00,1.12
2017.02.17 11:16:52.272,0.86172,0.86177,1.00,3.37
2017.02.17 11:16:52.777,0.86167,0.86177,3.37,1.12
2017.02.17 11:16:52.828,0.86167,0.86175,3.37,1.00
2017.02.17 11:16:53.185,0.86169,0.86177,1.00,1.12
2017.02.17 11:16:53.236,0.86167,0.86177,1.87,1.12
2017.02.17 11:16:53.388,0.86167,0.86177,4.50,1.00
2017.02.17 11:16:53.844,0.86167,0.86175,1.50,1.00
2017.02.17 11:16:54.215,0.86168,0.86177,1.00,1.00
2017.02.17 11:16:55.164,0.86172,0.86177,1.00,1.00
2017.02.17 11:16:56.474,0.86169,0.86179,2.25,1.50
2017.02.17 11:16:57.213,0.86169,0.8618,4.87,2.25
2017.02.17 11:16:57.724,0.8617,0.8618,1.00,1.87
2017.02.17 11:16:58.256,0.8617,0.86179,1.12,1.00
2017.02.17 11:16:58.773,0.86169,0.86179,5.25,1.00
2017.02.17 11:16:59.321,0.86171,0.86181,1.50,1.50
2017.02.17 11:16:59.630,0.86177,0.86182,1.00,1.12
2017.02.17 11:17:00.142,0.86177,0.86183,1.00,1.12
2017.02.17 11:17:01.297,0.86174,0.86183,1.50,1.12
2017.02.17 11:17:01.398,0.86176,0.86183,1.00,1.12
2017.02.17 11:17:01.600,0.86178,0.86188,1.00,3.00
2017.02.17 11:17:02.508,0.86178,0.86189,1.87,2.25
2017.02.17 11:17:02.766,0.8618,0.86189,1.00,1.50
2017.02.17 11:17:03.299,0.86179,0.86189,1.50,1.12
2017.02.17 11:17:03.824,0.86179,0.86189,1.12,2.25
2017.02.17 11:17:05.098,0.86179,0.86187,1.00,1.00
2017.02.17 11:17:05.703,0.86177,0.86187,1.87,1.00
2017.02.17 11:17:06.212,0.86178,0.86188,1.00,1.87
2017.02.17 11:17:06.748,0.86179,0.86189,2.25,1.50
2017.02.17 11:17:10.866,0.86179,0.86189,1.00,4.12
2017.02.17 11:17:11.415,0.86179,0.86188,1.12,2.62
2017.02.17 11:17:13.651,0.86178,0.86188,1.50,3.37
2017.02.17 11:17:14.270,0.86179,0.86188,1.00,2.62
2017.02.17 11:17:14.422,0.86182,0.86188,1.00,2.62
2017.02.17 11:17:14.523,0.86182,0.86191,1.00,2.62
2017.02.17 11:17:14.726,0.86182,0.86192,1.00,2.25
2017.02.17 11:17:14.986,0.86181,0.86189,1.12,1.00
2017.02.17 11:17:18.118,0.86179,0.86189,1.12,1.12
2017.02.17 11:17:18.963,0.86182,0.86188,1.00,1.00
2017.02.17 11:17:19.524,0.86182,0.86189,1.00,1.87
2017.02.17 11:17:20.172,0.86179,0.86189,3.37,1.87
2017.02.17 11:17:20.536,0.86179,0.86189,1.12,4.06
2017.02.17 11:17:22.244,0.8618,0.86189,1.12,1.00
2017.02.17 11:17:22.840,0.8618,0.8619,1.81,2.25
2017.02.17 11:17:23.143,0.86186,0.86191,1.00,2.25
2017.02.17 11:17:23.624,0.86182,0.8619,1.50,1.50
2017.02.17 11:17:24.128,0.86183,0.8619,1.00,1.00
2017.02.17 11:17:24.780,0.86183,0.86191,1.00,1.00
2017.02.17 11:17:25.311,0.86182,0.86191,1.44,1.00
2017.02.17 11:17:27.416,0.86187,0.86191,1.00,1.50
2017.02.17 11:17:27.467,0.86182,0.86191,1.87,1.87
2017.02.17 11:17:27.518,0.86182,0.86188,1.12,1.31
2017.02.17 11:17:28.023,0.86182,0.86188,1.00,1.00
2017.02.17 11:17:28.479,0.86182,0.8619,1.00,1.81
2017.02.17 11:17:28.849,0.86186,0.86191,1.00,3.00
2017.02.17 11:17:28.969,0.8618,0.8619,1.50,1.50
2017.02.17 11:17:29.121,0.86182,0.86188,1.00,1.00
2017.02.17 11:17:29.526,0.86184,0.86188,1.00,1.12
2017.02.17 11:17:29.678,0.86181,0.86189,1.00,1.00
2017.02.17 11:17:29.729,0.86185,0.86189,1.00,1.00
2017.02.17 11:17:30.191,0.86182,0.86189,1.00,1.00
2017.02.17 11:17:30.712,0.86183,0.8619,1.00,1.87
2017.02.17 11:17:31.024,0.86179,0.86189,1.50,1.00
2017.02.17 11:17:31.125,0.86183,0.86189,1.00,1.00
2017.02.17 11:17:31.226,0.86179,0.86189,1.50,1.00
2017.02.17 11:17:31.351,0.86182,0.8619,1.00,1.87
2017.02.17 11:17:31.604,0.8618,0.8619,1.12,1.87
2017.02.17 11:17:31.655,0.86182,0.8619,1.00,1.87
2017.02.17 11:17:32.165,0.86183,0.86189,1.00,1.12
2017.02.17 11:17:32.266,0.86179,0.86189,3.37,1.12
2017.02.17 11:17:32.317,0.86183,0.86189,1.00,1.12
2017.02.17 11:17:32.656,0.86182,0.86187,1.00,1.50
2017.02.17 11:17:33.381,0.86182,0.86186,1.00,1.00
2017.02.17 11:17:34.093,0.86177,0.86186,1.00,1.50
2017.02.17 11:17:34.195,0.86179,0.86186,1.00,1.00
2017.02.17 11:17:34.524,0.86183,0.86188,1.00,1.50
2017.02.17 11:17:35.029,0.86183,0.86188,1.00,1.12
2017.02.17 11:17:35.331,0.86179,0.86188,1.37,1.12
2017.02.17 11:17:35.569,0.86179,0.86186,1.00,1.00
2017.02.17 11:17:37.808,0.86178,0.86186,1.12,1.00
2017.02.17 11:17:38.350,0.86177,0.86185,1.00,2.25
2017.02.17 11:17:38.854,0.86177,0.86185,1.00,3.00
2017.02.17 11:17:39.690,0.8618,0.86185,1.00,3.00
2017.02.17 11:17:39.793,0.86182,0.86188,1.00,5.32
2017.02.17 11:17:40.439,0.86182,0.86189,1.00,1.87
2017.02.17 11:17:42.970,0.86184,0.86189,1.00,1.37
2017.02.17 11:17:43.204,0.86187,0.86191,1.00,1.12
2017.02.17 11:17:43.255,0.86187,0.86194,1.00,2.25
2017.02.17 11:17:43.306,0.86187,0.86195,1.00,1.50
2017.02.17 11:17:44.090,0.86187,0.86194,1.00,1.00
2017.02.17 11:17:44.712,0.86187,0.86195,1.00,1.50
2017.02.17 11:17:47.337,0.86188,0.86195,1.00,1.12
2017.02.17 11:17:48.143,0.86187,0.86195,1.00,1.87
2017.02.17 11:17:48.245,0.86189,0.86196,1.00,1.50
2017.02.17 11:17:48.548,0.86193,0.86197,1.00,1.00
2017.02.17 11:17:48.750,0.86187,0.86197,1.87,1.00
2017.02.17 11:17:49.044,0.86192,0.86197,1.00,1.37
2017.02.17 11:17:49.651,0.86192,0.86198,1.00,3.00
2017.02.17 11:17:50.159,0.86187,0.86197,1.87,2.25
2017.02.17 11:17:54.453,0.86187,0.86195,1.00,1.00
2017.02.17 11:17:54.859,0.86185,0.86192,3.37,1.00
2017.02.17 11:17:54.960,0.86183,0.86192,1.87,1.00
2017.02.17 11:17:55.476,0.86183,0.86192,1.50,1.12
2017.02.17 11:17:55.628,0.86188,0.86193,1.00,1.00
2017.02.17 11:17:55.729,0.86188,0.86195,1.00,1.12
2017.02.17 11:17:56.687,0.86186,0.86195,2.25,1.87
2017.02.17 11:17:56.889,0.86187,0.86192,1.00,1.00
2017.02.17 11:17:56.940,0.86184,0.86192,1.50,1.00
2017.02.17 11:18:00.840,0.86182,0.86192,2.25,3.37
2017.02.17 11:18:02.074,0.86181,0.8619,1.50,1.50
2017.02.17 11:18:02.379,0.86179,0.86187,1.00,1.00
2017.02.17 11:18:02.974,0.86179,0.86189,1.50,4.12
2017.02.17 11:18:03.277,0.86183,0.86189,1.00,4.12
2017.02.17 11:18:03.631,0.86183,0.86191,1.00,2.62
2017.02.17 11:18:03.732,0.86183,0.86192,1.00,1.50
2017.02.17 11:18:04.036,0.86187,0.86193,1.00,1.12
2017.02.17 11:18:05.942,0.86187,0.86194,1.00,4.12
2017.02.17 11:18:06.350,0.86187,0.86195,1.00,4.06
2017.02.17 11:18:07.641,0.86187,0.86195,1.00,2.19
2017.02.17 11:18:07.919,0.86192,0.86196,1.00,1.00
2017.02.17 11:18:07.970,0.86188,0.86197,1.00,4.06
2017.02.17 11:18:08.324,0.86187,0.86194,1.00,1.37
2017.02.17 11:18:09.232,0.86187,0.86194,1.00,1.12
2017.02.17 11:18:10.061,0.86187,0.86193,1.00,1.00
2017.02.17 11:18:12.863,0.86187,0.86194,1.00,1.50
2017.02.17 11:18:14.359,0.86187,0.86194,1.00,2.25
2017.02.17 11:18:15.669,0.86187,0.86194,1.00,1.50
2017.02.17 11:18:18.502,0.8619,0.86194,1.00,1.87
2017.02.17 11:18:18.553,0.86189,0.86194,1.00,1.00
2017.02.17 11:18:19.211,0.86189,0.86197,1.00,1.50
2017.02.17 11:18:19.363,0.86192,0.86197,1.00,1.50
2017.02.17 11:18:20.540,0.86192,0.86198,1.00,1.87
2017.02.17 11:18:21.767,0.86193,0.86198,1.00,1.00
2017.02.17 11:18:23.333,0.86192,0.86196,1.00,1.00
2017.02.17 11:18:24.086,0.86192,0.86197,1.00,1.00
2017.02.17 11:18:24.593,0.86192,0.86198,1.00,1.87
2017.02.17 11:18:26.921,0.86193,0.86198,1.00,1.87
2017.02.17 11:18:29.241,0.86193,0.86197,1.00,1.00
2017.02.17 11:18:30.277,0.86192,0.86197,1.00,1.00
2017.02.17 11:18:30.783,0.86192,0.86198,1.00,1.12
2017.02.17 11:18:31.068,0.86191,0.862,1.00,2.25
2017.02.17 11:18:31.473,0.8619,0.86198,1.00,1.00
2017.02.17 11:18:32.064,0.8619,0.86198,1.00,1.37
2017.02.17 11:18:32.640,0.86189,0.86197,1.00,1.12
2017.02.17 11:18:33.403,0.86191,0.86197,1.00,1.12
2017.02.17 11:18:33.808,0.86193,0.86198,1.00,1.87
2017.02.17 11:18:34.241,0.86191,0.86198,1.00,1.00
2017.02.17 11:18:34.802,0.86191,0.86199,1.00,2.25
2017.02.17 11:18:38.104,0.86189,0.86199,1.50,2.25
2017.02.17 11:18:38.800,0.86189,0.86198,1.00,1.00
2017.02.17 11:18:40.544,0.8619,0.86198,1.00,1.00
2017.02.17 11:18:45.136,0.86189,0.86198,1.00,1.12
2017.02.17 11:18:47.354,0.86192,0.86196,1.00,1.00
2017.02.17 11:18:47.405,0.86187,0.86195,1.87,1.12
2017.02.17 11:18:47.906,0.86187,0.86196,1.00,1.12
2017.02.17 11:18:48.412,0.86188,0.86196,1.00,1.12
2017.02.17 11:18:48.940,0.86189,0.86197,1.12,1.12
2017.02.17 11:18:50.371,0.86192,0.86198,1.00,1.87
2017.02.17 11:18:51.068,0.86192,0.86198,1.00,1.87
2017.02.17 11:18:52.297,0.86192,0.862,1.00,3.37
2017.02.17 11:18:52.870,0.86192,0.86198,1.00,1.00
2017.02.17 11:18:56.797,0.86192,0.862,1.00,1.87
2017.02.17 11:18:57.304,0.86191,0.86199,1.12,1.00
2017.02.17 11:18:57.817,0.86192,0.86199,1.00,1.00
2017.02.17 11:18:59.451,0.86192,0.86198,1.00,1.00
2017.02.17 11:18:59.552,0.8619,0.86198,1.12,1.00
2017.02.17 11:18:59.603,0.86192,0.86199,1.00,2.25
2017.02.17 11:18:59.782,0.86192,0.86201,1.50,5.25
2017.02.17 11:19:00.440,0.86192,0.86201,1.50,7.12
2017.02.17 11:19:00.743,0.8619,0.862,1.00,1.50
2017.02.17 11:19:00.844,0.86192,0.862,1.00,1.50
2017.02.17 11:19:01.335,0.8619,0.862,1.00,3.37
2017.02.17 11:19:01.937,0.86192,0.862,1.00,3.00
2017.02.17 11:19:02.240,0.8619,0.862,1.00,3.00
2017.02.17 11:19:02.919,0.86189,0.86198,2.25,1.00
2017.02.17 11:19:03.222,0.86192,0.86198,1.00,1.12
2017.02.17 11:19:03.323,0.86188,0.86198,1.87,1.87
2017.02.17 11:19:03.425,0.86187,0.86196,3.00,1.00
2017.02.17 11:19:03.936,0.86187,0.86196,2.25,1.12
2017.02.17 11:19:04.264,0.86186,0.86192,1.00,1.00
2017.02.17 11:19:04.575,0.86185,0.86194,2.25,1.12
2017.02.17 11:19:05.079,0.86185,0.86194,1.37,1.87
2017.02.17 11:19:05.341,0.86184,0.86193,1.87,1.00
2017.02.17 11:19:05.878,0.86182,0.86192,4.12,1.12
2017.02.17 11:19:06.408,0.86182,0.86189,1.00,1.50
2017.02.17 11:19:06.459,0.8618,0.86189,1.12,2.25
2017.02.17 11:19:06.771,0.86182,0.86188,1.00,1.00
2017.02.17 11:19:07.023,0.86182,0.8619,1.00,1.00
2017.02.17 11:19:07.225,0.8618,0.86189,1.87,1.00
2017.02.17 11:19:07.391,0.8618,0.86187,1.00,1.37
2017.02.17 11:19:07.918,0.86179,0.86187,1.50,1.12
2017.02.17 11:19:09.255,0.8618,0.86188,1.00,1.50
2017.02.17 11:19:09.761,0.86179,0.86188,1.00,4.12
2017.02.17 11:19:10.333,0.86181,0.86188,1.00,2.25
2017.02.17 11:19:10.856,0.86181,0.86188,1.00,1.00
2017.02.17 11:19:11.732,0.86181,0.86189,1.00,2.25
2017.02.17 11:19:12.250,0.86181,0.8619,1.00,1.12
2017.02.17 11:19:13.037,0.86182,0.8619,1.00,1.12
2017.02.17 11:19:14.088,0.86183,0.8619,1.00,1.12
2017.02.17 11:19:14.990,0.86184,0.86191,1.00,2.25
2017.02.17 11:19:15.388,0.86187,0.86195,1.00,2.25
2017.02.17 11:19:16.426,0.86186,0.86195,1.00,1.00
2017.02.17 11:19:16.528,0.86186,0.86193,1.12,1.50
2017.02.17 11:19:16.831,0.86189,0.86195,1.00,2.25
2017.02.17 11:19:16.882,0.86189,0.86197,1.00,3.37
2017.02.17 11:19:17.185,0.86189,0.86198,1.44,1.12
2017.02.17 11:19:17.874,0.8619,0.86198,1.00,1.00
2017.02.17 11:19:18.401,0.8619,0.86199,1.00,2.25
2017.02.17 11:19:22.326,0.86192,0.862,1.00,1.50
2017.02.17 11:19:22.630,0.86191,0.86196,1.12,1.00
2017.02.17 11:19:22.681,0.86189,0.86196,1.12,1.00
2017.02.17 11:19:22.984,0.86187,0.86196,1.87,1.00
2017.02.17 11:19:23.136,0.86189,0.86196,1.00,1.00
2017.02.17 11:19:23.187,0.86189,0.86198,1.00,1.12
2017.02.17 11:19:23.692,0.86187,0.86197,1.12,3.75
2017.02.17 11:19:24.194,0.86186,0.86195,1.50,1.00
2017.02.17 11:19:24.716,0.86187,0.86195,1.00,3.00
2017.02.17 11:19:26.364,0.86187,0.86195,1.50,1.12
2017.02.17 11:19:26.911,0.86188,0.86195,1.00,1.00
2017.02.17 11:19:27.338,0.86185,0.86193,1.50,1.87
2017.02.17 11:19:27.490,0.86183,0.86192,2.25,1.12
2017.02.17 11:19:28.154,0.86183,0.86192,1.50,3.00
2017.02.17 11:19:28.494,0.86182,0.86191,1.00,5.62
2017.02.17 11:19:28.999,0.86182,0.86187,1.00,1.00
2017.02.17 11:19:29.422,0.86178,0.86187,1.50,2.25
2017.02.17 11:19:29.963,0.86178,0.86186,1.00,1.00
2017.02.17 11:19:30.339,0.86182,0.86188,1.50,3.00
2017.02.17 11:19:30.390,0.86182,0.8619,1.50,3.75
2017.02.17 11:19:30.492,0.86182,0.86192,3.00,1.87
2017.02.17 11:19:31.011,0.86188,0.86193,1.00,2.62
2017.02.17 11:19:31.062,0.86188,0.86193,1.00,1.00
2017.02.17 11:19:31.716,0.86187,0.86194,1.00,1.87
2017.02.17 11:19:32.279,0.86187,0.86193,1.00,1.00
2017.02.17 11:19:32.380,0.86189,0.86194,1.00,1.00
2017.02.17 11:19:32.685,0.86193,0.862,1.00,3.00
2017.02.17 11:19:33.013,0.86193,0.862,1.00,1.00
2017.02.17 11:19:33.288,0.86197,0.86201,1.00,1.00
2017.02.17 11:19:33.339,0.86194,0.86202,1.00,3.37
2017.02.17 11:19:33.440,0.86194,0.86204,1.00,4.87
2017.02.17 11:19:34.106,0.86197,0.86204,1.00,4.50
2017.02.17 11:19:35.299,0.86194,0.86202,1.00,1.12
2017.02.17 11:19:35.501,0.86193,0.86202,1.00,4.12
2017.02.17 11:19:36.006,0.86193,0.86203,1.12,4.12
2017.02.17 11:19:36.905,0.86192,0.86202,1.00,3.37
2017.02.17 11:19:38.291,0.86192,0.86201,1.50,2.62
2017.02.17 11:19:38.826,0.86192,0.862,1.00,6.97
2017.02.17 11:19:40.585,0.86192,0.86199,1.00,1.00
2017.02.17 11:19:42.730,0.86189,0.86198,1.37,5.62
2017.02.17 11:19:42.831,0.86192,0.86198,1.00,1.00
2017.02.17 11:19:42.933,0.86191,0.86201,1.00,4.50
2017.02.17 11:19:43.186,0.86192,0.862,1.00,3.75
2017.02.17 11:19:43.338,0.86192,0.862,1.00,1.00
2017.02.17 11:19:43.388,0.86192,0.86199,1.00,2.25
2017.02.17 11:19:44.285,0.86191,0.862,1.50,2.62
2017.02.17 11:19:44.336,0.86191,0.86202,1.50,5.25
2017.02.17 11:19:44.849,0.86192,0.86201,1.00,1.12
2017.02.17 11:19:45.408,0.86191,0.86201,1.87,1.12
2017.02.17 11:19:46.325,0.86192,0.86202,1.00,3.37
2017.02.17 11:19:47.453,0.86193,0.86201,1.00,1.12
2017.02.17 11:19:47.655,0.86197,0.86202,1.00,1.87
2017.02.17 11:19:49.378,0.86192,0.862,1.00,1.00
2017.02.17 11:19:49.480,0.86192,0.86198,1.00,1.00
2017.02.17 11:19:49.631,0.86188,0.86198,4.12,1.50
2017.02.17 11:19:49.985,0.86193,0.86198,1.00,1.00
2017.02.17 11:19:50.532,0.86192,0.86199,1.00,1.00
2017.02.17 11:19:50.966,0.86192,0.86197,1.00,1.00
2017.02.17 11:19:51.469,0.86192,0.86198,1.00,1.00
2017.02.17 11:19:51.526,0.8619,0.86198,1.00,1.50
2017.02.17 11:19:51.630,0.86188,0.86196,3.37,1.00
2017.02.17 11:19:51.681,0.86188,0.86198,3.37,1.87
2017.02.17 11:19:51.782,0.86188,0.86196,1.50,1.00
2017.02.17 11:19:52.349,0.86187,0.86196,1.00,2.25
2017.02.17 11:19:53.077,0.86187,0.86195,1.00,1.00
2017.02.17 11:19:54.855,0.86188,0.86195,1.00,1.00
2017.02.17 11:19:55.395,0.86187,0.86195,1.00,3.00
2017.02.17 11:19:56.027,0.86187,0.86195,1.00,3.75
2017.02.17 11:19:58.506,0.86187,0.86193,1.00,1.00
2017.02.17 11:19:59.240,0.86189,0.86193,1.00,1.00
2017.02.17 11:19:59.291,0.86188,0.86193,1.00,1.00
2017.02.17 11:19:59.342,0.86188,0.86197,1.00,1.12
2017.02.17 11:20:00.352,0.8619,0.86196,1.00,1.12
2017.02.17 11:20:00.403,0.86186,0.86193,1.00,1.12
2017.02.17 11:20:00.456,0.86184,0.86192,1.00,1.37
2017.02.17 11:20:00.961,0.86184,0.86192,1.00,1.50
2017.02.17 11:20:01.463,0.86183,0.86192,2.25,1.00
2017.02.17 11:20:02.141,0.86183,0.86193,1.50,3.37
2017.02.17 11:20:03.347,0.86183,0.86191,1.00,1.00
2017.02.17 11:20:03.650,0.86182,0.8619,1.00,1.50
2017.02.17 11:20:03.853,0.86183,0.86192,1.00,3.37
2017.02.17 11:20:04.406,0.86183,0.86192,1.00,2.25
2017.02.17 11:20:04.558,0.86182,0.8619,1.87,1.00
2017.02.17 11:20:05.082,0.86182,0.86189,1.00,3.75
2017.02.17 11:20:05.587,0.86182,0.86188,1.00,1.00
2017.02.17 11:20:06.448,0.86182,0.86189,1.00,3.00
2017.02.17 11:20:06.550,0.86182,0.86189,1.00,1.00
2017.02.17 11:20:07.083,0.86182,0.86189,1.00,1.50
2017.02.17 11:20:07.589,0.86182,0.86189,1.00,1.00
2017.02.17 11:20:08.252,0.86182,0.86188,1.00,1.00
2017.02.17 11:20:10.442,0.86182,0.8619,1.00,3.37
2017.02.17 11:20:15.935,0.86182,0.8619,1.00,1.12
2017.02.17 11:20:22.641,0.86183,0.86191,1.00,1.50
2017.02.17 11:20:22.844,0.86183,0.86192,3.00,1.00
2017.02.17 11:20:27.658,0.86185,0.86194,1.00,3.00
2017.02.17 11:20:27.860,0.86186,0.86196,1.37,1.12
2017.02.17 11:20:28.235,0.86185,0.86193,3.37,1.00
2017.02.17 11:20:28.336,0.86183,0.86192,3.37,1.50
2017.02.17 11:20:28.388,0.86183,0.86191,1.00,1.00
2017.02.17 11:20:32.283,0.86183,0.86192,1.00,1.50
2017.02.17 11:20:34.785,0.86184,0.86192,1.00,1.00
2017.02.17 11:20:35.326,0.86184,0.86192,1.50,1.00
2017.02.17 11:20:35.777,0.86183,0.86191,1.00,1.12
2017.02.17 11:20:35.979,0.86182,0.86191,1.00,4.87
2017.02.17 11:20:39.173,0.86181,0.8619,4.50,1.50
2017.02.17 11:20:40.728,0.86185,0.86191,1.00,4.12
2017.02.17 11:20:40.931,0.86185,0.86195,4.50,3.37
2017.02.17 11:20:40.982,0.86184,0.86194,1.87,1.87
2017.02.17 11:20:41.083,0.86183,0.86192,1.87,1.00
2017.02.17 11:20:42.363,0.86184,0.86192,4.50,1.00
2017.02.17 11:20:42.567,0.86184,0.86194,1.50,1.50
2017.02.17 11:20:42.928,0.86189,0.86196,1.00,3.37
2017.02.17 11:20:43.153,0.86189,0.86196,1.00,1.00
2017.02.17 11:20:46.140,0.86188,0.86198,1.00,4.87
2017.02.17 11:20:46.191,0.86188,0.86197,4.87,1.37
2017.02.17 11:20:46.261,0.86188,0.86198,1.12,3.37
2017.02.17 11:20:46.413,0.86189,0.86199,1.00,2.25
2017.02.17 11:20:46.615,0.86191,0.86199,1.00,2.62
2017.02.17 11:20:47.897,0.86191,0.86199,1.00,1.12
2017.02.17 11:20:48.795,0.86193,0.862,1.00,3.00
2017.02.17 11:20:48.897,0.86193,0.86201,1.00,1.00
2017.02.17 11:20:49.301,0.86192,0.86203,4.12,1.87
2017.02.17 11:20:49.532,0.86192,0.86203,1.12,3.00
2017.02.17 11:20:49.738,0.86192,0.862,1.12,1.00
2017.02.17 11:20:50.293,0.86192,0.86201,1.00,1.50
2017.02.17 11:20:53.272,0.86193,0.86202,1.00,1.50
2017.02.17 11:20:53.625,0.8619,0.862,1.00,1.12
2017.02.17 11:20:53.726,0.86192,0.862,1.00,1.12
2017.02.17 11:20:54.371,0.86192,0.862,1.37,1.50
2017.02.17 11:20:55.277,0.86191,0.86202,3.37,2.25
2017.02.17 11:21:00.935,0.86193,0.86201,1.00,4.12
2017.02.17 11:21:01.209,0.86191,0.86201,1.00,4.50
