2015.05.18 14:00:00.287,0.98802,0.98821,1.00,1.00
2015.05.18 14:00:00.632,0.98802,0.98821,1.00,1.50
2015.05.18 14:00:00.885,0.98802,0.98827,1.50,2.25
2015.05.18 14:00:00.986,0.98804,0.98827,1.00,1.50
2015.05.18 14:00:01.191,0.98806,0.98831,1.00,1.75
2015.05.18 14:00:01.343,0.98804,0.98827,1.00,1.37
2015.05.18 14:00:01.516,0.98803,0.98827,1.00,1.75
2015.05.18 14:00:01.617,0.98797,0.98823,1.87,1.50
2015.05.18 14:00:02.174,0.98797,0.98823,1.00,2.25
2015.05.18 14:00:02.428,0.98797,0.98822,1.10,1.12
2015.05.18 14:00:03.075,0.98797,0.98822,1.00,1.75
2015.05.18 14:00:03.957,0.98798,0.98821,1.00,1.75
2015.05.18 14:00:04.311,0.98793,0.98818,2.25,1.12
2015.05.18 14:00:04.413,0.98793,0.98816,1.00,1.37
2015.05.18 14:00:04.716,0.98792,0.98816,1.00,1.75
2015.05.18 14:00:05.195,0.98796,0.98814,1.00,1.12
2015.05.18 14:00:05.705,0.98796,0.98814,1.00,1.10
2015.05.18 14:00:06.028,0.98792,0.9881,1.00,1.10
2015.05.18 14:00:06.331,0.98792,0.98807,1.50,1.00
2015.05.18 14:00:06.685,0.9879,0.98806,1.00,1.00
2015.05.18 14:00:06.787,0.9879,0.98808,1.00,1.50
2015.05.18 14:00:07.322,0.9879,0.98807,1.00,1.10
2015.05.18 14:00:07.827,0.98791,0.98808,1.00,1.12
2015.05.18 14:00:07.928,0.9879,0.98808,1.50,2.25
2015.05.18 14:00:08.827,0.98788,0.98806,1.50,1.12
2015.05.18 14:00:08.928,0.98786,0.98804,1.00,1.00
2015.05.18 14:00:09.099,0.98786,0.98802,1.00,1.12
2015.05.18 14:00:09.151,0.98784,0.98802,1.00,1.95
2015.05.18 14:00:09.253,0.98782,0.988,1.50,1.00
2015.05.18 14:00:09.557,0.98788,0.988,1.00,1.00
2015.05.18 14:00:09.867,0.98788,0.98802,1.50,1.50
2015.05.18 14:00:10.202,0.98791,0.98804,1.00,1.10
2015.05.18 14:00:10.511,0.98788,0.98802,1.17,1.00
2015.05.18 14:00:10.817,0.98788,0.988,1.00,1.00
2015.05.18 14:00:11.138,0.9879,0.98802,1.00,1.00
2015.05.18 14:00:11.543,0.98788,0.98801,1.00,1.00
2015.05.18 14:00:11.594,0.98792,0.98801,1.00,1.00
2015.05.18 14:00:11.898,0.98787,0.98799,1.00,1.10
2015.05.18 14:00:12.635,0.98788,0.98794,1.00,1.00
2015.05.18 14:00:12.737,0.98787,0.98796,1.00,1.50
2015.05.18 14:00:12.788,0.9879,0.98796,1.00,1.50
2015.05.18 14:00:12.889,0.98782,0.98794,3.00,1.00
2015.05.18 14:00:12.999,0.98782,0.98789,1.00,1.00
2015.05.18 14:00:13.102,0.98777,0.98788,1.00,1.00
2015.05.18 14:00:13.320,0.98775,0.98788,1.00,1.00
2015.05.18 14:00:13.371,0.98773,0.98786,1.65,1.00
2015.05.18 14:00:13.473,0.98775,0.98788,1.00,1.00
2015.05.18 14:00:13.574,0.98773,0.98786,1.00,1.00
2015.05.18 14:00:13.878,0.98777,0.98782,1.00,1.00
2015.05.18 14:00:14.080,0.98777,0.98784,1.00,1.00
2015.05.18 14:00:15.582,0.98777,0.98783,1.00,1.00
2015.05.18 14:00:15.743,0.98779,0.98784,1.00,1.00
2015.05.18 14:00:15.844,0.98772,0.98779,1.00,1.00
2015.05.18 14:00:16.349,0.98772,0.98778,1.00,1.00
2015.05.18 14:00:16.476,0.98767,0.98777,1.00,1.50
2015.05.18 14:00:16.780,0.98768,0.98781,1.50,1.37
2015.05.18 14:00:16.882,0.98771,0.98781,1.00,1.00
2015.05.18 14:00:16.932,0.98771,0.98785,1.50,1.10
2015.05.18 14:00:16.984,0.98773,0.98785,1.00,1.17
2015.05.18 14:00:17.781,0.98773,0.98781,1.00,1.00
2015.05.18 14:00:18.085,0.98773,0.98779,1.00,1.00
2015.05.18 14:00:18.186,0.98767,0.98777,1.00,1.00
2015.05.18 14:00:18.717,0.98767,0.98779,1.00,1.57
2015.05.18 14:00:19.850,0.98773,0.98779,1.00,1.57
2015.05.18 14:00:19.951,0.98767,0.98779,1.00,1.57
2015.05.18 14:00:20.053,0.98767,0.98779,1.00,3.97
2015.05.18 14:00:20.357,0.98762,0.98774,1.00,2.47
2015.05.18 14:00:20.560,0.98762,0.98775,1.00,1.00
2015.05.18 14:00:20.662,0.98764,0.98777,1.00,1.65
2015.05.18 14:00:20.964,0.98762,0.98775,1.50,1.50
2015.05.18 14:00:21.484,0.98763,0.98775,1.00,1.50
2015.05.18 14:00:22.313,0.98765,0.98775,1.00,1.00
2015.05.18 14:00:22.692,0.98765,0.98773,1.00,1.00
2015.05.18 14:00:22.743,0.98763,0.98773,1.00,1.00
2015.05.18 14:00:22.844,0.98762,0.98771,1.00,1.00
2015.05.18 14:00:23.355,0.98762,0.98772,1.00,1.00
2015.05.18 14:00:23.709,0.98762,0.98774,1.00,1.50
2015.05.18 14:00:24.292,0.98762,0.98773,1.00,1.00
2015.05.18 14:00:24.445,0.98763,0.98771,1.00,1.00
2015.05.18 14:00:24.748,0.98765,0.98773,1.00,1.00
2015.05.18 14:00:24.850,0.98766,0.98777,1.00,1.00
2015.05.18 14:00:24.900,0.98766,0.98774,1.00,1.00
2015.05.18 14:00:25.002,0.98761,0.98774,1.50,1.00
2015.05.18 14:00:25.205,0.98764,0.98777,1.00,1.35
2015.05.18 14:00:25.543,0.98765,0.98778,1.50,1.00
2015.05.18 14:00:25.645,0.98763,0.98776,1.00,1.00
2015.05.18 14:00:25.948,0.98758,0.98769,1.00,1.00
2015.05.18 14:00:26.256,0.98762,0.98769,1.00,1.00
2015.05.18 14:00:26.422,0.9876,0.98769,1.00,1.00
2015.05.18 14:00:26.674,0.98762,0.98772,1.00,2.40
2015.05.18 14:00:26.877,0.98762,0.98772,1.00,1.00
2015.05.18 14:00:27.079,0.98763,0.98775,1.00,1.07
2015.05.18 14:00:27.181,0.98765,0.98776,1.00,1.10
2015.05.18 14:00:27.686,0.98764,0.98777,1.00,1.50
2015.05.18 14:00:28.118,0.98764,0.98777,2.47,1.50
2015.05.18 14:00:28.421,0.98767,0.98778,1.17,1.50
2015.05.18 14:00:28.472,0.98767,0.98778,1.10,1.50
2015.05.18 14:00:28.523,0.98767,0.98776,1.00,1.50
2015.05.18 14:00:29.092,0.98764,0.98776,2.40,1.50
2015.05.18 14:00:29.475,0.98762,0.98773,3.15,1.00
2015.05.18 14:00:29.577,0.98762,0.98771,1.00,1.00
2015.05.18 14:00:29.899,0.98758,0.98769,2.47,1.00
2015.05.18 14:00:30.279,0.98757,0.98769,1.07,1.50
2015.05.18 14:00:30.482,0.98757,0.98771,2.25,1.57
2015.05.18 14:00:31.007,0.98758,0.9877,1.00,1.00
2015.05.18 14:00:31.535,0.98757,0.9877,1.50,1.00
2015.05.18 14:00:32.256,0.98758,0.98771,1.00,1.10
2015.05.18 14:00:32.358,0.98756,0.98769,1.00,1.00
2015.05.18 14:00:32.510,0.98754,0.98768,1.50,1.50
2015.05.18 14:00:32.914,0.98755,0.98766,1.00,1.50
2015.05.18 14:00:33.242,0.98754,0.98763,1.00,1.50
2015.05.18 14:00:33.425,0.98756,0.98768,1.50,1.37
2015.05.18 14:00:33.476,0.98757,0.98768,1.65,1.50
2015.05.18 14:00:33.729,0.98767,0.98779,1.00,1.50
2015.05.18 14:00:34.100,0.98768,0.98775,1.00,1.00
2015.05.18 14:00:34.404,0.98772,0.98776,1.00,1.00
2015.05.18 14:00:34.801,0.98772,0.98778,1.00,1.00
2015.05.18 14:00:35.105,0.98772,0.9878,1.50,1.00
2015.05.18 14:00:35.610,0.98773,0.9878,1.00,1.00
2015.05.18 14:00:36.715,0.98773,0.98778,1.00,1.00
2015.05.18 14:00:36.766,0.98771,0.98778,1.00,1.00
2015.05.18 14:00:36.817,0.98771,0.98776,1.00,1.00
2015.05.18 14:00:37.035,0.98769,0.98777,1.00,1.00
2015.05.18 14:00:37.543,0.98772,0.98779,1.00,1.00
2015.05.18 14:00:38.064,0.98773,0.9878,1.00,1.00
2015.05.18 14:00:38.313,0.98771,0.9878,1.00,1.00
2015.05.18 14:00:38.415,0.98766,0.98776,1.00,1.00
2015.05.18 14:00:38.517,0.98762,0.98773,1.10,1.00
2015.05.18 14:00:38.669,0.9876,0.98773,1.00,1.50
2015.05.18 14:00:38.973,0.98762,0.98774,1.07,1.00
2015.05.18 14:00:39.074,0.98764,0.98776,1.00,1.10
2015.05.18 14:00:39.581,0.98765,0.98776,1.00,1.50
2015.05.18 14:00:39.733,0.98763,0.98776,1.57,1.00
2015.05.18 14:00:40.723,0.98772,0.98778,1.00,1.00
2015.05.18 14:00:40.876,0.98772,0.98784,1.50,1.10
2015.05.18 14:00:40.926,0.98772,0.98782,1.00,1.00
2015.05.18 14:00:41.577,0.98772,0.98783,1.00,1.00
2015.05.18 14:00:42.470,0.98772,0.98785,1.50,1.00
2015.05.18 14:00:42.622,0.98774,0.98785,1.00,1.00
2015.05.18 14:00:42.673,0.98774,0.98787,1.00,1.50
2015.05.18 14:00:42.805,0.98777,0.98787,1.00,1.00
2015.05.18 14:00:42.957,0.98773,0.98787,1.50,1.50
2015.05.18 14:00:43.008,0.98776,0.98786,1.00,1.00
2015.05.18 14:00:43.160,0.98774,0.98786,1.00,1.50
2015.05.18 14:00:43.262,0.98772,0.98782,1.00,1.00
2015.05.18 14:00:43.465,0.98773,0.98785,1.00,1.00
2015.05.18 14:00:44.002,0.98773,0.98786,1.00,1.50
2015.05.18 14:00:44.508,0.98774,0.98786,1.10,1.00
2015.05.18 14:00:45.172,0.98774,0.98787,1.10,2.25
2015.05.18 14:00:45.693,0.98775,0.98787,1.00,1.00
2015.05.18 14:00:45.845,0.98774,0.98782,1.10,1.00
2015.05.18 14:00:45.947,0.98768,0.9878,1.27,1.00
2015.05.18 14:00:46.000,0.98766,0.98777,1.57,1.00
2015.05.18 14:00:46.053,0.98765,0.98777,1.10,1.00
2015.05.18 14:00:46.165,0.98768,0.98779,1.00,1.00
2015.05.18 14:00:46.670,0.98767,0.9878,1.00,1.50
2015.05.18 14:00:47.125,0.98765,0.98779,2.40,1.50
2015.05.18 14:00:47.226,0.98767,0.98779,1.00,1.00
2015.05.18 14:00:47.868,0.98767,0.9878,1.00,1.50
2015.05.18 14:00:48.403,0.98767,0.98779,1.00,1.00
2015.05.18 14:00:48.866,0.98765,0.98779,1.65,1.50
2015.05.18 14:00:49.018,0.98767,0.98779,1.00,1.50
2015.05.18 14:00:49.120,0.98765,0.98779,1.20,1.50
2015.05.18 14:00:49.221,0.98768,0.98778,1.00,1.00
2015.05.18 14:00:49.424,0.98762,0.98774,1.57,1.50
2015.05.18 14:00:49.525,0.98764,0.98773,1.00,1.57
2015.05.18 14:00:49.704,0.9876,0.98772,1.00,1.00
2015.05.18 14:00:49.855,0.98758,0.9877,1.00,1.00
2015.05.18 14:00:50.159,0.98756,0.98768,1.50,1.00
2015.05.18 14:00:50.462,0.9876,0.98769,1.00,1.50
2015.05.18 14:00:50.512,0.98755,0.98769,1.57,1.50
2015.05.18 14:00:50.614,0.98759,0.98769,1.00,1.50
2015.05.18 14:00:50.963,0.98759,0.98767,1.00,1.00
2015.05.18 14:00:51.065,0.98759,0.9877,1.00,1.00
2015.05.18 14:00:51.167,0.98762,0.98773,1.00,1.57
2015.05.18 14:00:51.472,0.98755,0.98763,4.80,1.00
2015.05.18 14:00:51.675,0.98749,0.98761,1.00,1.00
2015.05.18 14:00:51.949,0.98747,0.98759,1.20,1.00
2015.05.18 14:00:52.253,0.98747,0.98756,1.20,1.00
2015.05.18 14:00:52.355,0.98747,0.98758,1.65,1.00
2015.05.18 14:00:52.759,0.98747,0.98756,1.20,1.00
2015.05.18 14:00:53.345,0.98745,0.98756,1.00,1.00
2015.05.18 14:00:53.446,0.98745,0.98758,1.00,1.00
2015.05.18 14:00:53.598,0.98745,0.98756,1.00,1.00
2015.05.18 14:00:53.886,0.98745,0.98759,1.00,1.50
2015.05.18 14:00:54.189,0.98748,0.98761,1.00,1.10
2015.05.18 14:00:54.510,0.98757,0.98769,1.50,1.12
2015.05.18 14:00:54.611,0.98758,0.9877,1.00,1.00
2015.05.18 14:00:55.116,0.98757,0.98771,1.50,1.50
2015.05.18 14:00:55.457,0.98757,0.98769,1.50,1.00
2015.05.18 14:00:55.762,0.98757,0.98767,1.00,1.00
2015.05.18 14:00:57.808,0.98754,0.98767,1.00,1.50
2015.05.18 14:00:57.936,0.98753,0.98764,1.00,1.00
2015.05.18 14:00:58.442,0.98753,0.98765,1.00,1.00
2015.05.18 14:00:59.038,0.98754,0.98764,1.00,1.00
2015.05.18 14:00:59.190,0.98754,0.98766,1.00,1.50
2015.05.18 14:00:59.241,0.98757,0.98766,1.00,1.50
2015.05.18 14:00:59.645,0.98754,0.98766,1.00,1.00
2015.05.18 14:01:00.162,0.98756,0.98768,1.00,1.00
2015.05.18 14:01:00.472,0.98758,0.98768,1.00,1.00
2015.05.18 14:01:00.725,0.98758,0.9877,1.00,1.50
2015.05.18 14:01:01.180,0.98762,0.98772,1.00,1.10
2015.05.18 14:01:01.505,0.98767,0.98776,1.00,1.00
2015.05.18 14:01:01.760,0.98762,0.98775,2.25,1.00
2015.05.18 14:01:02.394,0.98762,0.98771,1.50,1.00
2015.05.18 14:01:02.539,0.98762,0.98773,1.00,1.00
2015.05.18 14:01:03.053,0.98763,0.98771,1.00,1.00
2015.05.18 14:01:03.793,0.98763,0.9877,1.00,1.00
2015.05.18 14:01:04.333,0.98762,0.9877,1.00,1.00
2015.05.18 14:01:04.855,0.98762,0.98769,1.00,1.00
2015.05.18 14:01:05.169,0.98757,0.98766,1.10,1.00
2015.05.18 14:01:05.685,0.98757,0.98765,1.00,1.00
2015.05.18 14:01:06.194,0.98757,0.98764,1.00,1.00
2015.05.18 14:01:06.707,0.98758,0.98764,1.00,1.00
2015.05.18 14:01:07.048,0.98753,0.98764,1.00,1.00
2015.05.18 14:01:07.389,0.98753,0.98762,1.00,1.00
2015.05.18 14:01:07.692,0.98762,0.98769,1.00,1.10
2015.05.18 14:01:07.844,0.98758,0.98768,1.00,1.00
2015.05.18 14:01:07.997,0.98758,0.98766,1.00,1.00
2015.05.18 14:01:08.549,0.98757,0.98766,1.00,1.00
2015.05.18 14:01:08.863,0.98757,0.98763,1.00,1.00
2015.05.18 14:01:09.368,0.98757,0.98762,1.00,1.00
2015.05.18 14:01:09.896,0.98758,0.98762,1.00,1.00
2015.05.18 14:01:10.266,0.98755,0.98759,1.00,1.00
2015.05.18 14:01:10.368,0.98752,0.98759,1.00,1.00
2015.05.18 14:01:11.133,0.98752,0.98762,1.00,1.00
2015.05.18 14:01:11.841,0.98752,0.98763,1.50,1.00
2015.05.18 14:01:12.212,0.98757,0.98763,1.00,1.00
2015.05.18 14:01:12.728,0.98757,0.98764,1.00,1.00
2015.05.18 14:01:13.278,0.98757,0.98765,1.00,1.00
2015.05.18 14:01:13.633,0.98762,0.98766,1.00,1.00
2015.05.18 14:01:14.309,0.98758,0.98766,1.00,1.00
2015.05.18 14:01:15.309,0.98756,0.98766,1.37,1.00
2015.05.18 14:01:15.360,0.98764,0.98771,1.00,2.55
2015.05.18 14:01:15.411,0.98764,0.98774,1.37,1.65
2015.05.18 14:01:15.513,0.98766,0.9878,1.87,3.07
2015.05.18 14:01:15.614,0.98772,0.9878,1.00,2.32
2015.05.18 14:01:16.092,0.98768,0.9878,1.00,1.10
2015.05.18 14:01:16.345,0.98768,0.98778,1.00,1.00
2015.05.18 14:01:16.648,0.98767,0.98775,1.00,1.00
2015.05.18 14:01:17.033,0.98767,0.98773,1.00,1.00
2015.05.18 14:01:17.418,0.98762,0.98773,1.00,1.00
2015.05.18 14:01:17.520,0.98767,0.98773,1.00,1.00
2015.05.18 14:01:17.722,0.98762,0.98772,1.00,1.00
2015.05.18 14:01:18.085,0.98763,0.9877,1.00,1.20
2015.05.18 14:01:18.590,0.98763,0.98769,1.00,1.00
2015.05.18 14:01:19.371,0.98762,0.98769,1.00,1.00
2015.05.18 14:01:20.942,0.98762,0.9877,1.00,1.65
2015.05.18 14:01:21.518,0.98762,0.98768,1.00,1.00
2015.05.18 14:01:22.062,0.98762,0.98769,1.00,1.00
2015.05.18 14:01:22.583,0.98762,0.98768,1.00,1.00
2015.05.18 14:01:22.914,0.98762,0.9877,1.00,1.20
2015.05.18 14:01:23.067,0.98764,0.98773,1.00,1.00
2015.05.18 14:01:23.118,0.98764,0.98777,1.00,1.10
2015.05.18 14:01:23.374,0.98762,0.98776,1.50,1.50
2015.05.18 14:01:23.677,0.98762,0.98774,1.50,1.00
2015.05.18 14:01:24.183,0.98762,0.98775,1.00,1.50
2015.05.18 14:01:24.654,0.98767,0.98775,1.00,1.00
2015.05.18 14:01:24.959,0.98768,0.98777,1.00,1.10
2015.05.18 14:01:25.010,0.98768,0.98779,1.50,1.10
2015.05.18 14:01:25.113,0.98767,0.98777,1.50,1.00
2015.05.18 14:01:25.299,0.98766,0.98779,1.50,1.00
2015.05.18 14:01:25.351,0.98766,0.98776,1.00,1.00
2015.05.18 14:01:25.655,0.98763,0.98772,1.57,1.00
2015.05.18 14:01:25.808,0.98763,0.98774,1.57,1.00
2015.05.18 14:01:25.909,0.98764,0.98776,1.00,1.00
2015.05.18 14:01:26.341,0.98762,0.98774,1.17,1.00
2015.05.18 14:01:26.854,0.98762,0.98775,1.65,1.50
2015.05.18 14:01:27.363,0.98763,0.98776,1.10,1.50
2015.05.18 14:01:27.753,0.98763,0.98774,1.10,1.00
2015.05.18 14:01:28.319,0.98765,0.98776,1.07,1.00
2015.05.18 14:01:28.471,0.98772,0.98783,1.00,1.00
2015.05.18 14:01:28.623,0.98774,0.98787,1.00,1.50
2015.05.18 14:01:28.775,0.98772,0.98783,1.10,1.00
2015.05.18 14:01:28.970,0.98769,0.98781,1.00,1.50
2015.05.18 14:01:29.324,0.98767,0.9878,1.00,1.50
2015.05.18 14:01:29.758,0.98767,0.98778,1.00,1.00
2015.05.18 14:01:30.271,0.98765,0.98778,1.57,1.00
2015.05.18 14:01:30.423,0.98765,0.98775,1.57,1.00
2015.05.18 14:01:30.778,0.98763,0.98775,2.62,1.00
2015.05.18 14:01:31.032,0.98767,0.98775,1.00,1.00
2015.05.18 14:01:31.204,0.98767,0.98777,1.00,1.50
2015.05.18 14:01:31.356,0.98769,0.98777,1.00,1.50
2015.05.18 14:01:31.407,0.98773,0.98785,1.00,1.92
2015.05.18 14:01:31.458,0.98773,0.98785,1.00,1.17
2015.05.18 14:01:31.610,0.98782,0.98788,1.00,1.00
2015.05.18 14:01:31.661,0.98783,0.9879,1.00,1.50
2015.05.18 14:01:31.813,0.9878,0.98792,1.00,1.65
2015.05.18 14:01:31.965,0.98778,0.98789,1.00,1.00
2015.05.18 14:01:32.342,0.98769,0.98781,2.25,1.50
2015.05.18 14:01:32.446,0.98765,0.98778,1.10,2.25
2015.05.18 14:01:32.497,0.98762,0.98773,2.32,1.00
2015.05.18 14:01:32.548,0.98763,0.98773,1.10,1.00
2015.05.18 14:01:33.089,0.98764,0.98773,1.00,1.00
2015.05.18 14:01:33.433,0.98763,0.9877,1.57,1.00
2015.05.18 14:01:33.686,0.9876,0.98773,3.30,1.00
2015.05.18 14:01:33.787,0.98761,0.98773,1.00,1.00
2015.05.18 14:01:33.888,0.98762,0.98773,1.07,1.00
2015.05.18 14:01:34.194,0.98761,0.9877,1.17,1.00
2015.05.18 14:01:34.686,0.98761,0.98774,1.17,1.00
2015.05.18 14:01:34.891,0.9876,0.98772,3.22,1.00
2015.05.18 14:01:35.602,0.9876,0.9877,2.47,1.00
2015.05.18 14:01:35.684,0.98759,0.98768,1.20,1.00
2015.05.18 14:01:35.786,0.98758,0.9877,1.50,1.00
2015.05.18 14:01:35.887,0.98758,0.98768,1.00,1.00
2015.05.18 14:01:36.392,0.98759,0.98768,1.00,1.00
2015.05.18 14:01:36.794,0.98761,0.98767,1.00,1.00
2015.05.18 14:01:36.896,0.98761,0.9877,1.00,1.00
2015.05.18 14:01:37.410,0.98761,0.98771,1.00,1.00
2015.05.18 14:01:37.613,0.98763,0.9877,1.00,1.00
2015.05.18 14:01:37.663,0.98763,0.98772,1.00,1.00
2015.05.18 14:01:38.192,0.98761,0.98772,1.10,1.00
2015.05.18 14:01:38.563,0.9876,0.98774,1.50,1.50
2015.05.18 14:01:38.665,0.9876,0.98769,1.12,1.00
2015.05.18 14:01:38.716,0.98757,0.98769,1.12,1.00
2015.05.18 14:01:38.867,0.98756,0.98768,1.10,1.00
2015.05.18 14:01:39.390,0.98756,0.98767,1.50,1.00
2015.05.18 14:01:39.928,0.98756,0.98768,1.00,1.50
2015.05.18 14:01:40.103,0.98756,0.98766,1.00,1.00
2015.05.18 14:01:40.577,0.98752,0.98765,1.50,1.00
2015.05.18 14:01:40.628,0.98751,0.98761,2.25,1.00
2015.05.18 14:01:40.678,0.98751,0.98761,1.00,1.00
2015.05.18 14:01:40.981,0.9875,0.98759,1.00,1.00
2015.05.18 14:01:41.529,0.98749,0.98761,1.00,1.00
2015.05.18 14:01:41.631,0.98748,0.98758,2.25,1.00
2015.05.18 14:01:42.161,0.9875,0.98757,1.00,1.00
2015.05.18 14:01:42.414,0.98747,0.98757,1.00,1.00
2015.05.18 14:01:42.515,0.98746,0.98753,1.10,1.00
2015.05.18 14:01:42.616,0.98747,0.98755,1.00,1.00
2015.05.18 14:01:42.970,0.98747,0.98757,1.00,1.00
2015.05.18 14:01:43.123,0.98749,0.98758,1.00,1.00
2015.05.18 14:01:44.717,0.98748,0.98758,1.00,1.00
2015.05.18 14:01:45.023,0.9875,0.98758,1.00,1.00
2015.05.18 14:01:47.538,0.98748,0.98758,1.12,1.00
2015.05.18 14:01:47.589,0.98748,0.9876,1.12,1.00
2015.05.18 14:01:47.690,0.98749,0.98758,1.00,1.00
2015.05.18 14:01:48.194,0.98749,0.98759,1.12,1.00
2015.05.18 14:01:48.727,0.98748,0.98758,1.00,1.00
2015.05.18 14:01:49.434,0.98748,0.98759,1.50,1.00
2015.05.18 14:01:49.780,0.98751,0.98758,1.00,1.00
2015.05.18 14:01:50.085,0.98745,0.98751,1.00,1.00
2015.05.18 14:01:50.389,0.98747,0.98752,1.00,1.00
2015.05.18 14:01:50.440,0.98747,0.98754,1.00,1.00
2015.05.18 14:01:50.968,0.98748,0.98753,1.50,1.00
2015.05.18 14:01:51.487,0.98748,0.98754,1.00,1.00
2015.05.18 14:01:51.960,0.98748,0.98758,1.50,1.00
2015.05.18 14:01:52.061,0.98746,0.98756,1.00,1.00
2015.05.18 14:01:52.213,0.98744,0.98756,1.57,1.00
2015.05.18 14:01:52.314,0.98743,0.98754,1.12,1.00
2015.05.18 14:01:52.619,0.98747,0.98754,1.00,1.00
2015.05.18 14:01:52.738,0.98743,0.98752,1.10,1.00
2015.05.18 14:01:53.299,0.98743,0.98751,1.50,1.00
2015.05.18 14:01:53.401,0.98743,0.98753,1.50,1.00
2015.05.18 14:01:53.947,0.98745,0.98754,1.00,1.00
2015.05.18 14:01:54.371,0.98746,0.98756,1.00,1.00
2015.05.18 14:01:54.674,0.98744,0.98756,1.00,1.00
2015.05.18 14:01:54.725,0.98742,0.98753,1.50,1.00
2015.05.18 14:01:55.028,0.98738,0.9875,1.57,1.00
2015.05.18 14:01:55.712,0.98741,0.9875,1.00,1.00
2015.05.18 14:01:56.172,0.98746,0.98751,1.00,1.00
2015.05.18 14:01:56.223,0.98743,0.98751,1.00,1.00
2015.05.18 14:01:56.274,0.98744,0.98754,1.00,1.00
2015.05.18 14:01:56.325,0.98742,0.98754,1.57,1.00
2015.05.18 14:01:56.577,0.98742,0.98752,1.10,1.00
2015.05.18 14:01:57.118,0.98745,0.98752,1.00,1.00
2015.05.18 14:01:57.169,0.98743,0.98752,1.00,1.00
2015.05.18 14:01:57.684,0.98742,0.98753,1.00,1.50
2015.05.18 14:01:57.887,0.98745,0.98753,1.00,1.00
2015.05.18 14:01:58.057,0.98746,0.98759,2.25,1.00
2015.05.18 14:01:58.259,0.98748,0.9876,1.00,1.00
2015.05.18 14:01:58.461,0.98745,0.98758,1.10,1.00
2015.05.18 14:01:59.056,0.98745,0.98759,1.00,1.50
2015.05.18 14:01:59.561,0.98746,0.9876,1.00,1.00
2015.05.18 14:02:00.062,0.98747,0.9876,1.00,1.00
2015.05.18 14:02:00.469,0.98748,0.98762,1.50,1.50
2015.05.18 14:02:01.157,0.98748,0.98761,1.00,1.50
2015.05.18 14:02:01.259,0.98744,0.98755,2.25,1.00
2015.05.18 14:02:01.511,0.98742,0.98753,1.00,1.00
2015.05.18 14:02:01.613,0.9874,0.98753,1.00,1.00
2015.05.18 14:02:01.663,0.98741,0.9875,1.00,1.00
2015.05.18 14:02:01.715,0.98739,0.9875,1.00,1.00
2015.05.18 14:02:02.020,0.9874,0.98752,1.00,1.00
2015.05.18 14:02:02.323,0.9874,0.9875,1.00,1.00
2015.05.18 14:02:02.374,0.98736,0.98749,1.50,1.00
2015.05.18 14:02:02.523,0.98735,0.98745,1.87,1.00
2015.05.18 14:02:02.575,0.98737,0.98747,1.00,1.00
2015.05.18 14:02:02.676,0.98738,0.98749,1.00,1.00
2015.05.18 14:02:03.006,0.98736,0.98749,1.00,1.00
2015.05.18 14:02:03.057,0.98738,0.98749,1.00,1.00
2015.05.18 14:02:03.562,0.98738,0.98748,1.00,1.00
2015.05.18 14:02:04.029,0.98735,0.98747,1.50,1.00
2015.05.18 14:02:04.333,0.98734,0.98744,1.50,1.00
2015.05.18 14:02:04.926,0.98734,0.98745,1.00,1.00
2015.05.18 14:02:05.431,0.98733,0.98745,1.00,1.00
2015.05.18 14:02:05.735,0.98735,0.98745,1.00,1.00
2015.05.18 14:02:06.250,0.98735,0.98746,1.00,1.00
2015.05.18 14:02:06.573,0.98737,0.98746,1.00,1.00
2015.05.18 14:02:07.655,0.98735,0.98746,1.00,1.00
2015.05.18 14:02:07.807,0.98737,0.98746,1.00,1.00
2015.05.18 14:02:09.183,0.98737,0.98748,1.50,1.00
2015.05.18 14:02:09.336,0.98742,0.98749,1.00,1.00
2015.05.18 14:02:09.886,0.98742,0.98748,1.00,1.00
2015.05.18 14:02:10.401,0.98742,0.98749,1.00,1.00
2015.05.18 14:02:10.731,0.98742,0.98747,1.00,1.00
2015.05.18 14:02:10.933,0.98742,0.98749,1.00,1.00
2015.05.18 14:02:11.135,0.98742,0.98754,1.00,1.50
2015.05.18 14:02:11.276,0.98745,0.98754,1.00,1.00
2015.05.18 14:02:11.326,0.98747,0.98759,1.00,2.70
2015.05.18 14:02:11.377,0.98747,0.98756,1.00,1.00
2015.05.18 14:02:11.479,0.98747,0.98759,1.00,1.50
2015.05.18 14:02:11.580,0.98747,0.98761,1.50,1.50
2015.05.18 14:02:11.682,0.98747,0.98757,1.00,1.00
2015.05.18 14:02:11.988,0.98743,0.98755,1.00,1.00
2015.05.18 14:02:12.089,0.98747,0.98754,1.00,1.00
2015.05.18 14:02:13.309,0.98743,0.98754,1.12,1.00
2015.05.18 14:02:13.360,0.98743,0.98752,1.12,1.00
2015.05.18 14:02:13.463,0.98743,0.98754,1.12,1.00
2015.05.18 14:02:14.770,0.98743,0.98755,1.00,1.50
2015.05.18 14:02:14.872,0.98742,0.98751,1.00,1.00
2015.05.18 14:02:15.114,0.98743,0.98753,1.00,1.50
2015.05.18 14:02:15.266,0.98747,0.98753,1.00,1.00
2015.05.18 14:02:15.772,0.98747,0.98756,1.00,1.00
2015.05.18 14:02:15.948,0.98747,0.98754,1.00,1.00
2015.05.18 14:02:16.049,0.98742,0.98753,1.00,1.00
2015.05.18 14:02:16.201,0.98742,0.98751,1.00,1.00
2015.05.18 14:02:16.735,0.98742,0.9875,1.00,1.00
2015.05.18 14:02:17.298,0.98742,0.98749,1.00,1.00
2015.05.18 14:02:17.501,0.9874,0.98749,1.00,1.00
2015.05.18 14:02:17.552,0.9874,0.98752,1.50,1.00
2015.05.18 14:02:17.705,0.98742,0.98751,1.50,1.00
2015.05.18 14:02:17.995,0.98747,0.98757,1.00,1.00
2015.05.18 14:02:19.825,0.98747,0.98756,1.00,1.00
2015.05.18 14:02:20.179,0.98747,0.98754,1.00,1.00
2015.05.18 14:02:20.681,0.98747,0.98755,1.00,1.50
2015.05.18 14:02:21.604,0.98747,0.98754,1.00,1.00
2015.05.18 14:02:22.061,0.98747,0.98752,1.00,1.00
2015.05.18 14:02:22.213,0.98742,0.98752,1.00,1.00
2015.05.18 14:02:22.265,0.98742,0.98754,1.00,1.50
2015.05.18 14:02:22.671,0.98742,0.98752,1.00,1.00
2015.05.18 14:02:23.114,0.98742,0.9875,1.00,1.00
2015.05.18 14:02:24.447,0.98742,0.98753,1.00,1.50
2015.05.18 14:02:24.760,0.98742,0.98751,1.00,1.00
2015.05.18 14:02:25.064,0.98738,0.9875,1.50,1.00
2015.05.18 14:02:25.115,0.98744,0.9875,1.00,1.00
2015.05.18 14:02:25.217,0.98746,0.98756,1.00,1.00
2015.05.18 14:02:25.318,0.98748,0.98759,1.00,1.12
2015.05.18 14:02:25.419,0.98746,0.98759,1.00,1.00
2015.05.18 14:02:25.572,0.98748,0.98759,1.12,1.00
2015.05.18 14:02:25.879,0.98747,0.98757,1.87,1.00
2015.05.18 14:02:26.134,0.98743,0.98754,1.10,1.00
2015.05.18 14:02:29.522,0.98743,0.98755,1.50,1.50
2015.05.18 14:02:30.507,0.98744,0.98755,1.00,1.00
2015.05.18 14:02:30.710,0.98744,0.98753,1.00,1.00
2015.05.18 14:02:30.862,0.98744,0.98757,1.00,1.50
2015.05.18 14:02:31.163,0.98746,0.98756,1.00,1.00
2015.05.18 14:02:31.316,0.98742,0.98756,3.00,1.50
2015.05.18 14:02:31.419,0.98747,0.98756,1.00,1.50
2015.05.18 14:02:31.572,0.98744,0.98754,1.00,1.00
2015.05.18 14:02:32.470,0.98744,0.98756,1.00,1.00
2015.05.18 14:02:32.975,0.98747,0.98757,1.00,1.00
2015.05.18 14:02:33.564,0.98754,0.98761,1.00,3.22
2015.05.18 14:02:33.616,0.98757,0.98764,1.00,1.25
2015.05.18 14:02:33.718,0.98757,0.98767,1.00,1.00
2015.05.18 14:02:33.870,0.98757,0.98769,1.00,1.00
2015.05.18 14:02:34.376,0.98758,0.9877,1.00,1.50
2015.05.18 14:02:34.912,0.98758,0.98769,1.00,1.00
2015.05.18 14:02:35.829,0.98758,0.9877,1.00,1.00
2015.05.18 14:02:36.302,0.98758,0.98772,2.25,1.50
2015.05.18 14:02:36.454,0.98758,0.9877,1.50,1.00
2015.05.18 14:02:36.601,0.98758,0.98772,1.50,2.25
2015.05.18 14:02:36.753,0.98758,0.9877,1.00,1.00
2015.05.18 14:02:37.291,0.98757,0.98769,1.50,1.00
2015.05.18 14:02:37.595,0.98762,0.98773,1.00,1.00
2015.05.18 14:02:37.782,0.98758,0.9877,1.57,1.00
2015.05.18 14:02:38.293,0.98758,0.98769,1.00,1.00
2015.05.18 14:02:38.648,0.9876,0.98771,1.00,1.00
2015.05.18 14:02:38.882,0.98758,0.9877,1.00,1.00
2015.05.18 14:02:39.389,0.98758,0.98771,2.25,1.50
2015.05.18 14:02:39.541,0.9876,0.98772,1.00,1.00
2015.05.18 14:02:40.200,0.98759,0.98772,1.00,1.00
2015.05.18 14:02:40.754,0.9876,0.98772,1.50,1.00
2015.05.18 14:02:41.057,0.98762,0.98773,1.00,1.50
2015.05.18 14:02:41.361,0.98761,0.98771,1.00,1.00
2015.05.18 14:02:41.665,0.98759,0.98771,1.50,1.00
2015.05.18 14:02:42.208,0.98758,0.98771,1.00,2.25
2015.05.18 14:02:42.719,0.98761,0.9877,1.00,1.00
2015.05.18 14:02:42.821,0.98764,0.98775,1.00,1.12
2015.05.18 14:02:42.874,0.98764,0.98772,1.00,1.00
2015.05.18 14:02:43.177,0.9876,0.98771,1.00,1.00
2015.05.18 14:02:43.430,0.98759,0.98769,1.00,1.00
2015.05.18 14:02:43.683,0.98752,0.98765,1.50,1.50
2015.05.18 14:02:43.784,0.98757,0.98765,1.00,1.00
2015.05.18 14:02:44.111,0.98754,0.98766,1.50,1.00
2015.05.18 14:02:44.263,0.98753,0.98764,1.50,1.00
2015.05.18 14:02:44.465,0.98751,0.98765,2.25,1.00
2015.05.18 14:02:44.996,0.98751,0.98762,1.00,1.00
2015.05.18 14:02:45.048,0.98751,0.98765,1.00,1.50
2015.05.18 14:02:45.578,0.98751,0.98764,1.00,1.00
2015.05.18 14:02:46.575,0.98751,0.98762,1.00,1.50
2015.05.18 14:02:47.587,0.9875,0.98762,1.12,1.00
2015.05.18 14:02:47.931,0.98752,0.98765,2.25,1.00
2015.05.18 14:02:48.083,0.98757,0.98771,1.50,1.75
2015.05.18 14:02:48.235,0.98759,0.98773,1.10,1.50
2015.05.18 14:02:48.336,0.98761,0.98772,1.00,1.00
2015.05.18 14:02:48.640,0.98762,0.98774,1.00,1.00
2015.05.18 14:02:48.741,0.98762,0.98776,2.32,1.50
2015.05.18 14:02:50.220,0.98764,0.98775,1.57,1.00
2015.05.18 14:02:50.568,0.98766,0.98775,1.00,1.00
2015.05.18 14:02:50.903,0.98764,0.98775,1.57,1.00
2015.05.18 14:02:51.106,0.98766,0.98776,1.00,1.50
2015.05.18 14:02:51.156,0.98763,0.98776,1.57,1.50
2015.05.18 14:02:51.308,0.98763,0.98774,1.57,1.00
2015.05.18 14:02:51.410,0.98763,0.98776,2.32,1.00
2015.05.18 14:02:51.569,0.98763,0.98774,1.00,1.50
2015.05.18 14:02:51.721,0.98767,0.98779,1.50,1.00
2015.05.18 14:02:51.924,0.98767,0.98781,2.25,1.00
2015.05.18 14:02:52.472,0.98768,0.9878,1.00,1.50
2015.05.18 14:02:52.977,0.98768,0.98779,1.00,1.00
2015.05.18 14:02:55.619,0.98768,0.9878,1.00,1.50
2015.05.18 14:02:56.130,0.98768,0.98779,1.00,1.00
2015.05.18 14:02:56.383,0.98768,0.98782,1.00,1.87
2015.05.18 14:02:56.686,0.98772,0.98782,1.00,1.12
2015.05.18 14:02:56.866,0.98773,0.98787,1.00,1.12
2015.05.18 14:02:56.968,0.98776,0.98788,1.00,1.10
2015.05.18 14:02:57.069,0.98776,0.9879,1.50,3.75
2015.05.18 14:02:57.274,0.98773,0.98784,1.17,1.50
2015.05.18 14:02:57.426,0.9877,0.98782,1.95,1.00
2015.05.18 14:02:57.579,0.98772,0.98784,1.00,1.50
2015.05.18 14:02:57.831,0.98771,0.98782,1.00,1.00
2015.05.18 14:02:58.057,0.98772,0.98784,1.00,1.50
2015.05.18 14:02:58.491,0.9877,0.98782,1.57,1.00
2015.05.18 14:02:58.794,0.98773,0.98783,1.00,1.00
2015.05.18 14:02:58.845,0.9877,0.98783,1.57,1.00
2015.05.18 14:02:58.947,0.9877,0.98781,1.10,1.00
2015.05.18 14:03:00.149,0.98769,0.98782,1.07,1.00
2015.05.18 14:03:00.669,0.98771,0.98782,1.00,1.00
2015.05.18 14:03:01.053,0.9877,0.98784,2.32,1.50
2015.05.18 14:03:01.104,0.98772,0.98784,1.00,1.50
2015.05.18 14:03:01.609,0.98771,0.98784,1.00,1.00
2015.05.18 14:03:01.912,0.98777,0.9879,1.00,1.95
2015.05.18 14:03:02.417,0.98778,0.9879,1.00,1.00
2015.05.18 14:03:02.958,0.98777,0.9879,1.50,1.00
2015.05.18 14:03:03.492,0.98779,0.9879,1.00,1.00
2015.05.18 14:03:03.543,0.98777,0.9879,1.00,1.00
2015.05.18 14:03:04.647,0.9878,0.9879,1.00,1.00
2015.05.18 14:03:04.748,0.98778,0.9879,1.00,1.00
2015.05.18 14:03:04.900,0.98778,0.98787,1.00,1.00
2015.05.18 14:03:05.102,0.98774,0.98786,1.50,1.87
2015.05.18 14:03:05.789,0.98777,0.98786,1.00,1.00
2015.05.18 14:03:06.323,0.98776,0.98789,1.00,1.50
2015.05.18 14:03:06.374,0.98778,0.98789,1.00,1.50
2015.05.18 14:03:06.910,0.98779,0.9879,1.00,1.00
2015.05.18 14:03:07.428,0.9878,0.9879,1.00,1.00
2015.05.18 14:03:08.180,0.98778,0.9879,1.00,1.50
2015.05.18 14:03:08.231,0.98773,0.98785,1.00,1.37
2015.05.18 14:03:08.332,0.98773,0.98785,1.00,1.87
2015.05.18 14:03:08.383,0.98771,0.98785,1.00,1.87
2015.05.18 14:03:08.434,0.98767,0.98781,1.50,1.50
2015.05.18 14:03:08.918,0.98767,0.98779,1.00,1.00
2015.05.18 14:03:09.435,0.98767,0.9878,1.00,1.00
2015.05.18 14:03:09.940,0.98767,0.98779,1.00,1.00
2015.05.18 14:03:11.038,0.98767,0.98777,1.00,1.00
2015.05.18 14:03:11.309,0.98767,0.98779,1.00,1.12
2015.05.18 14:03:13.117,0.98767,0.98777,1.00,1.00
2015.05.18 14:03:13.167,0.98764,0.98777,1.50,1.00
2015.05.18 14:03:13.319,0.98764,0.98775,1.00,1.00
2015.05.18 14:03:13.850,0.98765,0.98775,1.00,1.00
2015.05.18 14:03:16.057,0.98765,0.9877,1.00,1.00
2015.05.18 14:03:16.108,0.98757,0.9877,1.92,1.00
2015.05.18 14:03:16.311,0.98756,0.98769,1.50,1.00
2015.05.18 14:03:16.618,0.98758,0.9877,1.00,1.00
2015.05.18 14:03:17.253,0.98759,0.9877,1.00,1.00
2015.05.18 14:03:17.304,0.98757,0.9877,1.00,1.00
2015.05.18 14:03:17.898,0.98758,0.9877,1.00,1.00
2015.05.18 14:03:18.430,0.98756,0.98769,1.00,1.50
2015.05.18 14:03:19.383,0.98759,0.98769,1.00,1.50
2015.05.18 14:03:19.737,0.98761,0.98769,1.00,1.00
2015.05.18 14:03:19.940,0.98761,0.98771,1.00,1.00
2015.05.18 14:03:20.041,0.98764,0.98771,1.00,1.00
2015.05.18 14:03:21.041,0.98764,0.98773,1.00,1.00
2015.05.18 14:03:21.567,0.98764,0.98772,1.00,1.00
2015.05.18 14:03:22.073,0.98764,0.98773,1.00,1.00
2015.05.18 14:03:22.600,0.98763,0.98773,1.00,1.00
2015.05.18 14:03:23.278,0.98763,0.98772,1.00,1.00
2015.05.18 14:03:24.693,0.98762,0.98772,1.50,1.00
2015.05.18 14:03:25.470,0.98762,0.9877,1.50,1.00
2015.05.18 14:03:26.060,0.98762,0.98771,1.50,1.00
2015.05.18 14:03:26.573,0.98763,0.98772,1.00,1.00
2015.05.18 14:03:26.879,0.98767,0.98776,1.00,1.00
2015.05.18 14:03:26.981,0.98766,0.98778,1.50,1.00
2015.05.18 14:03:27.032,0.98766,0.9878,1.50,1.00
2015.05.18 14:03:27.083,0.98763,0.98773,1.00,1.00
2015.05.18 14:03:27.178,0.98763,0.98776,1.00,1.00
2015.05.18 14:03:27.229,0.98769,0.98776,1.00,1.00
2015.05.18 14:03:27.331,0.98764,0.98777,1.00,1.00
2015.05.18 14:03:27.382,0.98764,0.9877,1.00,1.00
2015.05.18 14:03:27.483,0.98762,0.98769,1.00,1.00
2015.05.18 14:03:27.585,0.9876,0.98768,1.00,1.00
2015.05.18 14:03:27.788,0.98761,0.9877,1.00,1.00
2015.05.18 14:03:27.991,0.98759,0.98769,1.00,1.00
2015.05.18 14:03:28.521,0.98759,0.9877,1.00,1.00
2015.05.18 14:03:29.027,0.9876,0.9877,1.00,1.00
2015.05.18 14:03:29.179,0.9876,0.98772,1.00,1.57
2015.05.18 14:03:29.718,0.9876,0.98771,1.00,1.00
2015.05.18 14:03:30.990,0.9876,0.98771,1.00,1.37
2015.05.18 14:03:31.091,0.98762,0.98773,1.00,1.17
2015.05.18 14:03:31.621,0.98764,0.98773,1.00,1.17
2015.05.18 14:03:31.672,0.98764,0.98776,1.00,1.10
2015.05.18 14:03:32.174,0.98765,0.98775,1.50,1.00
2015.05.18 14:03:32.671,0.98764,0.98772,1.50,1.00
2015.05.18 14:03:32.722,0.98761,0.98772,1.00,1.00
2015.05.18 14:03:32.932,0.98759,0.98771,1.50,1.00
2015.05.18 14:03:34.070,0.98759,0.9877,1.00,1.00
2015.05.18 14:03:34.172,0.98761,0.98767,1.00,1.00
2015.05.18 14:03:34.277,0.98757,0.98765,1.00,1.00
2015.05.18 14:03:34.683,0.98757,0.98767,1.50,1.00
2015.05.18 14:03:35.189,0.98757,0.98768,1.00,1.00
2015.05.18 14:03:36.916,0.98758,0.98768,1.00,1.00
2015.05.18 14:03:37.427,0.98759,0.98769,1.00,1.00
2015.05.18 14:03:37.680,0.98757,0.98769,1.00,1.00
2015.05.18 14:03:38.186,0.98757,0.98768,1.00,1.00
2015.05.18 14:03:38.711,0.98756,0.98768,1.00,1.00
2015.05.18 14:03:39.215,0.98757,0.98768,1.00,1.10
2015.05.18 14:03:39.819,0.98758,0.9877,1.00,1.15
2015.05.18 14:03:39.972,0.98759,0.98771,1.00,1.37
2015.05.18 14:03:40.127,0.9876,0.98772,1.00,1.10
2015.05.18 14:03:40.653,0.98761,0.98772,1.00,1.95
2015.05.18 14:03:42.037,0.98763,0.98772,1.00,1.10
2015.05.18 14:03:42.498,0.9876,0.98772,1.50,1.10
2015.05.18 14:03:43.517,0.9876,0.98769,1.50,1.00
2015.05.18 14:03:44.023,0.98759,0.9877,1.00,1.00
2015.05.18 14:03:44.543,0.98759,0.98769,1.00,1.00
2015.05.18 14:03:45.099,0.98759,0.9877,1.00,1.00
2015.05.18 14:03:46.130,0.9876,0.9877,1.00,1.00
2015.05.18 14:03:46.653,0.98759,0.9877,1.00,1.00
2015.05.18 14:03:47.416,0.98759,0.9877,1.00,1.37
2015.05.18 14:03:47.891,0.98757,0.98768,1.50,1.00
2015.05.18 14:03:48.811,0.98757,0.98763,1.50,1.00
2015.05.18 14:03:48.862,0.98752,0.98763,1.15,1.00
2015.05.18 14:03:49.006,0.98752,0.98762,1.00,1.00
2015.05.18 14:03:49.313,0.98752,0.9876,1.00,1.00
2015.05.18 14:03:49.414,0.98749,0.98759,1.00,1.00
2015.05.18 14:03:49.466,0.98747,0.98759,1.00,1.50
2015.05.18 14:03:49.821,0.9875,0.98759,1.00,1.20
2015.05.18 14:03:50.209,0.98748,0.98762,1.00,7.05
2015.05.18 14:03:51.205,0.98753,0.98762,1.00,4.80
2015.05.18 14:03:51.308,0.98753,0.98765,1.00,2.85
2015.05.18 14:03:51.359,0.98753,0.98765,1.00,1.20
2015.05.18 14:03:51.612,0.98754,0.98767,1.00,1.87
2015.05.18 14:03:51.714,0.98751,0.98764,1.00,1.00
2015.05.18 14:03:52.018,0.98748,0.9876,1.00,1.07
2015.05.18 14:03:52.548,0.98747,0.98759,1.00,1.10
2015.05.18 14:03:53.054,0.98746,0.98759,1.00,1.10
2015.05.18 14:03:53.894,0.98746,0.98758,1.00,1.00
2015.05.18 14:03:54.444,0.98747,0.98758,1.00,1.00
2015.05.18 14:03:55.030,0.98747,0.98757,1.00,1.00
2015.05.18 14:03:55.119,0.98744,0.98756,1.00,1.50
2015.05.18 14:03:55.426,0.98747,0.9876,1.00,2.02
2015.05.18 14:03:55.731,0.98753,0.98765,1.50,1.00
2015.05.18 14:03:56.082,0.98755,0.98767,1.00,1.00
2015.05.18 14:03:56.133,0.98753,0.98767,1.50,1.00
2015.05.18 14:03:56.290,0.98755,0.98767,1.00,1.00
2015.05.18 14:03:56.442,0.98753,0.98767,1.00,1.00
2015.05.18 14:03:56.867,0.98755,0.98767,1.00,1.50
2015.05.18 14:03:57.173,0.98753,0.98763,1.00,1.00
2015.05.18 14:03:57.225,0.98751,0.98763,1.50,1.00
2015.05.18 14:03:57.731,0.98749,0.98763,1.17,1.50
2015.05.18 14:03:58.418,0.98751,0.98762,1.00,1.00
2015.05.18 14:03:58.939,0.98751,0.98763,1.00,1.00
2015.05.18 14:03:59.523,0.98751,0.98764,1.00,1.00
2015.05.18 14:04:00.031,0.98751,0.98765,1.50,1.50
2015.05.18 14:04:00.697,0.98752,0.98765,1.00,1.00
2015.05.18 14:04:01.260,0.98752,0.98766,1.50,1.50
2015.05.18 14:04:01.313,0.98755,0.98766,1.00,1.50
2015.05.18 14:04:02.168,0.98755,0.98767,1.00,1.00
2015.05.18 14:04:02.706,0.98754,0.98768,1.50,1.57
2015.05.18 14:04:03.010,0.98756,0.98768,1.00,1.10
2015.05.18 14:04:04.113,0.98758,0.98768,1.00,1.10
2015.05.18 14:04:04.163,0.98756,0.98768,1.00,1.10
2015.05.18 14:04:04.643,0.98758,0.98768,1.00,1.10
2015.05.18 14:04:04.693,0.98756,0.98769,1.00,1.07
2015.05.18 14:04:04.944,0.98756,0.98764,1.00,1.00
2015.05.18 14:04:04.996,0.98752,0.98764,1.00,1.00
2015.05.18 14:04:05.047,0.98751,0.98762,1.00,1.00
2015.05.18 14:04:05.453,0.98749,0.98762,1.50,1.00
2015.05.18 14:04:05.980,0.98746,0.98756,1.10,1.00
2015.05.18 14:04:06.233,0.98745,0.98758,1.00,1.00
2015.05.18 14:04:06.435,0.98747,0.98761,1.00,1.57
2015.05.18 14:04:06.537,0.98747,0.98759,1.00,1.00
2015.05.18 14:04:06.851,0.98749,0.98759,1.00,1.00
2015.05.18 14:04:08.171,0.98747,0.98761,1.87,1.00
2015.05.18 14:04:08.712,0.98747,0.98761,1.50,1.00
2015.05.18 14:04:09.068,0.98747,0.98759,1.50,1.00
2015.05.18 14:04:09.821,0.98748,0.98759,1.00,1.00
2015.05.18 14:04:10.175,0.98746,0.98757,1.00,1.00
2015.05.18 14:04:10.673,0.98743,0.98756,1.00,1.00
2015.05.18 14:04:11.340,0.98744,0.98756,1.00,1.00
2015.05.18 14:04:11.393,0.98744,0.98753,1.00,1.00
2015.05.18 14:04:11.444,0.98742,0.98753,1.57,1.50
2015.05.18 14:04:11.662,0.98742,0.98751,1.50,1.00
2015.05.18 14:04:12.252,0.98741,0.98753,1.00,1.00
2015.05.18 14:04:12.353,0.98738,0.98751,1.20,1.00
2015.05.18 14:04:12.701,0.98737,0.98749,1.50,1.00
2015.05.18 14:04:13.455,0.9874,0.98751,1.00,1.00
2015.05.18 14:04:13.557,0.98741,0.98754,1.00,1.07
2015.05.18 14:04:13.659,0.98743,0.98754,1.00,1.00
2015.05.18 14:04:13.710,0.98744,0.98757,1.00,4.65
2015.05.18 14:04:14.013,0.98745,0.98759,1.50,1.50
2015.05.18 14:04:14.542,0.98746,0.98759,1.50,1.00
2015.05.18 14:04:14.731,0.98749,0.98761,1.00,1.00
2015.05.18 14:04:15.187,0.98749,0.98763,1.50,1.50
2015.05.18 14:04:15.695,0.98749,0.98761,1.00,1.00
2015.05.18 14:04:16.211,0.98749,0.9876,1.00,1.00
2015.05.18 14:04:17.225,0.98749,0.98759,1.00,1.00
2015.05.18 14:04:17.631,0.98746,0.98759,1.57,1.00
2015.05.18 14:04:18.412,0.98746,0.98757,1.00,1.00
2015.05.18 14:04:18.717,0.98742,0.98753,1.00,1.00
2015.05.18 14:04:18.970,0.9874,0.98752,1.00,1.00
2015.05.18 14:04:19.306,0.98738,0.98751,1.00,1.00
2015.05.18 14:04:19.817,0.98739,0.98751,1.50,1.00
2015.05.18 14:04:20.155,0.98742,0.98754,1.00,1.65
2015.05.18 14:04:20.484,0.98747,0.98759,1.00,1.50
2015.05.18 14:04:21.009,0.98747,0.9876,1.37,1.00
2015.05.18 14:04:21.162,0.9875,0.98762,1.00,1.00
2015.05.18 14:04:21.415,0.9875,0.98764,1.50,1.50
2015.05.18 14:04:21.517,0.9875,0.98762,1.00,1.12
2015.05.18 14:04:21.863,0.98745,0.98756,1.00,1.00
2015.05.18 14:04:22.369,0.98744,0.98756,1.50,1.50
2015.05.18 14:04:22.917,0.98745,0.98755,1.00,1.00
2015.05.18 14:04:22.967,0.98747,0.98761,1.50,1.65
2015.05.18 14:04:23.069,0.98751,0.98764,1.00,5.55
2015.05.18 14:04:23.120,0.98751,0.98764,1.00,1.00
2015.05.18 14:04:23.272,0.98752,0.98766,1.50,2.32
2015.05.18 14:04:23.785,0.98755,0.98765,1.00,1.00
2015.05.18 14:04:23.939,0.98752,0.98766,2.25,1.57
2015.05.18 14:04:24.446,0.98753,0.98767,1.00,1.17
2015.05.18 14:04:24.700,0.9875,0.98764,1.57,1.50
2015.05.18 14:04:24.750,0.98753,0.98764,1.00,1.50
2015.05.18 14:04:24.801,0.98751,0.98763,1.00,1.00
2015.05.18 14:04:25.278,0.98749,0.98762,1.00,1.00
2015.05.18 14:04:25.379,0.98751,0.98764,1.00,1.00
2015.05.18 14:04:25.724,0.98756,0.98768,1.50,1.00
2015.05.18 14:04:26.029,0.98754,0.98764,1.00,1.00
2015.05.18 14:04:26.080,0.98754,0.98767,1.00,2.40
2015.05.18 14:04:26.282,0.98755,0.98768,1.00,1.00
2015.05.18 14:04:26.384,0.98757,0.98767,1.00,1.00
2015.05.18 14:04:26.536,0.98757,0.98771,1.00,1.20
2015.05.18 14:04:27.050,0.98756,0.9877,1.50,1.00
2015.05.18 14:04:27.253,0.98758,0.98771,1.00,1.10
2015.05.18 14:04:27.987,0.98756,0.9877,1.00,1.00
2015.05.18 14:04:28.628,0.98757,0.9877,1.00,1.00
2015.05.18 14:04:29.141,0.98758,0.9877,1.50,1.00
2015.05.18 14:04:29.542,0.9876,0.9877,1.00,1.00
2015.05.18 14:04:29.631,0.98758,0.9877,1.50,1.00
2015.05.18 14:04:29.996,0.98756,0.98769,1.00,1.00
2015.05.18 14:04:30.502,0.98755,0.98769,1.50,1.00
2015.05.18 14:04:30.882,0.98758,0.98769,1.00,1.00
2015.05.18 14:04:31.187,0.9876,0.98771,1.00,1.10
2015.05.18 14:04:32.532,0.98762,0.98771,1.00,1.00
2015.05.18 14:04:33.074,0.98761,0.98773,1.00,1.12
2015.05.18 14:04:34.035,0.98762,0.98773,1.50,1.00
2015.05.18 14:04:34.370,0.98764,0.98773,1.00,1.00
2015.05.18 14:04:34.883,0.98764,0.98775,1.00,1.17
2015.05.18 14:04:36.145,0.98763,0.98775,1.00,1.07
2015.05.18 14:04:36.910,0.98763,0.98775,1.50,1.00
2015.05.18 14:04:37.453,0.98763,0.98774,1.50,1.00
2015.05.18 14:04:38.031,0.98763,0.98775,1.50,1.00
2015.05.18 14:04:38.407,0.98766,0.98776,1.00,1.00
2015.05.18 14:04:38.612,0.98769,0.98782,1.50,4.06
2015.05.18 14:04:38.663,0.98771,0.98782,1.00,3.31
2015.05.18 14:04:39.165,0.98772,0.98782,1.00,3.16
2015.05.18 14:04:39.684,0.98773,0.98782,1.00,3.16
2015.05.18 14:04:40.051,0.98773,0.98784,1.00,1.00
2015.05.18 14:04:40.254,0.98774,0.98788,1.00,2.25
2015.05.18 14:04:40.307,0.98776,0.9879,1.00,2.02
2015.05.18 14:04:40.618,0.98778,0.98791,1.00,1.00
2015.05.18 14:04:41.094,0.98781,0.98792,1.00,1.00
2015.05.18 14:04:41.690,0.98781,0.98793,1.00,1.00
2015.05.18 14:04:42.198,0.98782,0.98793,1.00,1.00
2015.05.18 14:04:42.910,0.98782,0.98794,1.00,1.00
2015.05.18 14:04:43.113,0.98779,0.98793,1.50,1.00
2015.05.18 14:04:43.445,0.98781,0.98795,1.00,1.50
2015.05.18 14:04:43.800,0.98784,0.98794,1.00,1.00
2015.05.18 14:04:43.902,0.98784,0.98796,1.00,1.00
2015.05.18 14:04:44.003,0.98784,0.98798,1.00,1.00
2015.05.18 14:04:44.336,0.98788,0.98801,1.00,1.10
2015.05.18 14:04:44.644,0.98787,0.98799,1.00,1.00
2015.05.18 14:04:45.151,0.98788,0.988,1.00,1.00
2015.05.18 14:04:45.530,0.9879,0.988,1.00,1.00
2015.05.18 14:04:45.733,0.9879,0.98803,1.00,1.00
2015.05.18 14:04:45.835,0.9879,0.98799,1.00,1.00
2015.05.18 14:04:45.886,0.98786,0.98799,1.50,1.50
2015.05.18 14:04:45.937,0.98786,0.98797,1.50,1.00
2015.05.18 14:04:46.413,0.98786,0.98795,1.00,1.00
2015.05.18 14:04:46.719,0.98786,0.98797,1.00,1.00
2015.05.18 14:04:47.124,0.98786,0.98795,1.00,1.00
2015.05.18 14:04:47.529,0.98784,0.98795,1.00,1.00
2015.05.18 14:04:48.035,0.98783,0.98795,1.50,1.00
2015.05.18 14:04:48.549,0.98784,0.98796,1.00,1.00
2015.05.18 14:04:48.661,0.98786,0.98796,1.00,1.00
2015.05.18 14:04:48.712,0.98786,0.98798,1.50,1.00
2015.05.18 14:04:49.797,0.98787,0.98801,1.50,1.00
2015.05.18 14:04:49.848,0.98789,0.98801,2.25,1.00
2015.05.18 14:04:50.152,0.98791,0.98802,1.00,1.00
2015.05.18 14:04:50.616,0.98791,0.988,1.00,1.00
2015.05.18 14:04:50.799,0.98787,0.98799,1.00,1.00
2015.05.18 14:04:51.153,0.9879,0.98801,1.00,1.87
2015.05.18 14:04:51.458,0.98792,0.98804,1.00,1.50
2015.05.18 14:04:51.849,0.98793,0.98807,1.87,1.50
2015.05.18 14:04:52.355,0.98795,0.98807,1.00,1.00
2015.05.18 14:04:52.659,0.98794,0.98804,1.00,1.00
2015.05.18 14:04:52.886,0.98794,0.98807,1.00,1.00
2015.05.18 14:04:53.039,0.98797,0.98804,1.00,1.00
2015.05.18 14:04:53.141,0.98789,0.98803,4.72,1.00
2015.05.18 14:04:53.243,0.98788,0.988,1.57,1.00
2015.05.18 14:04:53.294,0.98788,0.988,1.50,1.00
2015.05.18 14:04:53.345,0.98788,0.98802,1.00,1.00
2015.05.18 14:04:53.723,0.98787,0.98799,1.10,1.00
2015.05.18 14:04:53.910,0.98785,0.98799,1.00,1.00
2015.05.18 14:04:54.012,0.98787,0.98799,1.00,1.00
2015.05.18 14:04:54.063,0.98788,0.98802,1.20,1.50
2015.05.18 14:04:54.114,0.98792,0.98802,1.00,1.00
2015.05.18 14:04:54.165,0.98792,0.98806,1.50,1.12
2015.05.18 14:04:54.218,0.98795,0.98806,1.00,1.00
2015.05.18 14:04:54.270,0.98795,0.98808,1.00,1.57
2015.05.18 14:04:54.422,0.98797,0.98808,1.00,1.00
2015.05.18 14:04:55.002,0.98796,0.98808,1.50,1.00
2015.05.18 14:04:55.307,0.98798,0.98808,1.00,1.00
2015.05.18 14:04:55.459,0.98798,0.9881,1.00,1.00
2015.05.18 14:04:55.561,0.988,0.9881,1.00,1.00
2015.05.18 14:04:56.090,0.98799,0.9881,1.00,1.00
2015.05.18 14:04:56.192,0.988,0.98812,1.00,1.12
2015.05.18 14:04:56.344,0.988,0.9881,1.00,1.00
2015.05.18 14:04:56.863,0.98801,0.9881,1.00,1.00
2015.05.18 14:04:57.168,0.98799,0.9881,1.00,1.00
2015.05.18 14:04:57.522,0.98803,0.9881,1.00,1.00
2015.05.18 14:04:57.574,0.98803,0.98812,1.00,1.20
2015.05.18 14:04:57.726,0.98805,0.98812,1.00,1.00
2015.05.18 14:04:57.962,0.98804,0.98814,1.00,1.00
2015.05.18 14:04:58.467,0.98803,0.98814,1.00,1.00
2015.05.18 14:04:58.569,0.98803,0.98811,1.00,1.00
2015.05.18 14:04:58.620,0.98801,0.98811,1.00,1.00
2015.05.18 14:04:58.962,0.98805,0.98815,1.00,1.47
2015.05.18 14:04:59.013,0.98805,0.98816,1.00,1.12
2015.05.18 14:04:59.064,0.98807,0.98816,1.00,1.00
2015.05.18 14:04:59.166,0.9881,0.9882,1.00,1.87
2015.05.18 14:04:59.674,0.98811,0.98821,1.00,1.00
2015.05.18 14:04:59.825,0.98809,0.98821,1.00,1.00
2015.05.18 14:05:00.367,0.9881,0.98821,1.00,1.00
2015.05.18 14:05:00.722,0.98812,0.98822,1.00,1.00
2015.05.18 14:05:01.270,0.98811,0.98822,1.00,1.00
2015.05.18 14:05:01.779,0.9881,0.98822,1.00,1.00
2015.05.18 14:05:02.280,0.98811,0.98822,1.00,1.00
2015.05.18 14:05:02.382,0.98813,0.98825,1.00,1.00
2015.05.18 14:05:02.585,0.98813,0.98822,1.00,1.00
2015.05.18 14:05:03.091,0.98812,0.98822,1.00,1.00
2015.05.18 14:05:03.599,0.98811,0.98822,1.00,1.50
2015.05.18 14:05:03.902,0.98816,0.98823,1.00,1.00
2015.05.18 14:05:04.206,0.98818,0.98823,1.00,1.00
2015.05.18 14:05:04.427,0.98818,0.98826,1.00,1.00
2015.05.18 14:05:05.104,0.98819,0.98826,1.00,1.00
2015.05.18 14:05:05.205,0.98817,0.98826,1.00,1.12
2015.05.18 14:05:05.768,0.98815,0.98823,1.00,1.00
2015.05.18 14:05:05.870,0.98814,0.98825,1.00,1.12
2015.05.18 14:05:05.973,0.98816,0.98826,1.00,1.00
2015.05.18 14:05:06.328,0.98818,0.98827,1.00,1.00
2015.05.18 14:05:06.676,0.9882,0.98828,1.00,1.00
2015.05.18 14:05:07.183,0.98821,0.98829,1.00,1.00
2015.05.18 14:05:07.717,0.98821,0.9883,1.00,1.00
2015.05.18 14:05:09.082,0.98821,0.98831,1.00,1.00
2015.05.18 14:05:09.386,0.98823,0.98831,1.00,1.00
2015.05.18 14:05:09.944,0.98822,0.98831,1.00,1.37
2015.05.18 14:05:10.862,0.98822,0.98829,1.00,1.00
2015.05.18 14:05:10.918,0.9882,0.98829,1.00,1.00
2015.05.18 14:05:11.139,0.98822,0.98829,1.00,1.00
2015.05.18 14:05:11.579,0.9882,0.98829,1.00,1.00
2015.05.18 14:05:12.304,0.98818,0.98829,1.00,1.00
2015.05.18 14:05:12.832,0.98819,0.98829,1.00,1.00
2015.05.18 14:05:13.136,0.98815,0.9883,1.50,1.37
2015.05.18 14:05:13.288,0.98815,0.98825,1.00,1.00
2015.05.18 14:05:13.559,0.98818,0.9883,1.00,1.12
2015.05.18 14:05:13.814,0.98822,0.98831,1.00,1.00
2015.05.18 14:05:13.915,0.9882,0.98831,1.00,1.00
2015.05.18 14:05:14.568,0.98819,0.98831,1.00,1.12
2015.05.18 14:05:14.771,0.98821,0.98831,1.00,1.12
2015.05.18 14:05:14.974,0.98821,0.98833,1.00,1.12
2015.05.18 14:05:15.075,0.98822,0.98831,1.00,1.00
2015.05.18 14:05:15.642,0.98821,0.98831,1.00,1.00
2015.05.18 14:05:15.999,0.98822,0.98834,1.00,1.00
2015.05.18 14:05:16.100,0.98824,0.98834,1.00,1.00
2015.05.18 14:05:16.614,0.98825,0.98834,1.00,1.00
2015.05.18 14:05:16.971,0.98823,0.98833,1.00,1.00
2015.05.18 14:05:17.480,0.98824,0.98834,1.00,1.10
2015.05.18 14:05:17.981,0.98825,0.98835,1.00,1.07
2015.05.18 14:05:18.184,0.98831,0.98837,1.00,2.40
2015.05.18 14:05:18.235,0.98831,0.9884,1.00,1.17
2015.05.18 14:05:18.338,0.98831,0.98841,1.00,1.00
2015.05.18 14:05:18.441,0.98835,0.98843,1.00,1.00
2015.05.18 14:05:18.492,0.98835,0.98846,1.00,1.15
2015.05.18 14:05:18.996,0.98836,0.98842,1.00,1.00
2015.05.18 14:05:19.098,0.98835,0.98844,1.00,1.00
2015.05.18 14:05:19.610,0.98837,0.98846,1.00,1.15
2015.05.18 14:05:21.840,0.98836,0.98846,1.00,1.27
2015.05.18 14:05:22.595,0.98837,0.98848,1.00,1.12
2015.05.18 14:05:22.950,0.98835,0.98847,1.00,1.00
2015.05.18 14:05:23.103,0.98834,0.98845,1.00,1.00
2015.05.18 14:05:23.685,0.98835,0.98845,1.00,1.00
2015.05.18 14:05:24.804,0.98834,0.98845,1.00,1.00
2015.05.18 14:05:25.585,0.98835,0.98845,1.00,1.00
2015.05.18 14:05:26.122,0.98835,0.98846,1.00,1.12
2015.05.18 14:05:26.621,0.98835,0.98842,1.00,1.00
2015.05.18 14:05:26.875,0.98832,0.98841,1.00,1.00
2015.05.18 14:05:26.926,0.98828,0.98838,1.15,1.00
2015.05.18 14:05:27.215,0.98825,0.98836,1.00,1.00
2015.05.18 14:05:27.368,0.98825,0.98835,1.00,1.07
2015.05.18 14:05:27.420,0.98823,0.98835,1.00,1.17
2015.05.18 14:05:27.951,0.98824,0.98833,1.00,1.00
2015.05.18 14:05:28.102,0.98825,0.98837,1.00,1.00
2015.05.18 14:05:28.207,0.9883,0.98837,1.00,1.00
2015.05.18 14:05:28.460,0.98829,0.98839,1.00,1.10
2015.05.18 14:05:28.969,0.98828,0.98839,1.00,1.12
2015.05.18 14:05:29.402,0.98826,0.98838,1.00,1.00
2015.05.18 14:05:29.997,0.98826,0.98838,1.00,1.17
2015.05.18 14:05:30.301,0.98824,0.98834,1.00,1.00
2015.05.18 14:05:32.558,0.98824,0.98833,1.00,1.00
2015.05.18 14:05:33.065,0.98823,0.98833,1.00,1.12
2015.05.18 14:05:33.116,0.9882,0.98831,1.10,1.00
2015.05.18 14:05:33.643,0.98819,0.98831,1.50,1.00
2015.05.18 14:05:33.695,0.98822,0.98833,1.00,1.20
2015.05.18 14:05:34.233,0.98821,0.98832,1.00,1.00
2015.05.18 14:05:34.290,0.98819,0.98832,1.00,1.00
2015.05.18 14:05:34.496,0.98821,0.98832,1.00,1.50
2015.05.18 14:05:35.022,0.98821,0.98833,1.00,1.10
2015.05.18 14:05:35.326,0.98823,0.98834,1.00,1.17
2015.05.18 14:05:35.831,0.98822,0.98833,1.00,1.10
2015.05.18 14:05:37.010,0.98821,0.98833,1.00,1.10
2015.05.18 14:05:37.644,0.98821,0.98832,1.00,1.00
2015.05.18 14:05:37.695,0.98819,0.98832,1.00,1.00
2015.05.18 14:05:38.211,0.9882,0.98832,1.00,1.00
2015.05.18 14:05:38.712,0.98821,0.98832,1.00,1.00
2015.05.18 14:05:38.968,0.98819,0.98831,1.00,1.00
2015.05.18 14:05:39.222,0.98822,0.98834,1.00,1.00
2015.05.18 14:05:39.324,0.98824,0.98838,1.00,1.57
2015.05.18 14:05:39.425,0.98827,0.98839,1.00,1.10
2015.05.18 14:05:39.772,0.98829,0.98842,1.00,1.17
2015.05.18 14:05:40.278,0.9883,0.98841,1.00,1.00
2015.05.18 14:05:40.854,0.9883,0.98842,1.00,1.00
2015.05.18 14:05:41.360,0.98831,0.98843,1.00,1.00
2015.05.18 14:05:41.894,0.9883,0.98843,1.00,1.00
2015.05.18 14:05:42.388,0.98832,0.98843,1.00,1.00
2015.05.18 14:05:42.577,0.9883,0.98843,1.00,1.00
2015.05.18 14:05:43.130,0.98832,0.98842,1.00,1.00
2015.05.18 14:05:44.268,0.98832,0.98841,1.00,1.00
2015.05.18 14:05:44.496,0.98829,0.9884,1.00,1.00
2015.05.18 14:05:44.800,0.98826,0.98839,1.15,1.00
2015.05.18 14:05:44.902,0.98829,0.9884,1.00,1.00
2015.05.18 14:05:45.206,0.98831,0.98842,1.00,1.00
2015.05.18 14:05:45.598,0.98833,0.98842,1.00,1.00
2015.05.18 14:05:45.971,0.98834,0.98844,1.00,1.12
2015.05.18 14:05:46.409,0.98831,0.98842,1.00,1.00
2015.05.18 14:05:46.776,0.98829,0.98841,1.00,1.12
2015.05.18 14:05:47.558,0.98829,0.98842,1.00,1.12
2015.05.18 14:05:48.281,0.98829,0.98841,1.00,1.00
2015.05.18 14:05:48.642,0.98831,0.98842,1.00,1.00
2015.05.18 14:05:49.160,0.98831,0.98843,1.50,1.87
2015.05.18 14:05:49.555,0.9883,0.98835,1.00,1.00
2015.05.18 14:05:49.607,0.98825,0.98835,1.15,1.00
2015.05.18 14:05:49.658,0.98823,0.98832,1.27,1.00
2015.05.18 14:05:49.760,0.98818,0.9883,1.10,1.00
2015.05.18 14:05:49.888,0.98816,0.98827,1.00,1.00
2015.05.18 14:05:50.192,0.98812,0.98823,1.00,1.00
2015.05.18 14:05:51.179,0.98813,0.98823,1.00,1.50
2015.05.18 14:05:51.684,0.98812,0.98823,1.00,1.50
2015.05.18 14:05:51.836,0.9881,0.98823,1.00,1.50
2015.05.18 14:05:52.259,0.98808,0.98821,1.15,1.00
2015.05.18 14:05:52.789,0.98808,0.9882,1.65,1.00
2015.05.18 14:05:53.312,0.9881,0.98824,1.50,1.57
2015.05.18 14:05:53.363,0.98812,0.98824,1.00,1.10
2015.05.18 14:05:54.096,0.98814,0.98824,1.00,1.00
2015.05.18 14:05:54.401,0.98816,0.98826,1.00,1.00
2015.05.18 14:05:56.028,0.98815,0.98826,1.00,1.00
2015.05.18 14:05:56.674,0.98814,0.98826,1.00,1.50
2015.05.18 14:05:57.212,0.98813,0.98825,1.00,1.12
2015.05.18 14:05:57.544,0.98813,0.98822,1.00,1.00
2015.05.18 14:05:57.595,0.98813,0.98824,1.00,1.12
2015.05.18 14:05:57.696,0.98813,0.98821,1.00,1.00
2015.05.18 14:05:58.111,0.98813,0.98825,1.00,1.50
2015.05.18 14:05:58.631,0.98814,0.98826,1.50,1.00
2015.05.18 14:05:59.138,0.98815,0.98826,1.00,1.12
2015.05.18 14:06:00.071,0.98817,0.98828,1.00,1.27
2015.05.18 14:06:00.274,0.98817,0.98829,1.00,1.12
2015.05.18 14:06:00.840,0.98816,0.98828,1.00,1.00
2015.05.18 14:06:00.992,0.98818,0.98828,1.00,1.00
2015.05.18 14:06:01.195,0.98816,0.98828,1.00,1.00
2015.05.18 14:06:01.398,0.98818,0.98828,1.00,1.00
2015.05.18 14:06:01.941,0.98818,0.98827,1.00,1.00
2015.05.18 14:06:02.451,0.98817,0.98828,1.00,1.50
2015.05.18 14:06:03.263,0.98816,0.98828,1.00,1.00
2015.05.18 14:06:03.797,0.98816,0.98827,1.00,1.00
2015.05.18 14:06:04.427,0.98816,0.98828,1.00,1.00
2015.05.18 14:06:04.599,0.98813,0.98826,1.20,1.50
2015.05.18 14:06:04.818,0.98814,0.98824,1.00,1.00
2015.05.18 14:06:05.514,0.98814,0.98825,1.00,1.00
2015.05.18 14:06:06.033,0.98815,0.98825,1.00,1.00
2015.05.18 14:06:06.539,0.98816,0.98825,1.00,1.00
2015.05.18 14:06:07.086,0.98815,0.98825,1.00,1.00
2015.05.18 14:06:07.622,0.98814,0.98826,1.00,1.12
2015.05.18 14:06:08.129,0.98814,0.98825,1.00,1.50
2015.05.18 14:06:08.636,0.98815,0.98825,1.00,1.00
2015.05.18 14:06:08.889,0.98813,0.98824,1.00,1.00
2015.05.18 14:06:09.414,0.98812,0.98823,1.00,1.00
2015.05.18 14:06:09.932,0.98813,0.98824,1.00,1.00
2015.05.18 14:06:10.888,0.98813,0.98825,1.00,1.87
2015.05.18 14:06:11.436,0.98812,0.98824,1.00,1.50
2015.05.18 14:06:12.544,0.98813,0.98825,1.00,1.00
2015.05.18 14:06:12.960,0.98811,0.98823,1.00,1.12
2015.05.18 14:06:13.264,0.98803,0.98815,3.75,1.00
2015.05.18 14:06:13.569,0.98801,0.98811,1.00,1.00
2015.05.18 14:06:13.620,0.98799,0.98811,1.00,1.00
2015.05.18 14:06:14.167,0.98802,0.98812,1.00,1.00
2015.05.18 14:06:14.269,0.988,0.98812,1.50,1.00
2015.05.18 14:06:14.798,0.988,0.98813,1.00,1.50
2015.05.18 14:06:15.283,0.98802,0.98813,1.00,1.00
2015.05.18 14:06:15.641,0.98805,0.98816,1.00,1.00
2015.05.18 14:06:15.692,0.98806,0.98819,1.50,1.57
2015.05.18 14:06:16.118,0.98808,0.9882,1.00,3.75
2015.05.18 14:06:16.608,0.9881,0.98821,1.00,1.00
2015.05.18 14:06:17.121,0.9881,0.98822,1.50,1.50
2015.05.18 14:06:17.577,0.9881,0.98824,1.87,1.50
2015.05.18 14:06:18.084,0.98809,0.98823,2.25,1.50
2015.05.18 14:06:18.598,0.9881,0.98823,1.00,1.50
2015.05.18 14:06:18.902,0.9881,0.98821,1.00,1.00
2015.05.18 14:06:19.423,0.98811,0.98822,1.00,1.00
2015.05.18 14:06:20.104,0.98809,0.98822,2.25,1.00
2015.05.18 14:06:20.851,0.9881,0.98822,1.00,1.00
2015.05.18 14:06:21.470,0.9881,0.98823,1.50,1.50
2015.05.18 14:06:21.884,0.98812,0.98823,1.00,1.00
2015.05.18 14:06:22.398,0.98811,0.98822,1.00,1.00
2015.05.18 14:06:22.836,0.98811,0.98824,1.00,2.25
2015.05.18 14:06:23.344,0.98812,0.98825,1.00,1.50
2015.05.18 14:06:23.591,0.98811,0.98823,1.50,1.00
2015.05.18 14:06:23.745,0.98812,0.98825,1.00,1.50
2015.05.18 14:06:24.253,0.98813,0.98824,1.00,1.00
2015.05.18 14:06:24.788,0.98813,0.98825,1.00,1.87
2015.05.18 14:06:25.193,0.98811,0.98824,1.00,1.50
2015.05.18 14:06:25.705,0.98812,0.98824,1.00,1.00
2015.05.18 14:06:26.207,0.98812,0.98825,1.50,1.87
2015.05.18 14:06:26.559,0.98812,0.98823,1.00,1.00
2015.05.18 14:06:27.456,0.98812,0.98825,1.00,1.50
2015.05.18 14:06:28.257,0.98813,0.98825,1.00,1.00
2015.05.18 14:06:29.219,0.98812,0.98825,1.50,1.87
2015.05.18 14:06:29.698,0.98812,0.98823,1.00,1.00
2015.05.18 14:06:29.766,0.98812,0.98825,1.00,1.50
2015.05.18 14:06:30.898,0.98811,0.98824,2.25,1.00
2015.05.18 14:06:31.000,0.98811,0.98822,1.00,1.00
2015.05.18 14:06:31.306,0.98808,0.98819,1.10,1.50
2015.05.18 14:06:32.551,0.98806,0.98817,1.57,1.00
2015.05.18 14:06:32.602,0.98806,0.98817,1.50,1.00
2015.05.18 14:06:32.653,0.98806,0.98815,1.00,1.00
2015.05.18 14:06:32.704,0.98803,0.98815,2.32,1.00
2015.05.18 14:06:32.939,0.98805,0.98815,1.00,1.00
2015.05.18 14:06:33.192,0.98803,0.98815,1.57,1.00
2015.05.18 14:06:33.294,0.98805,0.98815,1.00,1.00
2015.05.18 14:06:33.802,0.98805,0.98816,1.00,1.00
2015.05.18 14:06:34.313,0.98805,0.98817,1.50,1.50
2015.05.18 14:06:35.268,0.98804,0.98816,1.50,1.00
2015.05.18 14:06:37.075,0.98803,0.98816,1.10,1.00
2015.05.18 14:06:37.626,0.98804,0.98816,1.00,1.00
2015.05.18 14:06:38.137,0.98803,0.98816,1.10,1.00
2015.05.18 14:06:38.644,0.98804,0.98815,1.00,1.50
2015.05.18 14:06:40.487,0.98802,0.98813,1.50,1.50
2015.05.18 14:06:40.807,0.98797,0.98808,1.00,1.12
2015.05.18 14:06:41.136,0.98794,0.98808,2.40,1.87
2015.05.18 14:06:41.359,0.98795,0.98808,1.10,1.87
2015.05.18 14:06:41.688,0.98791,0.98805,1.57,1.50
2015.05.18 14:06:41.992,0.98791,0.98803,1.07,1.00
2015.05.18 14:06:42.751,0.98791,0.98803,1.00,1.87
2015.05.18 14:06:43.910,0.98789,0.98803,1.57,2.62
2015.05.18 14:06:44.437,0.98789,0.98801,1.57,1.00
2015.05.18 14:06:44.651,0.98789,0.98803,1.57,1.87
2015.05.18 14:06:45.174,0.9879,0.98803,1.00,1.87
2015.05.18 14:06:45.725,0.9879,0.98802,1.00,1.00
2015.05.18 14:06:45.826,0.98792,0.98802,1.00,1.00
2015.05.18 14:06:45.978,0.9879,0.98802,1.00,1.00
2015.05.18 14:06:46.781,0.98792,0.98801,1.00,1.00
2015.05.18 14:06:46.832,0.9879,0.98801,1.00,1.00
2015.05.18 14:06:47.443,0.98791,0.98802,1.00,1.00
2015.05.18 14:06:48.871,0.98791,0.98804,1.50,1.00
2015.05.18 14:06:49.389,0.98792,0.98804,1.00,1.00
2015.05.18 14:06:50.132,0.98793,0.98804,1.00,1.00
2015.05.18 14:06:50.693,0.98793,0.98806,1.00,1.57
2015.05.18 14:06:51.237,0.98792,0.98804,2.25,1.00
2015.05.18 14:06:51.339,0.98795,0.98804,1.00,1.00
2015.05.18 14:06:51.390,0.98791,0.98804,1.12,1.00
2015.05.18 14:06:51.855,0.98795,0.98803,1.00,1.00
2015.05.18 14:06:52.007,0.9879,0.98803,1.50,1.00
2015.05.18 14:06:52.552,0.98791,0.98802,1.00,1.50
2015.05.18 14:06:52.842,0.98789,0.98802,1.00,1.50
2015.05.18 14:06:52.944,0.98788,0.988,2.25,1.00
2015.05.18 14:06:56.230,0.9879,0.98801,1.00,1.50
2015.05.18 14:06:56.759,0.98791,0.98801,1.00,1.75
2015.05.18 14:06:56.860,0.98781,0.98792,1.12,1.00
2015.05.18 14:06:56.962,0.98779,0.98791,1.50,1.00
2015.05.18 14:06:57.164,0.98777,0.9879,1.50,1.00
2015.05.18 14:06:57.215,0.98776,0.98782,1.00,1.00
2015.05.18 14:06:57.266,0.98772,0.98782,1.00,1.00
2015.05.18 14:06:57.432,0.98768,0.98781,1.00,1.00
2015.05.18 14:06:57.483,0.98771,0.9878,1.00,1.00
2015.05.18 14:06:57.635,0.98766,0.98779,1.50,1.00
2015.05.18 14:06:58.296,0.98767,0.98778,1.00,1.00
2015.05.18 14:06:58.816,0.98766,0.98779,1.00,1.50
2015.05.18 14:06:59.360,0.98767,0.98779,1.00,1.00
2015.05.18 14:07:00.308,0.98768,0.98779,1.00,1.00
2015.05.18 14:07:00.411,0.98766,0.98779,1.00,1.00
2015.05.18 14:07:00.512,0.9877,0.98779,1.00,1.00
2015.05.18 14:07:00.920,0.98768,0.9878,1.87,1.00
2015.05.18 14:07:00.971,0.9877,0.98779,1.00,1.00
2015.05.18 14:07:01.482,0.98769,0.9878,1.00,1.00
2015.05.18 14:07:01.735,0.9877,0.98782,1.00,1.00
2015.05.18 14:07:01.888,0.98771,0.98784,1.50,1.00
2015.05.18 14:07:02.320,0.98774,0.98783,1.00,1.00
2015.05.18 14:07:02.473,0.98771,0.98784,1.50,1.00
2015.05.18 14:07:02.624,0.98773,0.98784,1.00,1.00
2015.05.18 14:07:02.827,0.98771,0.98784,1.00,1.00
2015.05.18 14:07:03.329,0.9877,0.98784,1.50,1.50
2015.05.18 14:07:03.481,0.9877,0.98779,1.00,1.00
2015.05.18 14:07:03.785,0.98767,0.9878,1.00,1.00
2015.05.18 14:07:04.164,0.98769,0.9878,1.00,1.00
2015.05.18 14:07:04.721,0.98768,0.9878,1.00,1.00
2015.05.18 14:07:05.025,0.98769,0.98783,1.00,1.50
2015.05.18 14:07:05.076,0.98773,0.98783,1.00,1.50
2015.05.18 14:07:05.201,0.98771,0.98783,1.00,1.00
2015.05.18 14:07:06.287,0.98772,0.98783,1.00,1.50
2015.05.18 14:07:06.543,0.98774,0.98783,1.00,1.00
2015.05.18 14:07:06.594,0.98776,0.98787,1.00,1.10
2015.05.18 14:07:06.645,0.98779,0.98787,1.00,1.10
2015.05.18 14:07:06.746,0.9878,0.9879,1.00,1.50
2015.05.18 14:07:06.949,0.98777,0.98789,1.00,1.00
2015.05.18 14:07:07.253,0.98779,0.98789,1.00,1.50
2015.05.18 14:07:07.304,0.98776,0.98789,1.00,1.50
2015.05.18 14:07:07.425,0.98775,0.98784,1.50,1.00
2015.05.18 14:07:07.886,0.98778,0.98783,1.00,1.00
2015.05.18 14:07:08.039,0.98778,0.98786,1.00,1.87
2015.05.18 14:07:08.461,0.9878,0.98787,1.00,1.50
2015.05.18 14:07:08.512,0.9878,0.98787,1.00,1.10
2015.05.18 14:07:08.727,0.98778,0.98784,1.00,1.00
2015.05.18 14:07:08.930,0.98768,0.9878,1.00,1.00
2015.05.18 14:07:08.980,0.98772,0.9878,1.00,1.00
2015.05.18 14:07:09.339,0.98766,0.9878,1.00,1.87
2015.05.18 14:07:09.440,0.98767,0.98778,1.00,1.50
2015.05.18 14:07:09.673,0.98764,0.98777,1.50,1.00
2015.05.18 14:07:09.724,0.98769,0.98777,1.00,1.50
2015.05.18 14:07:09.775,0.98766,0.98776,1.00,1.00
2015.05.18 14:07:09.978,0.98762,0.98775,1.00,1.00
2015.05.18 14:07:10.288,0.98767,0.98775,1.00,1.00
2015.05.18 14:07:10.338,0.98765,0.98776,1.00,1.00
2015.05.18 14:07:10.864,0.98766,0.98777,1.00,1.00
2015.05.18 14:07:10.915,0.98768,0.98777,1.00,1.00
2015.05.18 14:07:10.965,0.98765,0.98777,1.12,1.00
2015.05.18 14:07:11.067,0.98765,0.98778,1.17,1.00
2015.05.18 14:07:11.666,0.98768,0.98777,1.00,1.00
2015.05.18 14:07:12.201,0.98766,0.98778,1.07,1.00
2015.05.18 14:07:13.391,0.98765,0.98776,1.17,1.00
2015.05.18 14:07:13.941,0.98764,0.98774,2.47,1.00
2015.05.18 14:07:14.413,0.98764,0.98776,3.22,1.00
2015.05.18 14:07:14.514,0.98769,0.98776,1.00,1.00
2015.05.18 14:07:14.566,0.98767,0.98776,1.10,1.00
2015.05.18 14:07:15.071,0.98767,0.98775,1.10,1.00
2015.05.18 14:07:15.765,0.98765,0.98775,1.00,1.00
2015.05.18 14:07:16.272,0.98764,0.98776,1.12,1.00
2015.05.18 14:07:17.726,0.98765,0.98776,1.00,1.00
2015.05.18 14:07:17.878,0.98768,0.98775,1.00,1.00
2015.05.18 14:07:18.031,0.98759,0.9877,1.12,1.00
2015.05.18 14:07:18.284,0.98757,0.98769,1.17,1.50
2015.05.18 14:07:18.385,0.98756,0.98769,1.50,1.00
2015.05.18 14:07:18.909,0.98756,0.98768,1.50,1.00
2015.05.18 14:07:19.789,0.98756,0.98769,1.50,1.00
2015.05.18 14:07:20.290,0.98756,0.98768,1.50,1.00
2015.05.18 14:07:20.645,0.98754,0.98766,1.57,1.50
2015.05.18 14:07:21.181,0.98754,0.98765,1.10,1.00
2015.05.18 14:07:21.696,0.98753,0.98764,1.00,1.00
2015.05.18 14:07:22.616,0.98753,0.98765,1.00,1.00
2015.05.18 14:07:24.856,0.98753,0.98766,1.00,1.00
2015.05.18 14:07:25.406,0.98753,0.98767,1.12,1.50
2015.05.18 14:07:25.943,0.98754,0.98767,1.00,1.00
2015.05.18 14:07:26.248,0.98753,0.98765,1.00,1.00
2015.05.18 14:07:26.609,0.98755,0.98762,1.00,1.00
2015.05.18 14:07:26.660,0.98751,0.98762,1.20,1.00
2015.05.18 14:07:26.764,0.98752,0.98765,1.57,1.12
2015.05.18 14:07:27.000,0.98754,0.98767,1.00,1.57
2015.05.18 14:07:27.306,0.98754,0.98765,1.00,1.00
2015.05.18 14:07:27.821,0.98753,0.98763,1.00,1.00
2015.05.18 14:07:28.056,0.98748,0.9876,1.00,1.00
2015.05.18 14:07:28.360,0.98748,0.98758,1.00,1.00
2015.05.18 14:07:28.562,0.98748,0.9876,1.00,1.50
2015.05.18 14:07:28.815,0.98747,0.98757,1.00,1.00
2015.05.18 14:07:29.048,0.98746,0.98759,1.00,1.00
2015.05.18 14:07:29.559,0.98746,0.9876,1.00,1.50
2015.05.18 14:07:29.811,0.98748,0.98761,1.00,1.00
2015.05.18 14:07:30.316,0.9875,0.98761,1.00,1.00
2015.05.18 14:07:30.829,0.98749,0.98762,1.00,1.50
2015.05.18 14:07:31.532,0.9875,0.98763,1.00,1.50
2015.05.18 14:07:32.042,0.9875,0.98764,1.50,1.50
2015.05.18 14:07:32.572,0.98751,0.98762,1.00,1.00
2015.05.18 14:07:33.100,0.98752,0.98763,1.00,1.00
2015.05.18 14:07:34.146,0.98752,0.98762,1.00,1.00
2015.05.18 14:07:34.298,0.98748,0.9876,1.50,1.00
2015.05.18 14:07:34.654,0.98748,0.98758,1.00,1.00
2015.05.18 14:07:35.005,0.98746,0.98757,1.00,1.00
2015.05.18 14:07:35.511,0.98746,0.98758,1.00,1.00
2015.05.18 14:07:38.283,0.98746,0.98759,1.50,1.00
2015.05.18 14:07:38.947,0.98747,0.98759,1.00,1.00
2015.05.18 14:07:39.124,0.98749,0.98761,1.00,1.00
2015.05.18 14:07:39.428,0.98752,0.98763,1.00,1.00
2015.05.18 14:07:39.976,0.98753,0.98763,1.00,1.00
2015.05.18 14:07:40.520,0.98752,0.98763,1.00,1.00
2015.05.18 14:07:41.120,0.98753,0.98763,1.00,1.00
2015.05.18 14:07:41.880,0.98752,0.98763,1.00,1.00
2015.05.18 14:07:42.395,0.98753,0.98762,1.00,1.12
2015.05.18 14:07:42.445,0.98751,0.98762,1.00,1.12
2015.05.18 14:07:43.406,0.98753,0.98762,1.00,1.12
2015.05.18 14:07:43.987,0.98752,0.98762,1.00,1.12
2015.05.18 14:07:45.157,0.98752,0.98763,1.00,1.00
2015.05.18 14:07:45.561,0.98752,0.98761,1.00,1.00
2015.05.18 14:07:45.829,0.9875,0.98761,1.00,1.10
2015.05.18 14:07:46.083,0.98753,0.98765,1.00,2.85
2015.05.18 14:07:46.185,0.98755,0.98763,1.00,1.00
2015.05.18 14:07:46.388,0.98754,0.98765,1.00,1.10
2015.05.18 14:07:46.489,0.98753,0.98763,1.00,1.00
2015.05.18 14:07:46.693,0.98751,0.98763,1.00,1.00
2015.05.18 14:07:47.233,0.98752,0.98762,1.00,1.00
2015.05.18 14:07:47.385,0.98753,0.98765,1.00,1.20
2015.05.18 14:07:47.587,0.98756,0.98766,1.00,1.12
2015.05.18 14:07:47.689,0.98756,0.98768,1.00,1.57
2015.05.18 14:07:48.198,0.98757,0.98768,1.50,1.00
2015.05.18 14:07:48.588,0.98759,0.98769,1.00,1.10
2015.05.18 14:07:48.997,0.98758,0.98767,1.00,1.00
2015.05.18 14:07:49.300,0.98762,0.98772,1.00,1.20
2015.05.18 14:07:49.402,0.98762,0.98773,1.00,1.27
2015.05.18 14:07:49.504,0.98762,0.98771,1.00,1.00
2015.05.18 14:07:50.015,0.98761,0.98772,1.00,1.87
2015.05.18 14:07:50.539,0.9876,0.98772,1.00,1.87
2015.05.18 14:07:51.379,0.98761,0.98772,1.00,1.87
2015.05.18 14:07:51.728,0.98764,0.98774,1.00,1.65
2015.05.18 14:07:52.031,0.98762,0.98774,1.00,1.65
2015.05.18 14:07:52.567,0.98761,0.98774,1.00,2.02
2015.05.18 14:07:52.820,0.98763,0.98774,1.00,1.12
2015.05.18 14:07:52.972,0.98764,0.98776,1.00,1.50
2015.05.18 14:07:53.477,0.98765,0.98776,1.00,1.00
2015.05.18 14:07:53.984,0.98765,0.98777,1.00,1.10
2015.05.18 14:07:54.910,0.98764,0.98777,1.00,1.10
2015.05.18 14:07:55.449,0.98765,0.98777,1.00,1.10
2015.05.18 14:07:55.988,0.98764,0.98776,1.50,1.00
2015.05.18 14:07:57.301,0.98763,0.98776,1.00,1.50
2015.05.18 14:07:57.453,0.98763,0.98774,1.00,1.00
2015.05.18 14:07:57.804,0.98761,0.98771,1.00,1.00
2015.05.18 14:07:58.347,0.9876,0.98772,1.00,1.00
2015.05.18 14:07:59.393,0.98759,0.98771,1.00,1.00
2015.05.18 14:07:59.797,0.98759,0.98769,1.00,1.00
2015.05.18 14:08:00.345,0.98758,0.98768,1.00,1.00
2015.05.18 14:08:00.599,0.98759,0.9877,1.00,1.87
2015.05.18 14:08:01.129,0.98758,0.9877,1.00,1.12
2015.05.18 14:08:01.179,0.9876,0.9877,1.00,1.00
2015.05.18 14:08:01.727,0.9876,0.98771,1.00,1.00
2015.05.18 14:08:02.628,0.98759,0.9877,1.00,1.00
2015.05.18 14:08:02.933,0.98765,0.98777,1.50,3.60
2015.05.18 14:08:02.984,0.98765,0.98777,1.50,1.07
2015.05.18 14:08:03.035,0.98768,0.98778,1.00,1.17
2015.05.18 14:08:03.238,0.98773,0.98783,1.00,1.10
2015.05.18 14:08:03.440,0.98773,0.98787,1.50,2.40
2015.05.18 14:08:03.564,0.98776,0.98787,1.00,1.65
2015.05.18 14:08:05.031,0.98776,0.98784,1.00,1.50
2015.05.18 14:08:05.133,0.98768,0.98782,1.85,1.00
2015.05.18 14:08:05.235,0.98769,0.9878,1.00,1.00
2015.05.18 14:08:05.820,0.98768,0.98779,1.00,1.00
2015.05.18 14:08:06.965,0.98767,0.98779,1.00,1.00
2015.05.18 14:08:07.477,0.98768,0.98781,1.00,1.37
2015.05.18 14:08:07.979,0.98768,0.98781,1.00,1.00
2015.05.18 14:08:08.281,0.98768,0.98779,1.00,1.00
2015.05.18 14:08:09.334,0.98768,0.98778,1.00,1.00
2015.05.18 14:08:09.537,0.98765,0.98777,1.50,1.00
2015.05.18 14:08:10.045,0.98763,0.98776,1.15,1.50
2015.05.18 14:08:10.400,0.98762,0.98775,1.00,1.00
2015.05.18 14:08:11.009,0.98762,0.98774,1.00,1.00
2015.05.18 14:08:11.452,0.98761,0.98772,1.00,1.00
2015.05.18 14:08:11.553,0.98762,0.98774,1.00,1.00
2015.05.18 14:08:11.604,0.98764,0.98774,1.00,1.00
2015.05.18 14:08:11.857,0.98765,0.98776,1.00,1.00
2015.05.18 14:08:12.364,0.98767,0.98777,1.00,1.00
2015.05.18 14:08:14.054,0.98766,0.98777,1.00,1.00
2015.05.18 14:08:14.559,0.98767,0.98777,1.00,1.00
2015.05.18 14:08:16.318,0.98767,0.98779,1.00,1.50
2015.05.18 14:08:18.626,0.98768,0.98779,1.00,2.25
2015.05.18 14:08:22.535,0.98768,0.9878,1.00,1.12
2015.05.18 14:08:22.890,0.98769,0.98778,1.00,1.37
2015.05.18 14:08:23.144,0.98762,0.98771,1.00,1.00
2015.05.18 14:08:23.195,0.98757,0.98771,5.25,1.00
2015.05.18 14:08:23.327,0.98757,0.98769,5.25,1.00
2015.05.18 14:08:23.927,0.98757,0.98768,3.75,1.00
2015.05.18 14:08:26.018,0.98757,0.98767,1.00,1.00
2015.05.18 14:08:26.220,0.98755,0.98766,1.50,1.00
2015.05.18 14:08:27.031,0.98755,0.98767,1.00,1.50
2015.05.18 14:08:27.534,0.98756,0.98767,1.00,1.50
2015.05.18 14:08:27.867,0.98758,0.98768,1.00,1.00
2015.05.18 14:08:28.322,0.98761,0.98769,1.00,1.00
2015.05.18 14:08:28.373,0.98761,0.98774,1.50,3.37
2015.05.18 14:08:28.536,0.98763,0.98775,1.50,1.00
2015.05.18 14:08:28.842,0.98766,0.98775,1.00,1.00
2015.05.18 14:08:28.944,0.98766,0.98777,1.00,3.75
2015.05.18 14:08:29.529,0.98767,0.98777,1.00,3.75
2015.05.18 14:08:30.035,0.98766,0.98777,1.00,1.00
2015.05.18 14:08:30.573,0.98765,0.98778,1.10,1.50
2015.05.18 14:08:31.089,0.98766,0.98778,1.00,1.50
2015.05.18 14:08:31.595,0.98764,0.98777,1.17,2.25
2015.05.18 14:08:32.069,0.98764,0.98775,1.17,1.50
2015.05.18 14:08:32.478,0.98764,0.98777,1.65,1.50
2015.05.18 14:08:32.580,0.98766,0.98779,1.00,1.12
2015.05.18 14:08:33.081,0.98767,0.98779,1.00,1.12
2015.05.18 14:08:33.369,0.98771,0.9878,1.00,1.00
2015.05.18 14:08:33.420,0.98771,0.98783,1.00,3.82
2015.05.18 14:08:33.622,0.98773,0.98783,1.00,3.82
2015.05.18 14:08:34.185,0.98773,0.98784,1.00,1.00
2015.05.18 14:08:34.585,0.98776,0.98784,1.00,1.00
2015.05.18 14:08:34.687,0.98774,0.98784,1.00,1.00
2015.05.18 14:08:35.251,0.98775,0.98784,1.00,1.00
2015.05.18 14:08:35.788,0.98774,0.98784,1.00,1.00
2015.05.18 14:08:36.770,0.98776,0.98784,1.00,1.00
2015.05.18 14:08:37.168,0.98777,0.98786,1.00,1.00
2015.05.18 14:08:37.699,0.98777,0.98788,1.00,1.00
2015.05.18 14:08:41.099,0.98777,0.98789,1.00,1.12
2015.05.18 14:08:42.196,0.98777,0.98787,1.00,1.00
2015.05.18 14:08:43.406,0.98776,0.98787,1.00,1.00
2015.05.18 14:08:43.769,0.98775,0.98785,1.10,1.00
2015.05.18 14:08:43.972,0.98772,0.98783,1.00,1.00
2015.05.18 14:08:44.517,0.98771,0.98782,1.00,1.00
2015.05.18 14:08:44.670,0.98771,0.98784,1.00,1.87
2015.05.18 14:08:45.222,0.98772,0.98784,1.00,1.12
2015.05.18 14:08:45.726,0.98771,0.98784,1.00,1.12
2015.05.18 14:08:46.263,0.9877,0.98784,1.57,1.87
2015.05.18 14:08:46.364,0.98772,0.98784,1.00,1.87
2015.05.18 14:08:46.873,0.98771,0.98784,1.00,1.12
2015.05.18 14:08:47.670,0.98772,0.98784,1.00,1.12
2015.05.18 14:08:48.485,0.98771,0.98784,1.00,1.12
2015.05.18 14:08:49.356,0.98771,0.98784,1.50,1.37
2015.05.18 14:08:49.660,0.98765,0.98777,1.10,1.00
2015.05.18 14:08:50.210,0.98768,0.98779,1.00,1.00
2015.05.18 14:08:50.730,0.98768,0.9878,1.50,1.00
2015.05.18 14:08:51.263,0.98769,0.9878,1.00,1.00
2015.05.18 14:08:52.300,0.98769,0.98782,1.00,1.57
2015.05.18 14:08:53.168,0.98769,0.98781,1.00,1.37
2015.05.18 14:08:53.711,0.9877,0.9878,1.00,1.00
2015.05.18 14:08:54.030,0.98772,0.9878,1.00,1.00
2015.05.18 14:08:54.081,0.9877,0.9878,1.00,1.00
2015.05.18 14:08:54.733,0.98769,0.9878,1.00,1.00
2015.05.18 14:08:55.332,0.98769,0.98779,1.00,1.00
2015.05.18 14:08:55.922,0.98768,0.98779,1.00,1.00
2015.05.18 14:08:56.430,0.98769,0.98779,1.00,1.00
2015.05.18 14:08:56.483,0.98769,0.98781,1.00,1.00
2015.05.18 14:08:57.093,0.9877,0.98781,1.00,1.00
2015.05.18 14:08:57.479,0.98772,0.98781,1.00,1.00
2015.05.18 14:08:58.382,0.9877,0.98781,1.00,1.00
2015.05.18 14:08:58.897,0.98769,0.9878,1.00,1.00
2015.05.18 14:08:59.429,0.98769,0.98781,1.00,1.87
2015.05.18 14:08:59.991,0.9877,0.98781,1.00,1.12
2015.05.18 14:09:01.524,0.98769,0.98781,1.00,1.00
2015.05.18 14:09:01.695,0.9877,0.98779,1.00,1.00
2015.05.18 14:09:03.297,0.98768,0.98778,1.50,1.00
2015.05.18 14:09:03.499,0.98768,0.98776,1.50,1.00
2015.05.18 14:09:03.651,0.98765,0.98775,1.00,1.00
2015.05.18 14:09:03.753,0.98763,0.98775,1.00,1.00
2015.05.18 14:09:03.981,0.98767,0.98775,1.00,1.00
2015.05.18 14:09:04.031,0.98767,0.98778,1.00,1.20
2015.05.18 14:09:04.538,0.98768,0.98779,1.50,1.27
2015.05.18 14:09:04.909,0.98769,0.98781,1.00,1.00
2015.05.18 14:09:05.061,0.98772,0.98781,1.00,1.00
2015.05.18 14:09:05.200,0.98772,0.98783,1.50,3.19
2015.05.18 14:09:05.253,0.98772,0.98786,1.50,2.70
2015.05.18 14:09:05.304,0.98774,0.98786,1.00,1.95
2015.05.18 14:09:05.609,0.98779,0.9879,1.00,1.20
2015.05.18 14:09:06.064,0.98776,0.9879,1.20,1.50
2015.05.18 14:09:06.115,0.98775,0.98787,1.65,1.00
2015.05.18 14:09:06.935,0.98773,0.98786,3.97,1.00
2015.05.18 14:09:06.985,0.98773,0.98786,1.50,1.00
2015.05.18 14:09:08.251,0.98775,0.98786,1.00,1.00
2015.05.18 14:09:08.505,0.98773,0.98785,1.00,1.00
2015.05.18 14:09:08.707,0.98775,0.98785,1.00,1.00
2015.05.18 14:09:09.243,0.98774,0.98784,1.00,1.00
2015.05.18 14:09:09.787,0.98774,0.98785,1.00,1.00
2015.05.18 14:09:09.888,0.98772,0.98785,1.10,1.00
2015.05.18 14:09:10.355,0.98771,0.98783,1.00,1.00
2015.05.18 14:09:11.847,0.98771,0.98782,1.00,1.00
2015.05.18 14:09:12.367,0.98773,0.98783,1.00,1.00
2015.05.18 14:09:12.896,0.98773,0.98784,1.00,1.00
2015.05.18 14:09:13.402,0.98774,0.98785,1.00,1.12
2015.05.18 14:09:13.725,0.98774,0.98783,1.00,1.00
2015.05.18 14:09:13.933,0.98772,0.98783,1.00,1.00
2015.05.18 14:09:14.783,0.98773,0.98783,1.00,1.00
2015.05.18 14:09:15.775,0.98772,0.98783,1.00,1.00
2015.05.18 14:09:16.675,0.98771,0.98783,1.50,1.00
2015.05.18 14:09:17.227,0.98771,0.98782,1.00,1.00
2015.05.18 14:09:17.837,0.98771,0.98783,1.00,1.00
2015.05.18 14:09:18.728,0.98771,0.98782,1.00,1.00
2015.05.18 14:09:19.243,0.98771,0.98781,1.00,1.00
2015.05.18 14:09:20.188,0.98768,0.98781,1.65,1.00
2015.05.18 14:09:20.340,0.98768,0.9878,1.50,1.00
2015.05.18 14:09:20.845,0.98769,0.9878,1.00,1.00
2015.05.18 14:09:21.369,0.98768,0.9878,1.50,1.00
2015.05.18 14:09:21.878,0.98767,0.9878,1.00,1.00
2015.05.18 14:09:22.404,0.9877,0.9878,1.00,1.00
2015.05.18 14:09:22.455,0.9877,0.98783,1.00,3.45
2015.05.18 14:09:22.726,0.98771,0.98785,1.87,1.00
2015.05.18 14:09:23.030,0.98778,0.9879,1.50,1.10
2015.05.18 14:09:23.607,0.98779,0.98792,1.00,1.27
2015.05.18 14:09:24.109,0.98778,0.98792,3.00,1.27
2015.05.18 14:09:24.414,0.9878,0.98791,1.00,1.07
2015.05.18 14:09:24.972,0.98781,0.98791,1.00,1.07
2015.05.18 14:09:26.183,0.98778,0.98791,1.50,1.45
2015.05.18 14:09:26.234,0.98777,0.98786,1.00,1.00
2015.05.18 14:09:26.739,0.98777,0.98787,1.00,1.00
2015.05.18 14:09:27.315,0.98777,0.98788,1.00,1.00
2015.05.18 14:09:27.861,0.98776,0.98788,1.00,1.00
2015.05.18 14:09:28.172,0.98779,0.98788,1.00,1.00
2015.05.18 14:09:28.700,0.98779,0.98789,1.00,1.00
2015.05.18 14:09:29.487,0.98779,0.98792,1.00,1.17
2015.05.18 14:09:29.793,0.98785,0.98793,1.00,1.00
2015.05.18 14:09:29.895,0.98785,0.98795,1.00,1.00
2015.05.18 14:09:30.047,0.98786,0.98797,1.00,1.12
2015.05.18 14:09:31.112,0.98786,0.98798,1.00,1.12
2015.05.18 14:09:32.020,0.98786,0.98798,1.00,1.37
2015.05.18 14:09:32.600,0.98786,0.98798,1.00,1.12
2015.05.18 14:09:33.765,0.98786,0.98796,1.50,1.00
2015.05.18 14:09:38.506,0.98786,0.98795,1.00,1.00
2015.05.18 14:09:39.002,0.98784,0.98795,1.00,1.00
2015.05.18 14:09:39.204,0.98784,0.98797,1.00,1.12
2015.05.18 14:09:39.741,0.98783,0.98797,2.25,1.12
2015.05.18 14:09:40.217,0.98785,0.98797,1.00,1.12
2015.05.18 14:09:41.892,0.98785,0.98796,1.00,1.00
2015.05.18 14:09:42.198,0.98787,0.988,1.00,2.62
2015.05.18 14:09:42.249,0.98787,0.988,1.00,1.87
2015.05.18 14:09:42.733,0.98786,0.98799,1.57,1.37
2015.05.18 14:09:43.239,0.98785,0.98797,1.00,1.00
2015.05.18 14:09:43.739,0.98787,0.98799,1.00,1.50
2015.05.18 14:09:44.043,0.98791,0.988,1.00,1.00
2015.05.18 14:09:44.297,0.98792,0.98803,1.00,1.12
2015.05.18 14:09:44.826,0.98793,0.98804,1.00,1.00
2015.05.18 14:09:44.877,0.98793,0.98802,1.00,1.00
2015.05.18 14:09:44.979,0.98791,0.98802,1.00,1.00
2015.05.18 14:09:45.283,0.98793,0.98803,1.00,1.00
2015.05.18 14:09:46.118,0.98793,0.98802,1.00,1.00
2015.05.18 14:09:46.477,0.98793,0.98804,1.00,1.00
2015.05.18 14:09:47.004,0.98792,0.98804,1.50,1.00
2015.05.18 14:09:47.358,0.98794,0.98803,1.00,1.00
2015.05.18 14:09:47.720,0.98794,0.98806,1.00,1.50
2015.05.18 14:09:48.152,0.98797,0.98807,1.00,1.00
2015.05.18 14:09:48.477,0.98799,0.98807,1.50,1.00
2015.05.18 14:09:48.528,0.98799,0.98812,1.50,1.27
2015.05.18 14:09:48.579,0.98803,0.98812,1.00,1.00
2015.05.18 14:09:48.681,0.988,0.98813,1.00,1.00
2015.05.18 14:09:48.807,0.98804,0.98814,1.00,1.00
2015.05.18 14:09:49.112,0.98805,0.98816,1.00,3.72
2015.05.18 14:09:49.649,0.98806,0.98816,1.00,4.85
2015.05.18 14:09:50.122,0.98803,0.98815,1.50,1.00
2015.05.18 14:09:50.173,0.98805,0.98815,1.00,1.00
2015.05.18 14:09:50.224,0.98805,0.98817,1.50,1.00
2015.05.18 14:09:50.275,0.98807,0.98817,1.00,1.00
2015.05.18 14:09:50.819,0.98808,0.98818,1.00,1.00
2015.05.18 14:09:51.191,0.98809,0.9882,1.00,1.12
2015.05.18 14:09:51.444,0.98807,0.9882,1.00,1.00
2015.05.18 14:09:51.830,0.98807,0.98817,1.00,1.00
2015.05.18 14:09:51.884,0.98803,0.98814,1.10,1.50
2015.05.18 14:09:51.935,0.988,0.98812,3.60,1.50
2015.05.18 14:09:51.988,0.988,0.98812,1.00,1.50
2015.05.18 14:09:52.193,0.98802,0.98814,1.00,1.00
2015.05.18 14:09:52.747,0.98803,0.98814,1.00,1.50
2015.05.18 14:09:53.254,0.98802,0.98815,1.00,1.00
2015.05.18 14:09:54.632,0.98802,0.98814,1.00,1.00
2015.05.18 14:09:54.956,0.98802,0.98812,1.00,1.00
2015.05.18 14:09:55.260,0.988,0.9881,1.00,1.12
2015.05.18 14:09:55.412,0.98802,0.98815,1.00,1.00
2015.05.18 14:09:55.513,0.98806,0.98815,1.00,1.00
2015.05.18 14:09:55.615,0.98803,0.98815,2.25,1.00
2015.05.18 14:09:55.717,0.98805,0.98819,2.25,1.10
2015.05.18 14:09:55.897,0.98808,0.9882,1.00,1.07
2015.05.18 14:09:55.999,0.98808,0.98822,1.50,1.00
2015.05.18 14:09:56.050,0.9881,0.98822,1.00,1.00
2015.05.18 14:09:56.563,0.98811,0.98823,1.00,1.00
2015.05.18 14:09:57.037,0.98814,0.98823,1.00,1.00
2015.05.18 14:09:57.940,0.98813,0.98823,1.00,1.00
2015.05.18 14:09:58.471,0.98812,0.98822,1.00,1.00
2015.05.18 14:09:59.901,0.9881,0.98822,1.00,1.00
2015.05.18 14:10:00.245,0.98812,0.98822,1.00,1.00
2015.05.18 14:10:00.346,0.9881,0.98822,1.00,1.00
2015.05.18 14:10:01.008,0.98812,0.98822,1.00,1.00
2015.05.18 14:10:01.059,0.98809,0.98822,1.00,1.00
2015.05.18 14:10:01.564,0.98809,0.98821,1.00,1.00
2015.05.18 14:10:02.112,0.98809,0.98822,1.00,1.00
2015.05.18 14:10:02.214,0.98812,0.98822,1.00,1.00
2015.05.18 14:10:02.717,0.98811,0.98822,1.50,1.00
2015.05.18 14:10:03.408,0.98813,0.98822,1.00,1.00
2015.05.18 14:10:03.460,0.98811,0.98822,1.00,1.00
2015.05.18 14:10:03.969,0.98813,0.98823,1.00,1.00
2015.05.18 14:10:04.396,0.98815,0.98824,1.00,1.00
2015.05.18 14:10:04.903,0.98814,0.98825,1.00,1.37
2015.05.18 14:10:05.449,0.98813,0.98824,1.00,1.00
2015.05.18 14:10:05.979,0.98812,0.98824,1.00,1.00
2015.05.18 14:10:06.520,0.98812,0.98823,1.00,1.00
2015.05.18 14:10:06.722,0.98812,0.98825,1.00,1.00
2015.05.18 14:10:07.141,0.98812,0.98823,1.00,1.50
2015.05.18 14:10:07.647,0.98811,0.98821,1.00,1.00
2015.05.18 14:10:07.850,0.98811,0.98823,1.00,1.00
2015.05.18 14:10:08.369,0.9881,0.98822,1.00,1.00
2015.05.18 14:10:08.918,0.9881,0.98821,1.00,1.50
2015.05.18 14:10:09.576,0.98809,0.98821,1.50,1.00
2015.05.18 14:10:09.894,0.98809,0.98821,1.50,3.15
2015.05.18 14:10:09.945,0.98803,0.98813,1.50,1.00
2015.05.18 14:10:10.046,0.98805,0.98813,1.00,1.00
2015.05.18 14:10:10.098,0.98803,0.98813,1.00,1.50
2015.05.18 14:10:10.150,0.98801,0.98811,1.50,1.00
2015.05.18 14:10:10.252,0.98799,0.98811,1.00,1.00
2015.05.18 14:10:10.456,0.98798,0.98809,1.00,1.00
2015.05.18 14:10:10.819,0.98796,0.98809,1.10,1.00
2015.05.18 14:10:11.329,0.98798,0.98808,1.00,1.00
2015.05.18 14:10:11.481,0.98798,0.9881,1.00,1.50
2015.05.18 14:10:11.633,0.98798,0.98806,1.00,1.00
2015.05.18 14:10:11.684,0.98793,0.98806,2.47,1.00
2015.05.18 14:10:11.735,0.98792,0.98803,1.10,1.00
2015.05.18 14:10:11.989,0.98789,0.98802,1.00,1.50
2015.05.18 14:10:12.647,0.98787,0.98799,1.57,1.00
2015.05.18 14:10:13.434,0.98785,0.98798,1.65,1.00
2015.05.18 14:10:13.737,0.98782,0.98793,1.00,1.17
2015.05.18 14:10:14.268,0.98779,0.98793,1.50,1.17
2015.05.18 14:10:15.174,0.98782,0.98793,1.00,1.17
2015.05.18 14:10:17.045,0.98783,0.98793,1.00,1.17
2015.05.18 14:10:18.047,0.98784,0.98798,1.50,1.57
2015.05.18 14:10:18.098,0.98787,0.98798,1.00,1.07
2015.05.18 14:10:18.149,0.98787,0.98798,1.00,1.50
2015.05.18 14:10:18.201,0.98785,0.98798,1.00,2.25
2015.05.18 14:10:18.404,0.98788,0.98799,1.00,1.00
2015.05.18 14:10:18.556,0.98786,0.98798,1.00,1.00
2015.05.18 14:10:18.607,0.98784,0.98795,1.12,1.00
2015.05.18 14:10:18.754,0.98782,0.98795,1.00,1.00
2015.05.18 14:10:19.277,0.98781,0.98795,2.25,1.00
2015.05.18 14:10:19.701,0.98783,0.98795,1.00,1.00
2015.05.18 14:10:20.202,0.98783,0.98796,1.12,1.10
2015.05.18 14:10:20.735,0.98784,0.98796,1.00,1.10
2015.05.18 14:10:21.289,0.98785,0.98797,1.00,1.17
2015.05.18 14:10:23.961,0.98786,0.98797,1.00,1.17
2015.05.18 14:10:24.214,0.98786,0.98798,1.00,1.00
2015.05.18 14:10:24.366,0.98788,0.98799,1.00,1.00
2015.05.18 14:10:24.891,0.98789,0.98797,1.00,1.00
2015.05.18 14:10:24.993,0.98786,0.98797,1.00,1.00
2015.05.18 14:10:25.094,0.98786,0.98795,1.00,1.00
2015.05.18 14:10:25.611,0.98785,0.98795,1.00,1.00
2015.05.18 14:10:26.155,0.98784,0.98794,1.00,1.00
2015.05.18 14:10:26.662,0.98782,0.98794,1.00,1.00
2015.05.18 14:10:27.295,0.98784,0.98794,1.00,1.00
2015.05.18 14:10:27.867,0.98782,0.98794,1.00,1.00
2015.05.18 14:10:28.069,0.98785,0.98795,1.00,1.00
2015.05.18 14:10:28.323,0.98783,0.98795,1.00,1.00
2015.05.18 14:10:28.853,0.98784,0.98796,1.00,1.00
2015.05.18 14:10:29.474,0.98784,0.98794,1.00,1.00
2015.05.18 14:10:29.575,0.98784,0.98796,1.00,1.00
2015.05.18 14:10:29.877,0.98784,0.98794,1.00,1.00
2015.05.18 14:10:30.074,0.98782,0.98794,1.50,1.00
2015.05.18 14:10:30.581,0.98781,0.98793,1.00,1.50
2015.05.18 14:10:31.382,0.98783,0.98794,1.00,1.00
2015.05.18 14:10:32.295,0.98783,0.98795,1.50,1.00
2015.05.18 14:10:33.038,0.98784,0.98795,1.00,1.50
2015.05.18 14:10:33.585,0.98783,0.98795,1.50,1.50
2015.05.18 14:10:33.896,0.98785,0.98795,1.00,1.87
2015.05.18 14:10:36.477,0.98785,0.98796,1.00,2.62
2015.05.18 14:10:37.206,0.98784,0.98796,1.00,1.87
2015.05.18 14:10:38.322,0.98784,0.98796,1.00,1.00
2015.05.18 14:10:38.860,0.98785,0.98796,1.00,1.00
2015.05.18 14:10:39.854,0.98784,0.98796,1.00,1.00
2015.05.18 14:10:42.070,0.98785,0.98796,1.00,1.87
2015.05.18 14:10:42.374,0.98783,0.98796,1.00,1.12
2015.05.18 14:10:42.924,0.98783,0.98795,1.00,1.00
2015.05.18 14:10:43.508,0.98784,0.98796,1.00,1.12
2015.05.18 14:10:44.032,0.98784,0.98796,1.00,1.87
2015.05.18 14:10:44.238,0.98777,0.98794,3.00,1.95
2015.05.18 14:10:44.492,0.98779,0.98793,1.00,1.12
2015.05.18 14:10:44.796,0.98778,0.98791,1.00,1.00
2015.05.18 14:10:45.135,0.98782,0.98794,1.00,1.00
2015.05.18 14:10:45.339,0.98785,0.98799,1.00,1.00
2015.05.18 14:10:45.845,0.98786,0.988,1.50,1.87
2015.05.18 14:10:46.666,0.98787,0.988,1.00,1.00
2015.05.18 14:10:47.239,0.98787,0.98799,1.00,1.00
2015.05.18 14:10:47.704,0.98786,0.98801,1.00,2.32
2015.05.18 14:10:47.755,0.98788,0.98801,1.00,1.57
2015.05.18 14:10:48.109,0.9879,0.98803,1.00,1.52
2015.05.18 14:10:48.160,0.98788,0.98802,1.00,1.27
2015.05.18 14:10:48.286,0.98791,0.98804,1.87,1.00
2015.05.18 14:10:48.489,0.98793,0.98808,1.00,4.20
2015.05.18 14:10:48.591,0.98796,0.98808,1.00,4.20
2015.05.18 14:10:48.642,0.98794,0.98808,1.00,4.20
2015.05.18 14:10:48.743,0.98798,0.98811,1.00,1.10
2015.05.18 14:10:48.794,0.98795,0.98811,1.17,1.00
2015.05.18 14:10:48.895,0.98799,0.98811,1.00,1.00
2015.05.18 14:10:49.199,0.98802,0.98813,1.00,1.17
2015.05.18 14:10:49.548,0.98795,0.98808,1.00,1.00
2015.05.18 14:10:49.599,0.98794,0.98807,1.00,1.37
2015.05.18 14:10:49.903,0.98793,0.98803,1.00,1.00
2015.05.18 14:10:49.954,0.98791,0.98803,1.00,1.00
2015.05.18 14:10:50.971,0.9879,0.98803,1.50,1.00
2015.05.18 14:10:51.488,0.98789,0.98802,1.50,1.00
2015.05.18 14:10:52.658,0.9879,0.98803,1.00,1.00
2015.05.18 14:10:53.204,0.98789,0.98803,2.25,1.12
2015.05.18 14:10:53.735,0.98789,0.98802,1.50,1.00
2015.05.18 14:10:55.420,0.98789,0.98803,1.00,1.12
2015.05.18 14:11:00.037,0.9879,0.98803,1.00,1.00
2015.05.18 14:11:00.579,0.9879,0.98804,1.00,1.00
2015.05.18 14:11:01.337,0.98789,0.98804,1.00,1.00
2015.05.18 14:11:01.853,0.9879,0.98804,1.00,1.00
2015.05.18 14:11:02.407,0.98789,0.98804,1.00,1.00
2015.05.18 14:11:03.306,0.9879,0.98805,1.00,2.70
2015.05.18 14:11:03.845,0.9879,0.98805,1.00,2.70
2015.05.18 14:11:05.090,0.9879,0.98805,1.00,1.95
2015.05.18 14:11:06.411,0.98791,0.98805,1.00,1.95
2015.05.18 14:11:07.318,0.9879,0.98805,1.50,1.10
2015.05.18 14:11:07.926,0.98791,0.98805,1.00,1.10
2015.05.18 14:11:08.439,0.9879,0.98805,1.00,1.10
2015.05.18 14:11:09.020,0.9879,0.98803,1.00,1.00
2015.05.18 14:11:09.121,0.98791,0.98805,1.00,1.10
2015.05.18 14:11:09.223,0.98793,0.98808,1.50,4.35
2015.05.18 14:11:09.274,0.98793,0.98808,2.70,1.00
2015.05.18 14:11:09.390,0.98797,0.9881,1.00,1.65
2015.05.18 14:11:09.492,0.98799,0.98813,1.12,1.00
2015.05.18 14:11:09.543,0.988,0.98816,1.00,5.70
2015.05.18 14:11:09.644,0.98802,0.98816,1.00,4.57
2015.05.18 14:11:10.225,0.98804,0.98816,1.00,4.57
2015.05.18 14:11:10.784,0.98803,0.98816,1.00,3.82
2015.05.18 14:11:11.291,0.98802,0.98816,1.00,1.10
2015.05.18 14:11:11.602,0.98804,0.98817,1.00,1.17
2015.05.18 14:11:11.857,0.98806,0.9882,1.00,1.20
2015.05.18 14:11:12.111,0.98807,0.9882,1.00,1.47
2015.05.18 14:11:12.455,0.98809,0.98819,1.00,1.12
2015.05.18 14:11:12.506,0.98804,0.98817,1.15,1.00
2015.05.18 14:11:12.591,0.98804,0.98817,1.50,1.00
2015.05.18 14:11:13.097,0.98805,0.98817,1.12,1.00
2015.05.18 14:11:13.148,0.98805,0.98819,1.12,1.00
2015.05.18 14:11:13.674,0.98804,0.98818,2.62,1.00
2015.05.18 14:11:14.189,0.98806,0.98819,1.00,1.00
2015.05.18 14:11:15.391,0.98808,0.98819,1.00,1.00
2015.05.18 14:11:15.694,0.98809,0.98823,1.00,2.62
2015.05.18 14:11:16.173,0.98812,0.98823,1.00,1.00
2015.05.18 14:11:16.477,0.98813,0.98825,1.00,1.10
2015.05.18 14:11:16.605,0.98815,0.98825,1.00,1.57
2015.05.18 14:11:17.046,0.98813,0.98825,1.00,1.57
2015.05.18 14:11:18.333,0.98814,0.98825,1.00,1.10
2015.05.18 14:11:18.438,0.98814,0.98823,1.00,1.00
2015.05.18 14:11:19.669,0.98815,0.98823,1.00,1.00
2015.05.18 14:11:20.225,0.98816,0.98823,1.00,1.00
2015.05.18 14:11:20.326,0.98816,0.98825,1.00,1.10
2015.05.18 14:11:21.104,0.98817,0.98825,1.00,1.10
2015.05.18 14:11:21.206,0.98815,0.98825,1.00,1.10
2015.05.18 14:11:21.727,0.98816,0.98825,1.00,1.57
2015.05.18 14:11:22.833,0.98816,0.98822,1.00,1.00
2015.05.18 14:11:23.424,0.98816,0.98825,1.00,1.10
2015.05.18 14:11:23.936,0.98817,0.98825,1.00,1.00
2015.05.18 14:11:24.190,0.98817,0.98828,1.00,1.87
2015.05.18 14:11:24.494,0.98818,0.98829,1.00,1.20
2015.05.18 14:11:25.149,0.98817,0.98829,1.00,1.95
2015.05.18 14:11:26.049,0.98815,0.98829,1.00,1.95
2015.05.18 14:11:27.648,0.98819,0.9883,1.00,1.00
2015.05.18 14:11:27.851,0.98816,0.98831,1.00,1.87
2015.05.18 14:11:28.258,0.98818,0.98831,1.00,1.87
2015.05.18 14:11:28.309,0.98815,0.98828,1.00,1.00
2015.05.18 14:11:28.511,0.98814,0.98826,1.00,1.00
2015.05.18 14:11:28.834,0.98812,0.98826,1.87,1.00
2015.05.18 14:11:29.049,0.98814,0.98827,1.00,2.25
2015.05.18 14:11:29.368,0.98812,0.98827,1.50,1.87
2015.05.18 14:11:30.226,0.98812,0.98827,2.25,1.87
2015.05.18 14:11:30.733,0.98813,0.98827,1.00,2.62
2015.05.18 14:11:30.905,0.98815,0.98827,1.00,1.00
2015.05.18 14:11:31.493,0.98818,0.98826,1.00,1.00
2015.05.18 14:11:31.563,0.98814,0.98826,1.00,1.00
2015.05.18 14:11:31.918,0.98816,0.98827,1.00,1.50
2015.05.18 14:11:32.435,0.98815,0.98827,1.00,1.00
2015.05.18 14:11:32.992,0.98815,0.98828,1.00,1.12
2015.05.18 14:11:34.042,0.98816,0.98828,1.00,1.12
2015.05.18 14:11:35.118,0.98822,0.98828,1.00,1.00
2015.05.18 14:11:35.490,0.98825,0.98833,1.00,3.00
2015.05.18 14:11:35.743,0.98829,0.98833,1.00,3.00
2015.05.18 14:11:35.794,0.98829,0.98838,1.00,1.65
2015.05.18 14:11:36.098,0.98827,0.98835,1.00,1.00
2015.05.18 14:11:36.149,0.98827,0.98833,1.00,1.00
2015.05.18 14:11:36.301,0.98823,0.98833,1.00,1.00
2015.05.18 14:11:36.598,0.98823,0.98831,1.00,1.00
2015.05.18 14:11:37.103,0.98824,0.98831,1.00,1.00
2015.05.18 14:11:37.205,0.98825,0.98833,1.00,1.00
2015.05.18 14:11:37.307,0.98823,0.98833,1.00,1.00
2015.05.18 14:11:37.838,0.98824,0.98833,1.00,1.00
2015.05.18 14:11:39.727,0.98824,0.98834,1.00,1.12
2015.05.18 14:11:40.363,0.98823,0.98834,1.00,1.12
2015.05.18 14:11:40.714,0.98826,0.98836,1.00,1.47
2015.05.18 14:11:41.301,0.98825,0.98836,1.00,1.47
2015.05.18 14:11:42.131,0.98824,0.98831,1.00,1.00
2015.05.18 14:11:42.232,0.98824,0.98833,1.00,1.00
2015.05.18 14:11:42.759,0.98823,0.98832,1.00,1.00
2015.05.18 14:11:42.810,0.98823,0.9883,1.00,1.00
2015.05.18 14:11:43.266,0.98823,0.98833,1.00,1.37
2015.05.18 14:11:43.636,0.98823,0.98834,1.00,1.95
2015.05.18 14:11:43.789,0.98825,0.98834,1.00,1.20
2015.05.18 14:11:43.891,0.98822,0.98834,1.00,1.20
2015.05.18 14:11:44.043,0.98824,0.98834,1.00,1.10
2015.05.18 14:11:44.347,0.98826,0.98835,1.00,1.12
2015.05.18 14:11:44.928,0.98827,0.98836,1.00,1.20
2015.05.18 14:11:45.723,0.98827,0.98833,1.00,1.00
2015.05.18 14:11:45.892,0.98826,0.98837,1.00,1.65
2015.05.18 14:11:46.486,0.98826,0.98838,1.00,1.12
2015.05.18 14:11:46.638,0.98828,0.9884,1.00,1.47
2015.05.18 14:11:46.942,0.98834,0.98844,1.00,1.07
2015.05.18 14:11:47.144,0.98838,0.98849,1.00,1.17
2015.05.18 14:11:47.296,0.9884,0.98849,1.00,1.00
2015.05.18 14:11:47.448,0.9884,0.98852,1.00,1.20
2015.05.18 14:11:47.652,0.98843,0.98852,1.00,1.10
2015.05.18 14:11:48.157,0.98844,0.98855,1.00,3.67
2015.05.18 14:11:48.681,0.98845,0.98855,1.00,4.35
2015.05.18 14:11:49.183,0.98844,0.98855,1.00,4.35
2015.05.18 14:11:50.826,0.98844,0.98855,1.00,1.37
2015.05.18 14:11:51.358,0.98843,0.98855,1.00,1.37
2015.05.18 14:11:51.881,0.98844,0.98855,1.00,1.37
2015.05.18 14:11:52.138,0.98846,0.98857,1.00,1.95
2015.05.18 14:11:52.290,0.98849,0.98858,1.00,1.50
2015.05.18 14:11:52.796,0.9885,0.9886,1.00,3.15
2015.05.18 14:11:53.319,0.98849,0.9886,1.00,3.15
2015.05.18 14:11:54.163,0.98848,0.98861,1.50,1.52
2015.05.18 14:11:54.683,0.98856,0.98864,1.00,1.07
2015.05.18 14:11:54.734,0.98856,0.98868,1.00,1.65
2015.05.18 14:11:54.886,0.98859,0.98867,1.00,1.00
2015.05.18 14:11:54.937,0.98859,0.98869,1.00,3.00
2015.05.18 14:11:55.038,0.98862,0.98873,1.00,1.87
2015.05.18 14:11:55.231,0.98862,0.98875,1.00,1.20
2015.05.18 14:11:55.760,0.98863,0.98875,1.00,1.10
2015.05.18 14:11:57.505,0.98864,0.98876,1.00,1.65
2015.05.18 14:11:58.073,0.98864,0.98874,1.00,1.12
2015.05.18 14:11:58.875,0.98863,0.98876,1.00,1.65
2015.05.18 14:11:59.179,0.98861,0.98873,1.00,1.12
2015.05.18 14:11:59.773,0.98862,0.98873,1.00,1.12
2015.05.18 14:11:59.875,0.98864,0.98872,1.00,1.12
2015.05.18 14:11:59.976,0.98862,0.98873,1.00,1.00
2015.05.18 14:12:00.485,0.98863,0.98873,1.00,1.00
2015.05.18 14:12:01.088,0.98864,0.98873,1.00,1.00
2015.05.18 14:12:01.341,0.98864,0.98875,1.00,1.20
2015.05.18 14:12:01.442,0.98863,0.98869,1.00,1.00
2015.05.18 14:12:01.493,0.98861,0.98869,1.00,1.00
2015.05.18 14:12:01.544,0.98861,0.98871,1.00,1.12
2015.05.18 14:12:01.595,0.98858,0.98871,1.00,1.20
2015.05.18 14:12:01.715,0.98856,0.98867,1.00,1.00
2015.05.18 14:12:02.019,0.98848,0.98857,1.00,1.00
2015.05.18 14:12:02.477,0.9885,0.9886,1.00,1.27
2015.05.18 14:12:03.162,0.98849,0.98861,1.00,1.65
2015.05.18 14:12:03.717,0.9885,0.98861,1.00,1.65
2015.05.18 14:12:04.022,0.98851,0.98861,1.00,1.00
2015.05.18 14:12:04.378,0.98855,0.98863,1.00,1.27
2015.05.18 14:12:04.908,0.98856,0.98866,1.00,6.00
2015.05.18 14:12:05.364,0.98859,0.98866,1.00,6.00
2015.05.18 14:12:05.516,0.98859,0.98866,1.00,1.12
2015.05.18 14:12:06.113,0.98857,0.98863,1.00,1.00
2015.05.18 14:12:06.317,0.98857,0.98866,1.00,1.37
2015.05.18 14:12:06.571,0.98855,0.98865,1.00,1.00
2015.05.18 14:12:06.680,0.98853,0.98868,1.57,1.07
2015.05.18 14:12:06.782,0.98856,0.98867,1.00,1.17
2015.05.18 14:12:07.087,0.98859,0.98868,1.00,1.57
2015.05.18 14:12:07.139,0.98859,0.98868,1.00,1.50
2015.05.18 14:12:07.444,0.98862,0.98868,1.00,1.00
2015.05.18 14:12:07.621,0.98863,0.98872,1.00,1.00
2015.05.18 14:12:07.876,0.98865,0.98873,1.00,1.10
2015.05.18 14:12:08.180,0.98868,0.98876,1.00,1.00
2015.05.18 14:12:08.333,0.98867,0.98876,1.00,1.00
2015.05.18 14:12:08.485,0.98867,0.98873,1.00,1.00
2015.05.18 14:12:08.992,0.98868,0.98873,1.00,1.00
2015.05.18 14:12:09.043,0.98868,0.98876,1.00,1.00
2015.05.18 14:12:09.195,0.98863,0.98876,1.00,1.37
2015.05.18 14:12:09.296,0.98861,0.98871,1.00,1.00
2015.05.18 14:12:09.636,0.98855,0.98867,1.67,1.00
2015.05.18 14:12:10.153,0.98855,0.98867,1.67,1.00
2015.05.18 14:12:10.357,0.98855,0.98871,2.17,1.15
2015.05.18 14:12:10.546,0.98858,0.98871,1.00,1.15
2015.05.18 14:12:10.598,0.98858,0.98868,1.00,1.00
2015.05.18 14:12:10.751,0.98854,0.98867,1.00,1.50
2015.05.18 14:12:10.803,0.98854,0.9886,1.00,1.00
2015.05.18 14:12:10.854,0.98849,0.9886,1.00,1.00
2015.05.18 14:12:11.057,0.98853,0.9886,1.00,1.10
2015.05.18 14:12:11.209,0.98855,0.98863,1.00,1.00
2015.05.18 14:12:11.324,0.98858,0.98865,1.00,1.25
2015.05.18 14:12:11.425,0.98858,0.98867,1.00,1.12
2015.05.18 14:12:11.527,0.98856,0.98867,1.00,1.12
2015.05.18 14:12:11.982,0.98856,0.98864,1.00,1.00
2015.05.18 14:12:12.743,0.98857,0.98864,1.00,1.00
2015.05.18 14:12:12.794,0.98857,0.98867,1.00,1.12
2015.05.18 14:12:13.336,0.98856,0.98867,1.00,1.12
2015.05.18 14:12:13.387,0.98854,0.98865,1.00,1.00
2015.05.18 14:12:13.706,0.98857,0.98865,1.00,1.00
2015.05.18 14:12:14.213,0.98857,0.98867,1.00,1.50
2015.05.18 14:12:14.717,0.98857,0.98867,1.00,1.00
2015.05.18 14:12:15.123,0.98859,0.98868,1.00,1.10
2015.05.18 14:12:15.275,0.98857,0.98869,1.00,1.55
2015.05.18 14:12:15.779,0.98857,0.98867,1.00,1.00
2015.05.18 14:12:16.307,0.98858,0.98869,1.00,1.55
2015.05.18 14:12:17.026,0.98858,0.98869,1.00,1.55
2015.05.18 14:12:17.250,0.98854,0.98867,1.00,1.87
2015.05.18 14:12:17.352,0.98854,0.98867,1.00,1.37
2015.05.18 14:12:17.454,0.98854,0.98867,1.00,1.37
2015.05.18 14:12:17.757,0.98854,0.98867,1.00,1.87
2015.05.18 14:12:18.266,0.98853,0.98864,1.00,1.12
2015.05.18 14:12:19.218,0.98853,0.98862,1.00,1.00
2015.05.18 14:12:19.522,0.98855,0.98862,1.00,1.00
2015.05.18 14:12:19.636,0.98855,0.98865,1.00,1.87
2015.05.18 14:12:20.633,0.98854,0.98865,1.00,1.12
2015.05.18 14:12:20.785,0.98853,0.98863,1.00,1.87
2015.05.18 14:12:21.089,0.98857,0.98869,1.00,1.00
2015.05.18 14:12:21.140,0.98853,0.98869,1.35,1.50
2015.05.18 14:12:21.245,0.98856,0.98869,1.00,1.00
2015.05.18 14:12:21.550,0.9886,0.98869,1.00,1.00
2015.05.18 14:12:21.855,0.98863,0.9887,1.00,1.00
2015.05.18 14:12:21.957,0.98863,0.98873,1.00,1.00
2015.05.18 14:12:22.189,0.98864,0.98871,1.00,1.00
2015.05.18 14:12:22.684,0.98863,0.98874,1.00,1.87
2015.05.18 14:12:23.231,0.98864,0.98874,1.00,1.50
2015.05.18 14:12:23.383,0.98862,0.98871,1.00,1.00
2015.05.18 14:12:23.945,0.98861,0.98871,1.00,1.00
2015.05.18 14:12:24.598,0.98861,0.98869,1.00,1.00
2015.05.18 14:12:25.149,0.9886,0.98868,1.00,1.00
2015.05.18 14:12:25.645,0.98862,0.98869,1.00,1.00
2015.05.18 14:12:26.152,0.98861,0.98868,1.00,1.00
2015.05.18 14:12:26.475,0.98861,0.98865,1.00,1.00
2015.05.18 14:12:26.653,0.98861,0.98869,1.00,1.00
2015.05.18 14:12:27.102,0.98861,0.98867,1.00,1.00
2015.05.18 14:12:27.152,0.98861,0.9887,1.00,1.37
2015.05.18 14:12:27.659,0.98862,0.98872,1.00,1.95
2015.05.18 14:12:28.194,0.98861,0.9887,1.00,1.87
2015.05.18 14:12:28.608,0.98859,0.9887,1.00,1.12
2015.05.18 14:12:28.710,0.98859,0.98867,1.00,1.00
2015.05.18 14:12:29.261,0.9886,0.98868,1.00,1.00
2015.05.18 14:12:29.847,0.9886,0.9887,1.00,1.87
2015.05.18 14:12:30.410,0.98861,0.9887,1.00,1.12
2015.05.18 14:12:31.774,0.98861,0.98868,1.00,1.00
2015.05.18 14:12:32.028,0.98859,0.9887,1.00,1.37
2015.05.18 14:12:32.567,0.98859,0.9887,1.00,1.12
2015.05.18 14:12:32.618,0.98859,0.98868,1.00,1.00
2015.05.18 14:12:33.873,0.98857,0.98868,1.00,2.02
2015.05.18 14:12:33.974,0.98859,0.98868,1.00,1.87
2015.05.18 14:12:34.228,0.9886,0.98872,1.00,1.95
2015.05.18 14:12:34.430,0.98865,0.98872,1.00,1.10
2015.05.18 14:12:34.481,0.98863,0.98872,1.00,1.10
2015.05.18 14:12:34.532,0.9886,0.98873,1.00,1.17
2015.05.18 14:12:34.954,0.98863,0.98872,1.00,1.10
2015.05.18 14:12:35.056,0.9886,0.9887,1.00,1.00
2015.05.18 14:12:35.107,0.98857,0.9887,1.00,1.00
2015.05.18 14:12:35.309,0.9886,0.9887,1.00,1.00
2015.05.18 14:12:35.635,0.98864,0.98874,1.00,1.15
2015.05.18 14:12:36.294,0.98866,0.98874,1.00,1.15
2015.05.18 14:12:36.497,0.98864,0.98874,1.00,1.15
2015.05.18 14:12:37.031,0.98863,0.98874,1.00,1.27
2015.05.18 14:12:37.597,0.98865,0.98873,1.00,1.27
2015.05.18 14:12:37.911,0.98863,0.98873,1.00,1.27
2015.05.18 14:12:37.964,0.98859,0.9887,1.00,1.00
2015.05.18 14:12:38.015,0.98859,0.98868,1.00,1.00
2015.05.18 14:12:38.318,0.9886,0.98871,1.00,1.00
2015.05.18 14:12:38.521,0.98862,0.98872,1.00,1.47
2015.05.18 14:12:38.825,0.98865,0.98872,1.00,1.10
2015.05.18 14:12:39.058,0.98865,0.98876,1.00,1.27
2015.05.18 14:12:39.160,0.98867,0.98876,1.00,1.20
2015.05.18 14:12:39.666,0.98868,0.98878,1.00,1.15
2015.05.18 14:12:40.781,0.98869,0.98878,1.00,1.15
2015.05.18 14:12:41.092,0.98871,0.98879,1.00,2.85
2015.05.18 14:12:44.095,0.9887,0.98877,1.00,1.17
2015.05.18 14:12:44.861,0.98871,0.98879,1.00,2.85
2015.05.18 14:12:45.512,0.9887,0.98879,1.00,2.85
2015.05.18 14:12:46.766,0.98869,0.98879,1.00,2.85
2015.05.18 14:12:47.409,0.98868,0.9888,1.00,3.60
2015.05.18 14:12:47.713,0.98869,0.9888,1.00,1.20
2015.05.18 14:12:50.464,0.98869,0.98877,1.00,1.00
2015.05.18 14:12:50.515,0.98871,0.98882,1.00,1.07
2015.05.18 14:12:51.022,0.98872,0.98882,1.00,1.00
2015.05.18 14:12:51.562,0.98875,0.98883,1.00,1.95
2015.05.18 14:12:52.527,0.98875,0.98883,1.00,1.20
2015.05.18 14:12:53.062,0.98874,0.98883,1.00,1.20
2015.05.18 14:12:53.113,0.9887,0.98884,1.00,1.95
2015.05.18 14:12:53.214,0.98873,0.98884,1.00,1.95
2015.05.18 14:12:53.467,0.98871,0.98882,1.00,1.00
2015.05.18 14:12:53.670,0.98869,0.98881,1.00,1.87
2015.05.18 14:12:54.358,0.9887,0.98882,1.00,1.62
2015.05.18 14:12:54.662,0.98878,0.98888,1.00,2.10
2015.05.18 14:12:55.193,0.98879,0.98889,1.00,1.37
2015.05.18 14:12:57.261,0.9888,0.9889,1.00,1.37
2015.05.18 14:12:57.413,0.98881,0.98892,1.00,1.55
2015.05.18 14:12:57.515,0.98883,0.98892,1.00,1.55
2015.05.18 14:12:57.616,0.98883,0.98892,1.00,1.55
2015.05.18 14:12:57.971,0.98885,0.98893,1.00,1.17
2015.05.18 14:12:58.025,0.98885,0.98895,1.00,1.87
2015.05.18 14:12:58.077,0.98882,0.9889,1.00,1.00
2015.05.18 14:12:58.178,0.98883,0.98894,1.00,1.07
2015.05.18 14:12:58.399,0.98881,0.98894,1.00,1.15
2015.05.18 14:12:58.501,0.98884,0.98893,1.00,1.15
2015.05.18 14:12:58.603,0.98881,0.98893,1.00,1.65
2015.05.18 14:12:59.110,0.98882,0.98893,1.00,1.25
2015.05.18 14:12:59.633,0.98884,0.98893,1.00,1.65
2015.05.18 14:12:59.937,0.98882,0.98894,1.00,1.52
2015.05.18 14:13:00.471,0.98881,0.98893,1.00,1.27
2015.05.18 14:13:00.696,0.98883,0.98894,1.00,1.52
2015.05.18 14:13:01.274,0.98881,0.98894,1.00,1.52
2015.05.18 14:13:02.492,0.98881,0.98892,1.00,1.57
2015.05.18 14:13:03.020,0.98882,0.98892,1.00,1.57
2015.05.18 14:13:03.532,0.98881,0.98892,1.00,1.57
2015.05.18 14:13:04.210,0.9888,0.9889,1.00,1.12
2015.05.18 14:13:04.440,0.98882,0.9889,1.00,1.12
2015.05.18 14:13:04.694,0.9888,0.9889,1.00,1.00
2015.05.18 14:13:04.998,0.98882,0.9889,1.00,1.00
2015.05.18 14:13:05.539,0.98883,0.98893,1.00,1.27
2015.05.18 14:13:06.044,0.98884,0.98894,1.00,1.52
2015.05.18 14:13:06.443,0.98882,0.98894,1.00,1.52
2015.05.18 14:13:06.999,0.98881,0.98894,1.00,1.52
2015.05.18 14:13:07.505,0.98882,0.98893,1.00,1.15
2015.05.18 14:13:07.841,0.9888,0.98893,1.00,1.52
2015.05.18 14:13:08.401,0.9888,0.98891,1.00,1.37
2015.05.18 14:13:08.918,0.9888,0.98891,1.00,1.37
2015.05.18 14:13:08.969,0.98876,0.98891,1.00,1.37
2015.05.18 14:13:09.471,0.98876,0.98889,1.00,1.37
2015.05.18 14:13:09.522,0.98878,0.98889,1.00,1.37
2015.05.18 14:13:09.826,0.98876,0.98891,1.00,1.87
2015.05.18 14:13:09.877,0.98876,0.98886,1.00,1.00
2015.05.18 14:13:12.270,0.98878,0.98886,1.00,1.00
2015.05.18 14:13:12.472,0.98876,0.98886,1.00,1.00
2015.05.18 14:13:12.776,0.98877,0.98889,1.00,1.12
2015.05.18 14:13:12.913,0.98875,0.98889,1.00,1.37
2015.05.18 14:13:13.217,0.98871,0.98883,1.10,1.95
2015.05.18 14:13:13.723,0.98871,0.98883,1.00,1.95
2015.05.18 14:13:13.908,0.98868,0.98882,1.50,1.37
2015.05.18 14:13:14.061,0.98869,0.98879,1.00,1.00
2015.05.18 14:13:14.111,0.98869,0.98882,1.00,2.62
2015.05.18 14:13:14.263,0.98871,0.98882,1.00,1.87
2015.05.18 14:13:15.141,0.9887,0.98882,1.00,1.37
2015.05.18 14:13:15.344,0.98872,0.98885,1.00,2.02
2015.05.18 14:13:15.445,0.98877,0.98883,1.00,1.00
2015.05.18 14:13:15.496,0.98877,0.98889,1.00,1.65
2015.05.18 14:13:15.547,0.98876,0.98889,1.00,1.65
2015.05.18 14:13:15.699,0.98878,0.98889,1.00,1.55
2015.05.18 14:13:16.243,0.98877,0.98889,1.00,1.55
2015.05.18 14:13:17.674,0.98876,0.98889,1.00,1.55
2015.05.18 14:13:18.400,0.98877,0.98889,1.00,1.55
2015.05.18 14:13:18.941,0.98877,0.98889,1.00,1.55
2015.05.18 14:13:20.272,0.98877,0.98889,1.00,1.55
2015.05.18 14:13:20.727,0.98879,0.98891,1.00,4.35
2015.05.18 14:13:20.981,0.9888,0.98891,1.00,1.87
2015.05.18 14:13:21.500,0.9888,0.98891,1.00,1.12
2015.05.18 14:13:22.007,0.98881,0.98893,1.00,2.02
2015.05.18 14:13:22.546,0.98882,0.98893,1.00,2.02
2015.05.18 14:13:23.170,0.98883,0.98893,1.00,2.02
2015.05.18 14:13:23.791,0.98881,0.98893,1.00,2.02
2015.05.18 14:13:24.366,0.98882,0.98893,1.00,2.02
2015.05.18 14:13:24.895,0.98883,0.98893,1.00,2.02
2015.05.18 14:13:25.043,0.98881,0.98891,1.00,1.87
2015.05.18 14:13:25.548,0.9888,0.98891,1.00,1.87
2015.05.18 14:13:26.255,0.98881,0.98891,1.00,1.87
2015.05.18 14:13:26.583,0.98884,0.98894,1.00,1.52
2015.05.18 14:13:27.668,0.98882,0.98893,1.00,2.02
2015.05.18 14:13:28.178,0.98881,0.98893,1.00,2.02
2015.05.18 14:13:30.108,0.98883,0.98891,1.00,1.12
2015.05.18 14:13:30.631,0.98883,0.98893,1.00,2.02
2015.05.18 14:13:31.145,0.98883,0.98891,1.00,1.12
2015.05.18 14:13:31.649,0.98882,0.98891,1.00,1.37
2015.05.18 14:13:32.159,0.98882,0.98892,1.00,1.47
2015.05.18 14:13:32.705,0.98882,0.98892,1.00,1.20
2015.05.18 14:13:35.275,0.98881,0.98892,1.00,1.20
2015.05.18 14:13:36.093,0.98881,0.98892,1.00,1.47
