2017.04.11 16:00:00.164,0.82298,0.82305,1.00,1.00
2017.04.11 16:00:00.368,0.82295,0.82303,2.17,1.00
2017.04.11 16:00:00.570,0.82295,0.82303,1.00,1.12
2017.04.11 16:00:01.392,0.82296,0.82303,1.00,1.12
2017.04.11 16:00:01.898,0.82297,0.82305,1.00,1.00
2017.04.11 16:00:01.949,0.82299,0.82305,1.00,1.37
2017.04.11 16:00:02.108,0.82299,0.82306,1.00,1.12
2017.04.11 16:00:02.262,0.82296,0.82305,1.79,1.00
2017.04.11 16:00:02.515,0.82298,0.82307,1.29,3.00
2017.04.11 16:00:02.970,0.82297,0.82304,1.04,1.00
2017.04.11 16:00:03.312,0.82295,0.82302,1.79,1.00
2017.04.11 16:00:03.768,0.82295,0.82304,3.75,2.25
2017.04.11 16:00:03.819,0.82294,0.82304,2.92,2.25
2017.04.11 16:00:04.476,0.82294,0.82304,1.79,2.25
2017.04.11 16:00:05.210,0.82295,0.82305,1.42,3.00
2017.04.11 16:00:05.715,0.82295,0.82305,4.04,2.62
2017.04.11 16:00:06.632,0.82295,0.82304,1.04,1.87
2017.04.11 16:00:07.137,0.82296,0.82305,1.00,3.00
2017.04.11 16:00:08.144,0.82295,0.82304,1.42,1.50
2017.04.11 16:00:09.601,0.82295,0.82302,1.12,1.00
2017.04.11 16:00:09.702,0.82291,0.82297,1.12,1.00
2017.04.11 16:00:09.944,0.82288,0.82297,3.75,1.00
2017.04.11 16:00:10.096,0.82288,0.82297,1.12,1.12
2017.04.11 16:00:10.602,0.82288,0.82296,1.00,1.00
2017.04.11 16:00:10.956,0.82287,0.82294,3.00,1.00
2017.04.11 16:00:11.210,0.82286,0.82294,3.00,1.00
2017.04.11 16:00:11.431,0.82286,0.82296,3.75,2.25
2017.04.11 16:00:11.584,0.82287,0.82294,1.00,1.00
2017.04.11 16:00:11.938,0.82286,0.82292,1.12,1.00
2017.04.11 16:00:12.140,0.82283,0.82292,1.37,1.87
2017.04.11 16:00:12.645,0.82283,0.82292,1.00,1.50
2017.04.11 16:00:12.696,0.82282,0.82289,1.00,1.00
2017.04.11 16:00:12.918,0.82279,0.82287,1.50,1.00
2017.04.11 16:00:13.437,0.82278,0.82287,1.79,1.87
2017.04.11 16:00:13.488,0.82278,0.82284,1.00,1.00
2017.04.11 16:00:13.641,0.82275,0.82284,1.04,1.37
2017.04.11 16:00:14.265,0.82275,0.82284,1.04,1.12
2017.04.11 16:00:14.501,0.82273,0.82282,2.54,1.87
2017.04.11 16:00:14.704,0.82275,0.82283,1.04,2.25
2017.04.11 16:00:15.238,0.82275,0.82283,1.04,2.25
2017.04.11 16:00:16.083,0.82275,0.82283,1.00,1.50
2017.04.11 16:00:16.286,0.82275,0.82283,1.04,3.00
2017.04.11 16:00:18.458,0.82273,0.82281,1.50,1.37
2017.04.11 16:00:18.963,0.82272,0.82283,2.17,5.62
2017.04.11 16:00:19.227,0.82274,0.82282,1.42,1.00
2017.04.11 16:00:19.854,0.82274,0.82283,1.00,3.00
2017.04.11 16:00:20.226,0.82272,0.82281,1.04,1.00
2017.04.11 16:00:20.530,0.8227,0.82281,2.25,3.37
2017.04.11 16:00:20.631,0.82269,0.82279,1.50,1.87
2017.04.11 16:00:20.733,0.82268,0.82277,2.17,1.00
2017.04.11 16:00:20.935,0.82272,0.82278,1.42,2.62
2017.04.11 16:00:21.037,0.82272,0.8228,1.42,2.25
2017.04.11 16:00:21.343,0.82273,0.82283,2.54,3.75
2017.04.11 16:00:21.501,0.82276,0.82284,1.00,2.25
2017.04.11 16:00:21.805,0.82278,0.82287,1.87,1.00
2017.04.11 16:00:22.311,0.82279,0.82289,1.12,1.37
2017.04.11 16:00:22.846,0.8228,0.82289,1.87,1.00
2017.04.11 16:00:23.213,0.82279,0.82289,1.12,5.62
2017.04.11 16:00:23.618,0.8228,0.82289,1.37,3.75
2017.04.11 16:00:23.720,0.8228,0.82289,1.37,1.50
2017.04.11 16:00:24.233,0.8228,0.82289,1.50,1.12
2017.04.11 16:00:24.753,0.82279,0.82289,1.37,1.87
2017.04.11 16:00:25.208,0.82276,0.82286,2.54,1.12
2017.04.11 16:00:25.411,0.82278,0.82285,1.42,1.00
2017.04.11 16:00:25.613,0.82278,0.82289,2.54,4.50
2017.04.11 16:00:26.115,0.8228,0.82288,1.79,1.00
2017.04.11 16:00:26.368,0.82279,0.82288,2.25,1.00
2017.04.11 16:00:26.882,0.82279,0.82288,3.29,1.00
2017.04.11 16:00:27.389,0.8228,0.82288,1.04,1.87
2017.04.11 16:00:27.906,0.8228,0.82288,1.04,1.50
2017.04.11 16:00:28.662,0.82279,0.82289,3.29,2.25
2017.04.11 16:00:28.713,0.8228,0.82289,2.54,1.50
2017.04.11 16:00:29.233,0.82281,0.8229,1.04,3.00
2017.04.11 16:00:29.823,0.82281,0.8229,1.42,1.50
2017.04.11 16:00:30.616,0.82282,0.8229,1.00,4.50
2017.04.11 16:00:31.176,0.82281,0.8229,1.04,4.50
2017.04.11 16:00:31.582,0.82283,0.82289,1.00,1.12
2017.04.11 16:00:32.130,0.82283,0.8229,1.00,1.12
2017.04.11 16:00:32.589,0.82285,0.8229,1.42,1.12
2017.04.11 16:00:33.046,0.82287,0.82293,1.42,2.25
2017.04.11 16:00:33.693,0.82287,0.82293,1.42,2.25
2017.04.11 16:00:34.215,0.82287,0.82292,1.42,1.00
2017.04.11 16:00:35.306,0.82287,0.82291,1.42,1.12
2017.04.11 16:00:35.448,0.82285,0.82291,1.42,2.25
2017.04.11 16:00:36.113,0.82283,0.8229,4.12,1.12
2017.04.11 16:00:36.622,0.82282,0.8229,5.25,1.00
2017.04.11 16:00:37.470,0.82282,0.8229,1.50,1.00
2017.04.11 16:00:37.993,0.82282,0.82291,1.79,1.12
2017.04.11 16:00:38.824,0.82283,0.82292,1.42,2.62
2017.04.11 16:00:39.544,0.82283,0.82292,1.29,3.37
2017.04.11 16:00:40.299,0.8228,0.82287,3.75,1.00
2017.04.11 16:00:40.451,0.82278,0.82287,1.79,1.12
2017.04.11 16:00:40.998,0.8228,0.82289,1.00,3.75
2017.04.11 16:00:41.200,0.82279,0.82286,1.50,1.00
2017.04.11 16:00:41.946,0.82277,0.82286,2.17,1.12
2017.04.11 16:00:42.256,0.82279,0.82286,2.17,1.00
2017.04.11 16:00:43.499,0.82279,0.82288,2.54,1.87
2017.04.11 16:00:43.955,0.82278,0.82287,1.50,1.87
2017.04.11 16:00:44.006,0.82276,0.82285,1.87,1.12
2017.04.11 16:00:44.509,0.82276,0.82285,1.00,1.12
2017.04.11 16:00:44.811,0.82279,0.82287,1.12,2.62
2017.04.11 16:00:44.864,0.82279,0.82287,1.00,1.00
2017.04.11 16:00:45.619,0.82278,0.82286,1.00,1.12
2017.04.11 16:00:46.314,0.82276,0.82285,2.25,1.00
2017.04.11 16:00:46.567,0.82276,0.82285,2.38,3.00
2017.04.11 16:00:46.720,0.82278,0.82287,1.63,1.87
2017.04.11 16:00:47.225,0.82278,0.82287,2.62,1.50
2017.04.11 16:00:47.758,0.82279,0.82288,1.37,1.50
2017.04.11 16:00:48.284,0.82279,0.82287,1.00,1.00
2017.04.11 16:00:48.587,0.82277,0.82284,1.50,1.00
2017.04.11 16:00:49.100,0.82277,0.82284,1.12,1.00
2017.04.11 16:00:49.702,0.82276,0.82285,1.37,1.87
2017.04.11 16:00:50.208,0.82277,0.82286,1.12,1.00
2017.04.11 16:00:50.789,0.82278,0.82287,1.00,2.25
2017.04.11 16:00:51.795,0.82278,0.82285,1.00,1.00
2017.04.11 16:00:52.161,0.82275,0.82284,2.25,1.00
2017.04.11 16:00:52.414,0.82274,0.82283,1.37,1.37
2017.04.11 16:00:52.616,0.82274,0.82283,1.12,1.12
2017.04.11 16:00:53.682,0.82274,0.82283,1.50,1.37
2017.04.11 16:00:54.850,0.82274,0.82281,1.00,1.00
2017.04.11 16:00:55.464,0.82274,0.82283,1.00,1.50
2017.04.11 16:00:55.565,0.82276,0.82284,1.12,1.87
2017.04.11 16:00:56.071,0.82276,0.82285,1.50,1.50
2017.04.11 16:00:56.526,0.82277,0.82286,1.00,2.25
2017.04.11 16:00:57.143,0.82277,0.82286,1.12,1.87
2017.04.11 16:00:57.396,0.82278,0.82287,1.50,1.00
2017.04.11 16:00:57.948,0.82279,0.82288,1.12,1.12
2017.04.11 16:01:00.439,0.82281,0.82288,1.00,1.50
2017.04.11 16:01:00.541,0.82278,0.82287,5.25,1.12
2017.04.11 16:01:01.046,0.82279,0.82287,1.00,1.12
2017.04.11 16:01:01.733,0.82278,0.82287,1.00,1.12
2017.04.11 16:01:01.936,0.82278,0.82287,1.00,1.50
2017.04.11 16:01:02.088,0.82278,0.82287,1.50,1.00
2017.04.11 16:01:02.618,0.82278,0.82287,1.87,1.00
2017.04.11 16:01:02.921,0.8228,0.82289,1.00,1.50
2017.04.11 16:01:03.548,0.8228,0.82289,3.88,2.25
2017.04.11 16:01:03.914,0.82282,0.82289,1.00,3.00
2017.04.11 16:01:04.016,0.82282,0.82289,1.00,1.12
2017.04.11 16:01:05.486,0.82282,0.82291,3.88,1.87
2017.04.11 16:01:05.890,0.82283,0.82292,3.88,2.62
2017.04.11 16:01:06.362,0.82283,0.82292,1.00,4.87
2017.04.11 16:01:06.413,0.82281,0.8229,1.87,1.50
2017.04.11 16:01:06.932,0.8228,0.82289,1.00,1.50
2017.04.11 16:01:07.449,0.82279,0.82288,1.37,1.87
2017.04.11 16:01:08.227,0.82279,0.82288,1.00,1.87
2017.04.11 16:01:09.583,0.82278,0.82287,1.12,1.12
2017.04.11 16:01:09.634,0.82278,0.82285,1.12,2.62
2017.04.11 16:01:09.836,0.82276,0.82284,1.12,1.00
2017.04.11 16:01:10.089,0.82277,0.82286,1.50,2.25
2017.04.11 16:01:10.616,0.82277,0.82286,1.87,1.87
2017.04.11 16:01:10.941,0.82284,0.82288,1.00,1.50
2017.04.11 16:01:11.173,0.82284,0.82291,1.12,1.00
2017.04.11 16:01:11.856,0.82283,0.82292,1.50,1.00
2017.04.11 16:01:13.100,0.82283,0.82293,1.12,3.00
2017.04.11 16:01:13.398,0.82285,0.82293,1.00,1.87
2017.04.11 16:01:13.920,0.82285,0.82294,3.37,1.00
2017.04.11 16:01:14.273,0.82285,0.82294,3.37,3.00
2017.04.11 16:01:14.324,0.82285,0.82294,3.37,1.12
2017.04.11 16:01:15.998,0.82285,0.82294,3.37,1.50
2017.04.11 16:01:16.514,0.82285,0.82293,1.00,1.00
2017.04.11 16:01:17.018,0.82284,0.82293,1.12,1.87
2017.04.11 16:01:18.490,0.82286,0.82294,1.50,1.87
2017.04.11 16:01:18.642,0.82287,0.82295,1.50,1.50
2017.04.11 16:01:19.147,0.82286,0.82295,1.12,1.87
2017.04.11 16:01:19.731,0.82286,0.82295,1.00,1.50
2017.04.11 16:01:20.268,0.82285,0.82294,1.87,1.00
2017.04.11 16:01:20.420,0.82285,0.82294,1.50,3.00
2017.04.11 16:01:20.572,0.82285,0.82294,2.62,1.12
2017.04.11 16:01:21.308,0.82286,0.82293,1.00,1.50
2017.04.11 16:01:21.897,0.82285,0.82293,1.00,1.12
2017.04.11 16:01:22.506,0.82286,0.82293,1.00,1.00
2017.04.11 16:01:23.491,0.82285,0.82293,1.00,1.00
2017.04.11 16:01:23.777,0.82287,0.82294,1.37,1.00
2017.04.11 16:01:24.041,0.82287,0.82296,3.00,1.50
2017.04.11 16:01:24.243,0.82287,0.82295,1.50,2.62
2017.04.11 16:01:24.344,0.82288,0.82296,1.12,1.12
2017.04.11 16:01:24.625,0.82289,0.82298,1.12,1.12
2017.04.11 16:01:25.130,0.82288,0.82297,1.00,1.50
2017.04.11 16:01:25.631,0.82287,0.82297,1.12,2.62
2017.04.11 16:01:25.783,0.82287,0.82298,1.50,5.25
2017.04.11 16:01:25.935,0.82287,0.82296,1.12,1.50
2017.04.11 16:01:26.239,0.8229,0.82299,2.25,2.62
2017.04.11 16:01:26.340,0.8229,0.823,3.00,1.50
2017.04.11 16:01:26.933,0.82291,0.823,1.00,1.00
2017.04.11 16:01:27.440,0.82292,0.82299,1.00,1.00
2017.04.11 16:01:27.942,0.82291,0.82299,1.12,1.50
2017.04.11 16:01:29.869,0.82291,0.82299,1.87,1.00
2017.04.11 16:01:30.374,0.82292,0.823,1.12,1.00
2017.04.11 16:01:31.002,0.82292,0.823,1.37,1.00
2017.04.11 16:01:31.735,0.82292,0.82301,1.37,1.50
2017.04.11 16:01:31.836,0.82291,0.823,1.12,3.37
2017.04.11 16:01:31.988,0.82291,0.823,1.12,2.25
2017.04.11 16:01:32.506,0.82291,0.823,1.87,1.00
2017.04.11 16:01:33.112,0.82293,0.823,1.00,1.75
2017.04.11 16:01:33.164,0.82293,0.823,1.12,1.00
2017.04.11 16:01:33.265,0.82293,0.82302,1.00,1.12
2017.04.11 16:01:34.248,0.82294,0.82302,1.00,1.50
2017.04.11 16:01:34.854,0.82294,0.82303,1.00,5.25
2017.04.11 16:01:35.298,0.82292,0.82301,1.12,1.00
2017.04.11 16:01:35.349,0.82291,0.82299,1.00,1.50
2017.04.11 16:01:35.694,0.8229,0.82297,1.00,1.00
2017.04.11 16:01:35.997,0.82287,0.82296,1.87,1.87
2017.04.11 16:01:36.581,0.82287,0.82294,1.00,1.12
2017.04.11 16:01:36.998,0.82285,0.82294,1.00,1.12
2017.04.11 16:01:37.521,0.82285,0.82293,1.00,1.00
2017.04.11 16:01:37.774,0.82284,0.82291,1.00,1.00
2017.04.11 16:01:38.115,0.82281,0.82288,1.00,1.87
2017.04.11 16:01:38.469,0.8228,0.82288,1.37,1.87
2017.04.11 16:01:38.772,0.82279,0.82288,1.00,3.75
2017.04.11 16:01:39.285,0.82277,0.82284,1.55,1.00
2017.04.11 16:01:39.589,0.82276,0.82285,4.55,1.87
2017.04.11 16:01:39.843,0.8228,0.82289,1.55,3.37
2017.04.11 16:01:39.944,0.8228,0.82289,2.30,1.12
2017.04.11 16:01:40.781,0.82281,0.82291,1.55,1.87
2017.04.11 16:01:41.337,0.82281,0.8229,2.25,1.37
2017.04.11 16:01:41.843,0.82281,0.8229,1.87,1.12
2017.04.11 16:01:42.295,0.82282,0.82291,2.73,1.00
2017.04.11 16:01:42.856,0.82284,0.82291,2.35,1.00
2017.04.11 16:01:43.160,0.82284,0.82293,1.12,1.50
2017.04.11 16:01:43.491,0.82282,0.82292,2.25,1.50
2017.04.11 16:01:43.645,0.82282,0.82292,2.62,1.12
2017.04.11 16:01:43.899,0.82282,0.82292,2.62,1.00
2017.04.11 16:01:44.210,0.82284,0.82293,1.50,1.50
2017.04.11 16:01:44.715,0.82285,0.82293,1.00,1.12
2017.04.11 16:01:44.969,0.82288,0.82298,1.00,3.75
2017.04.11 16:01:45.509,0.82287,0.82297,1.87,1.37
2017.04.11 16:01:45.920,0.82286,0.82296,1.87,3.37
2017.04.11 16:01:46.438,0.82287,0.82295,1.12,1.37
2017.04.11 16:01:46.772,0.82289,0.82297,1.00,3.00
2017.04.11 16:01:47.547,0.82289,0.82297,1.00,1.87
2017.04.11 16:01:47.598,0.82287,0.82297,1.12,4.12
2017.04.11 16:01:47.700,0.82287,0.82295,1.00,1.37
2017.04.11 16:01:48.219,0.82286,0.82295,1.12,1.37
2017.04.11 16:01:48.565,0.82284,0.82293,1.12,1.50
2017.04.11 16:01:49.101,0.82283,0.82292,1.12,1.12
2017.04.11 16:01:49.253,0.82281,0.82291,5.25,2.62
2017.04.11 16:01:49.304,0.82281,0.82289,1.87,1.50
2017.04.11 16:01:49.809,0.82281,0.82289,1.00,1.50
2017.04.11 16:01:50.269,0.82279,0.82288,1.00,1.00
2017.04.11 16:01:50.774,0.82278,0.82288,1.12,1.50
2017.04.11 16:01:51.078,0.8228,0.82287,1.00,1.12
2017.04.11 16:01:51.607,0.8228,0.82288,1.00,1.87
2017.04.11 16:01:52.116,0.8228,0.82289,2.25,1.00
2017.04.11 16:01:52.217,0.82282,0.82291,1.12,1.87
2017.04.11 16:01:52.571,0.82281,0.82291,3.00,2.62
2017.04.11 16:01:52.774,0.82281,0.82291,3.00,2.25
2017.04.11 16:01:53.111,0.82284,0.82291,1.00,1.00
2017.04.11 16:01:53.416,0.82281,0.82288,1.00,1.50
2017.04.11 16:01:53.467,0.82278,0.82288,1.87,1.50
2017.04.11 16:01:53.972,0.82278,0.82286,1.50,1.12
2017.04.11 16:01:55.104,0.82278,0.82285,1.00,1.00
2017.04.11 16:01:55.626,0.82278,0.82287,1.12,1.50
2017.04.11 16:01:55.770,0.82279,0.82287,1.37,1.12
2017.04.11 16:01:55.821,0.82281,0.82289,1.00,1.87
2017.04.11 16:01:56.334,0.82281,0.8229,2.25,1.37
2017.04.11 16:01:56.435,0.82283,0.82291,1.00,1.00
2017.04.11 16:01:57.297,0.82283,0.82289,1.00,1.00
2017.04.11 16:01:57.803,0.82282,0.8229,1.00,1.50
2017.04.11 16:01:58.461,0.8228,0.82288,3.00,1.00
2017.04.11 16:01:58.800,0.82276,0.82285,1.50,1.37
2017.04.11 16:01:58.903,0.82276,0.82285,1.12,1.50
2017.04.11 16:01:59.106,0.82276,0.82284,1.00,2.25
2017.04.11 16:01:59.620,0.82275,0.82284,1.50,3.37
2017.04.11 16:01:59.947,0.82277,0.82283,1.00,1.12
2017.04.11 16:01:59.999,0.82275,0.82283,1.12,1.12
2017.04.11 16:02:00.516,0.82276,0.82283,1.00,1.12
2017.04.11 16:02:01.365,0.82276,0.82286,3.37,3.37
2017.04.11 16:02:01.416,0.82278,0.82286,1.00,2.62
2017.04.11 16:02:01.721,0.8228,0.82289,1.50,3.75
2017.04.11 16:02:01.822,0.82281,0.8229,1.00,4.12
2017.04.11 16:02:02.812,0.82281,0.82289,1.00,3.00
2017.04.11 16:02:03.520,0.82281,0.82289,1.00,1.50
2017.04.11 16:02:04.266,0.82281,0.82288,1.00,1.50
2017.04.11 16:02:05.356,0.8228,0.82289,1.00,2.62
2017.04.11 16:02:05.457,0.8228,0.8229,1.00,2.25
2017.04.11 16:02:05.994,0.82281,0.8229,1.12,3.00
2017.04.11 16:02:06.284,0.82283,0.82291,1.00,3.75
2017.04.11 16:02:06.436,0.82283,0.82291,1.37,1.12
2017.04.11 16:02:06.942,0.82283,0.82291,1.00,1.87
2017.04.11 16:02:07.246,0.82283,0.8229,1.00,2.62
2017.04.11 16:02:07.347,0.82282,0.82291,1.00,2.62
2017.04.11 16:02:07.698,0.82282,0.82289,1.00,1.00
2017.04.11 16:02:08.206,0.82281,0.82289,1.00,1.50
2017.04.11 16:02:08.762,0.82281,0.82288,1.12,1.00
2017.04.11 16:02:09.311,0.82282,0.8229,1.12,1.12
2017.04.11 16:02:09.835,0.82281,0.8229,1.00,1.87
2017.04.11 16:02:10.000,0.8228,0.82288,1.50,1.00
2017.04.11 16:02:10.537,0.82282,0.82289,1.00,4.12
2017.04.11 16:02:10.812,0.8228,0.82289,2.25,1.00
2017.04.11 16:02:10.863,0.8228,0.82289,1.50,3.37
2017.04.11 16:02:10.965,0.8228,0.82289,1.87,1.00
2017.04.11 16:02:11.231,0.82281,0.8229,2.73,2.62
2017.04.11 16:02:11.383,0.82283,0.82291,1.00,1.50
2017.04.11 16:02:11.888,0.82283,0.82293,1.00,2.25
2017.04.11 16:02:12.417,0.82284,0.82293,1.00,2.25
2017.04.11 16:02:13.012,0.82285,0.82294,2.35,3.75
2017.04.11 16:02:13.242,0.82286,0.82294,1.37,1.00
2017.04.11 16:02:13.394,0.82286,0.82296,2.62,1.50
2017.04.11 16:02:13.911,0.82287,0.82295,1.12,1.00
2017.04.11 16:02:14.442,0.82288,0.82295,1.12,1.00
2017.04.11 16:02:14.997,0.82288,0.82295,1.12,1.50
2017.04.11 16:02:15.503,0.82287,0.82295,1.00,2.25
2017.04.11 16:02:15.655,0.82285,0.82293,1.12,1.12
2017.04.11 16:02:16.866,0.82285,0.82291,1.00,2.62
2017.04.11 16:02:16.967,0.82285,0.82292,1.00,1.12
2017.04.11 16:02:17.442,0.82285,0.82292,1.00,3.75
2017.04.11 16:02:17.594,0.82285,0.82292,1.00,1.12
2017.04.11 16:02:20.182,0.82285,0.82292,1.00,3.37
2017.04.11 16:02:20.284,0.82285,0.82292,1.00,2.25
2017.04.11 16:02:20.473,0.82285,0.82292,1.00,4.12
2017.04.11 16:02:20.574,0.82285,0.82292,1.00,3.00
2017.04.11 16:02:20.675,0.82285,0.8229,1.00,1.00
2017.04.11 16:02:20.726,0.82283,0.82289,1.00,1.00
2017.04.11 16:02:21.131,0.82281,0.82288,1.00,1.00
2017.04.11 16:02:21.637,0.82281,0.82287,1.00,1.12
2017.04.11 16:02:22.552,0.82281,0.82287,1.00,2.25
2017.04.11 16:02:22.704,0.82281,0.82287,1.00,1.50
2017.04.11 16:02:23.310,0.82281,0.82286,1.00,1.00
2017.04.11 16:02:23.819,0.8228,0.82286,1.00,1.12
2017.04.11 16:02:24.022,0.82276,0.82284,3.00,1.00
2017.04.11 16:02:24.528,0.82276,0.82284,1.87,1.50
2017.04.11 16:02:25.082,0.82275,0.82283,2.62,4.12
2017.04.11 16:02:25.743,0.82279,0.82283,1.00,2.62
2017.04.11 16:02:25.794,0.82279,0.82283,1.00,1.00
2017.04.11 16:02:26.306,0.82278,0.82283,1.12,1.00
2017.04.11 16:02:26.724,0.82274,0.82282,1.37,1.00
2017.04.11 16:02:26.876,0.82274,0.82282,1.37,3.37
2017.04.11 16:02:27.321,0.82276,0.82282,1.37,2.62
2017.04.11 16:02:27.372,0.82276,0.82282,1.87,1.00
2017.04.11 16:02:28.519,0.82275,0.82282,1.00,1.00
2017.04.11 16:02:29.034,0.82274,0.82282,1.50,1.50
2017.04.11 16:02:29.565,0.82275,0.82281,1.00,3.00
2017.04.11 16:02:29.717,0.82275,0.82281,1.00,1.00
2017.04.11 16:02:29.951,0.82275,0.82281,1.87,1.00
2017.04.11 16:02:30.456,0.82275,0.82282,1.75,1.12
2017.04.11 16:02:30.969,0.82275,0.82282,1.75,2.25
2017.04.11 16:02:31.475,0.82278,0.82282,1.00,1.00
2017.04.11 16:02:31.994,0.82276,0.82282,1.50,1.00
2017.04.11 16:02:32.506,0.82275,0.82282,1.87,1.50
2017.04.11 16:02:33.092,0.82275,0.82281,1.87,3.37
2017.04.11 16:02:33.280,0.82273,0.82281,2.62,3.37
2017.04.11 16:02:33.785,0.82273,0.8228,1.87,1.00
2017.04.11 16:02:34.389,0.82276,0.82282,1.00,3.37
2017.04.11 16:02:34.591,0.82276,0.82283,1.50,2.25
2017.04.11 16:02:35.127,0.82276,0.82283,1.50,4.12
2017.04.11 16:02:35.634,0.82276,0.82282,1.75,1.50
2017.04.11 16:02:35.984,0.82275,0.82281,1.50,3.37
2017.04.11 16:02:36.136,0.82274,0.82281,1.42,3.37
2017.04.11 16:02:36.441,0.82274,0.82283,1.12,4.87
2017.04.11 16:02:36.594,0.82274,0.82283,1.12,2.25
2017.04.11 16:02:36.695,0.82274,0.82283,1.12,4.12
2017.04.11 16:02:38.503,0.82274,0.82283,1.00,3.75
2017.04.11 16:02:40.493,0.82274,0.82281,1.00,2.25
2017.04.11 16:02:40.645,0.82274,0.82282,1.00,2.25
2017.04.11 16:02:42.075,0.82274,0.82279,1.12,1.00
2017.04.11 16:02:42.125,0.82274,0.82283,1.12,1.12
2017.04.11 16:02:42.941,0.82274,0.82282,1.12,1.00
2017.04.11 16:02:43.049,0.82276,0.82282,1.00,1.00
2017.04.11 16:02:43.239,0.82279,0.82287,1.00,1.37
2017.04.11 16:02:43.542,0.82279,0.82285,1.04,2.62
2017.04.11 16:02:43.644,0.82279,0.82288,1.04,4.87
2017.04.11 16:02:43.970,0.82277,0.82286,1.00,2.17
2017.04.11 16:02:44.020,0.82277,0.82286,1.00,4.42
2017.04.11 16:02:44.323,0.82278,0.82287,1.87,1.42
2017.04.11 16:02:44.626,0.82278,0.82285,1.12,2.62
2017.04.11 16:02:44.728,0.82278,0.82287,1.12,1.79
2017.04.11 16:02:45.363,0.82278,0.82287,1.37,1.79
2017.04.11 16:02:45.515,0.82277,0.82285,1.00,1.04
2017.04.11 16:02:46.221,0.82276,0.82285,1.37,1.79
2017.04.11 16:02:46.322,0.82274,0.82283,2.25,1.00
2017.04.11 16:02:46.869,0.82273,0.82282,1.12,1.12
2017.04.11 16:02:47.408,0.82273,0.82282,1.37,1.12
2017.04.11 16:02:48.097,0.82273,0.82283,1.37,3.00
2017.04.11 16:02:48.198,0.82278,0.82282,1.00,1.00
2017.04.11 16:02:48.249,0.82278,0.82285,1.00,1.50
2017.04.11 16:02:49.294,0.82278,0.82285,1.12,1.00
2017.04.11 16:02:49.829,0.82279,0.82286,1.00,1.00
2017.04.11 16:02:50.542,0.82277,0.82286,1.42,1.12
2017.04.11 16:02:51.639,0.82277,0.82286,1.42,3.37
2017.04.11 16:02:51.741,0.82278,0.82287,1.12,1.87
2017.04.11 16:02:52.233,0.82278,0.82284,1.12,1.00
2017.04.11 16:02:52.334,0.82278,0.82287,1.12,2.62
2017.04.11 16:02:52.436,0.82278,0.82284,1.12,1.00
2017.04.11 16:02:52.537,0.82278,0.82286,1.12,1.00
2017.04.11 16:02:53.051,0.82278,0.82287,1.12,2.25
2017.04.11 16:02:53.579,0.82278,0.82287,1.37,3.00
2017.04.11 16:02:54.109,0.82282,0.82287,1.00,1.00
2017.04.11 16:02:54.513,0.8228,0.82288,1.00,1.37
2017.04.11 16:02:54.732,0.82281,0.8229,1.50,2.25
2017.04.11 16:02:55.263,0.82281,0.8229,1.50,1.87
2017.04.11 16:02:56.002,0.82282,0.8229,1.00,1.12
2017.04.11 16:02:56.833,0.82281,0.82289,1.00,2.25
2017.04.11 16:02:57.382,0.8228,0.82287,1.00,1.00
2017.04.11 16:02:58.389,0.8228,0.82289,1.50,1.50
2017.04.11 16:02:58.927,0.82281,0.82288,1.00,2.25
2017.04.11 16:03:00.869,0.8228,0.82288,1.00,2.25
2017.04.11 16:03:04.054,0.82281,0.82288,1.00,3.00
2017.04.11 16:03:04.625,0.82278,0.82285,2.62,1.00
2017.04.11 16:03:08.171,0.82277,0.82284,1.00,1.00
2017.04.11 16:03:08.272,0.82275,0.82283,1.00,1.00
2017.04.11 16:03:08.787,0.82274,0.82282,1.12,1.00
2017.04.11 16:03:09.304,0.82274,0.82281,1.12,1.00
2017.04.11 16:03:09.773,0.82274,0.82281,1.12,3.37
2017.04.11 16:03:09.875,0.82274,0.82281,1.12,1.00
2017.04.11 16:03:11.367,0.82274,0.82279,1.00,1.00
2017.04.11 16:03:11.468,0.82274,0.82281,1.00,1.00
2017.04.11 16:03:11.850,0.82274,0.82281,1.00,3.00
2017.04.11 16:03:12.002,0.82274,0.82281,1.00,1.12
2017.04.11 16:03:12.458,0.82273,0.82281,1.37,2.25
2017.04.11 16:03:12.610,0.82273,0.82282,1.37,1.87
2017.04.11 16:03:13.248,0.82273,0.82282,1.37,2.25
2017.04.11 16:03:13.773,0.82273,0.82282,1.37,2.25
2017.04.11 16:03:14.286,0.82273,0.82281,1.50,1.12
2017.04.11 16:03:14.795,0.82273,0.82282,1.75,2.25
2017.04.11 16:03:15.225,0.82273,0.82282,1.12,2.25
2017.04.11 16:03:15.401,0.82273,0.82281,1.00,2.62
2017.04.11 16:03:16.095,0.82272,0.82282,1.29,4.12
2017.04.11 16:03:16.196,0.82272,0.82282,1.29,6.37
2017.04.11 16:03:16.702,0.82272,0.82281,1.29,3.37
2017.04.11 16:03:17.548,0.82271,0.8228,1.50,1.50
2017.04.11 16:03:18.092,0.82271,0.82278,1.12,1.00
2017.04.11 16:03:18.194,0.82269,0.82276,1.87,1.00
2017.04.11 16:03:18.741,0.82269,0.82277,1.00,1.00
2017.04.11 16:03:19.251,0.82268,0.82277,1.79,1.00
2017.04.11 16:03:19.783,0.82268,0.82278,1.42,2.25
2017.04.11 16:03:20.091,0.82268,0.82276,1.29,1.37
2017.04.11 16:03:20.601,0.82268,0.82277,1.00,2.62
2017.04.11 16:03:20.906,0.82268,0.82274,1.00,1.00
2017.04.11 16:03:21.206,0.82268,0.82277,1.00,2.25
2017.04.11 16:03:21.729,0.82268,0.82277,1.29,1.12
2017.04.11 16:03:22.245,0.82268,0.82277,1.00,1.12
2017.04.11 16:03:22.295,0.82268,0.82276,1.00,2.62
2017.04.11 16:03:22.837,0.82268,0.82277,1.00,4.50
2017.04.11 16:03:23.090,0.82268,0.82277,1.00,1.87
2017.04.11 16:03:23.799,0.82268,0.82276,1.00,2.62
2017.04.11 16:03:23.900,0.82268,0.82277,1.00,2.25
2017.04.11 16:03:24.898,0.82268,0.82276,1.12,2.62
2017.04.11 16:03:24.999,0.82268,0.82277,1.12,1.87
2017.04.11 16:03:25.385,0.82267,0.82275,1.87,1.00
2017.04.11 16:03:25.688,0.82266,0.82273,1.00,1.00
2017.04.11 16:03:26.561,0.82264,0.82273,1.87,1.50
2017.04.11 16:03:27.003,0.82267,0.82275,1.00,1.87
2017.04.11 16:03:27.306,0.82268,0.82277,1.12,1.50
2017.04.11 16:03:27.538,0.82268,0.82277,1.00,4.12
2017.04.11 16:03:27.589,0.82268,0.82277,1.37,2.25
2017.04.11 16:03:27.992,0.82268,0.82277,1.12,4.87
2017.04.11 16:03:28.195,0.82267,0.82277,2.25,1.87
2017.04.11 16:03:28.705,0.82267,0.82277,1.87,4.12
2017.04.11 16:03:28.807,0.82267,0.82277,2.25,1.87
2017.04.11 16:03:29.079,0.82269,0.82276,1.00,1.00
2017.04.11 16:03:29.513,0.82269,0.82276,1.00,3.37
2017.04.11 16:03:29.614,0.82269,0.82276,1.00,1.00
2017.04.11 16:03:30.227,0.82269,0.82276,1.00,1.50
2017.04.11 16:03:32.496,0.82269,0.82276,1.00,1.00
2017.04.11 16:03:32.823,0.82267,0.82272,1.50,1.00
2017.04.11 16:03:33.025,0.82261,0.8227,5.62,1.12
2017.04.11 16:03:33.127,0.82261,0.8227,1.12,1.12
2017.04.11 16:03:33.662,0.82261,0.82271,1.12,7.50
2017.04.11 16:03:33.714,0.82262,0.82271,1.00,3.37
2017.04.11 16:03:34.219,0.82261,0.82271,1.87,1.50
2017.04.11 16:03:34.926,0.82261,0.82271,3.00,1.50
2017.04.11 16:03:35.081,0.82262,0.82269,1.00,1.00
2017.04.11 16:03:35.535,0.82262,0.82271,1.00,1.87
2017.04.11 16:03:36.144,0.82261,0.82271,2.25,1.12
2017.04.11 16:03:37.072,0.82264,0.82271,1.00,1.12
2017.04.11 16:03:37.578,0.82262,0.82272,1.87,2.25
2017.04.11 16:03:38.128,0.82262,0.82272,1.87,2.62
2017.04.11 16:03:38.666,0.82263,0.82272,1.00,3.00
2017.04.11 16:03:38.992,0.82263,0.82272,1.00,4.87
2017.04.11 16:03:39.359,0.82266,0.82274,1.50,1.37
2017.04.11 16:03:39.411,0.82266,0.82275,1.50,1.12
2017.04.11 16:03:39.917,0.82266,0.82275,2.25,1.12
2017.04.11 16:03:40.591,0.82266,0.82276,1.50,4.87
2017.04.11 16:03:40.961,0.82265,0.82274,1.00,3.75
2017.04.11 16:03:41.112,0.82263,0.82272,2.25,1.50
2017.04.11 16:03:41.467,0.82262,0.82271,1.00,2.62
2017.04.11 16:03:41.568,0.82262,0.82271,1.00,1.00
2017.04.11 16:03:41.619,0.82262,0.82271,1.00,4.12
2017.04.11 16:03:41.721,0.82262,0.82271,1.12,1.12
2017.04.11 16:03:42.226,0.82262,0.8227,1.12,1.00
2017.04.11 16:03:43.213,0.82263,0.8227,1.00,1.00
2017.04.11 16:03:44.215,0.82262,0.82271,1.87,1.12
2017.04.11 16:03:44.266,0.82264,0.82271,1.00,1.12
2017.04.11 16:03:44.502,0.82266,0.82275,1.50,1.50
2017.04.11 16:03:45.064,0.82267,0.82275,1.12,1.12
2017.04.11 16:03:45.611,0.82266,0.82276,7.50,2.25
2017.04.11 16:03:46.257,0.82266,0.82276,6.00,2.25
2017.04.11 16:03:46.560,0.82265,0.82274,1.00,1.12
2017.04.11 16:03:47.066,0.82264,0.82273,1.12,1.50
2017.04.11 16:03:47.219,0.82263,0.82273,3.00,2.62
2017.04.11 16:03:47.534,0.82265,0.82273,1.00,1.00
2017.04.11 16:03:49.355,0.82266,0.82273,1.37,1.00
2017.04.11 16:03:49.881,0.82266,0.82274,2.25,1.50
2017.04.11 16:03:50.725,0.82266,0.82274,1.12,1.50
2017.04.11 16:03:51.138,0.82264,0.82273,2.25,1.12
2017.04.11 16:03:52.059,0.82265,0.82273,1.00,1.50
2017.04.11 16:03:54.768,0.82265,0.82274,2.25,1.50
2017.04.11 16:03:55.424,0.82266,0.82274,1.12,1.50
2017.04.11 16:03:56.284,0.82267,0.82274,1.00,1.12
2017.04.11 16:03:56.452,0.8227,0.82274,1.00,1.12
2017.04.11 16:03:56.503,0.8227,0.82277,1.12,1.00
2017.04.11 16:03:57.369,0.82269,0.82278,2.25,1.50
2017.04.11 16:03:58.251,0.82269,0.82278,2.25,1.00
2017.04.11 16:03:58.453,0.82269,0.82278,2.17,3.37
2017.04.11 16:03:58.554,0.82269,0.82278,2.92,1.12
2017.04.11 16:03:59.074,0.82274,0.82279,1.00,5.25
2017.04.11 16:03:59.126,0.82272,0.82279,2.25,4.50
2017.04.11 16:03:59.177,0.82272,0.82279,2.25,1.00
2017.04.11 16:03:59.278,0.82272,0.82281,3.37,1.00
2017.04.11 16:03:59.582,0.82272,0.82278,1.00,1.00
2017.04.11 16:04:00.102,0.82269,0.82277,1.00,1.00
2017.04.11 16:04:00.406,0.82269,0.82277,3.67,1.00
2017.04.11 16:04:00.911,0.82271,0.82277,1.37,1.00
2017.04.11 16:04:01.280,0.82271,0.8228,1.04,2.62
2017.04.11 16:04:01.511,0.82273,0.8228,1.00,1.50
2017.04.11 16:04:02.017,0.82271,0.8228,2.62,1.12
2017.04.11 16:04:02.523,0.82273,0.8228,1.42,1.00
2017.04.11 16:04:02.625,0.82273,0.82282,1.42,1.00
2017.04.11 16:04:03.350,0.82273,0.82282,3.29,1.12
2017.04.11 16:04:04.212,0.82273,0.82283,5.17,2.25
2017.04.11 16:04:04.904,0.82273,0.82282,3.67,1.00
2017.04.11 16:04:05.411,0.82274,0.82283,1.42,2.25
2017.04.11 16:04:05.955,0.82278,0.82285,1.00,1.50
2017.04.11 16:04:06.613,0.82279,0.82285,1.04,1.00
2017.04.11 16:04:06.664,0.82279,0.82288,1.79,3.37
2017.04.11 16:04:06.806,0.82281,0.82288,1.12,1.12
2017.04.11 16:04:07.337,0.82281,0.8229,1.87,1.50
2017.04.11 16:04:07.849,0.82282,0.8229,1.00,1.50
2017.04.11 16:04:08.354,0.82282,0.8229,1.00,1.50
2017.04.11 16:04:08.890,0.82281,0.8229,1.00,1.50
2017.04.11 16:04:09.796,0.8228,0.8229,2.25,1.87
2017.04.11 16:04:10.100,0.8228,0.82287,1.00,1.50
2017.04.11 16:04:10.302,0.82278,0.82287,1.00,1.50
2017.04.11 16:04:11.701,0.82279,0.82287,1.12,1.00
2017.04.11 16:04:12.475,0.82278,0.82287,1.12,1.12
2017.04.11 16:04:12.627,0.82278,0.82287,1.00,2.25
2017.04.11 16:04:12.729,0.82278,0.82287,1.00,1.50
2017.04.11 16:04:13.126,0.82279,0.82288,1.37,1.12
2017.04.11 16:04:13.649,0.82279,0.82288,1.50,1.37
2017.04.11 16:04:13.994,0.82277,0.82286,1.00,1.87
2017.04.11 16:04:14.196,0.82277,0.82284,1.00,1.00
2017.04.11 16:04:14.348,0.82275,0.82284,2.25,1.37
2017.04.11 16:04:14.702,0.82275,0.82285,4.12,3.00
2017.04.11 16:04:15.040,0.82275,0.82283,1.12,1.00
2017.04.11 16:04:15.547,0.82275,0.82283,1.00,1.50
2017.04.11 16:04:16.098,0.82276,0.82283,1.00,1.87
2017.04.11 16:04:17.137,0.82274,0.82283,1.12,2.25
2017.04.11 16:04:17.593,0.82276,0.82283,1.00,1.12
2017.04.11 16:04:18.099,0.82276,0.82285,1.12,3.37
2017.04.11 16:04:18.403,0.82278,0.82285,1.12,1.37
2017.04.11 16:04:18.873,0.82276,0.82284,1.00,1.12
2017.04.11 16:04:19.396,0.82276,0.82284,1.12,1.37
2017.04.11 16:04:19.919,0.82275,0.82284,1.87,1.12
2017.04.11 16:04:20.431,0.82275,0.82284,3.75,1.12
2017.04.11 16:04:21.103,0.82275,0.82284,3.75,1.12
2017.04.11 16:04:21.711,0.82276,0.82283,1.50,1.00
2017.04.11 16:04:22.425,0.82277,0.82285,1.50,3.00
2017.04.11 16:04:22.476,0.82279,0.82285,1.00,3.00
2017.04.11 16:04:22.628,0.8228,0.82289,2.62,1.50
2017.04.11 16:04:23.141,0.8228,0.82289,3.00,1.50
2017.04.11 16:04:23.668,0.82282,0.82289,1.00,1.00
2017.04.11 16:04:24.204,0.82282,0.82291,1.00,2.25
2017.04.11 16:04:24.751,0.8228,0.82289,1.00,3.75
2017.04.11 16:04:24.802,0.8228,0.82289,1.00,1.50
2017.04.11 16:04:25.320,0.8228,0.82288,1.12,1.12
2017.04.11 16:04:25.832,0.8228,0.82289,1.00,1.12
2017.04.11 16:04:25.984,0.82279,0.82288,1.12,1.37
2017.04.11 16:04:26.287,0.82278,0.82286,2.62,1.87
2017.04.11 16:04:26.468,0.82278,0.82286,1.00,1.87
2017.04.11 16:04:26.519,0.8228,0.82287,1.12,1.00
2017.04.11 16:04:27.027,0.82281,0.82288,1.00,1.12
2017.04.11 16:04:28.074,0.82282,0.8229,1.00,1.12
2017.04.11 16:04:28.630,0.82283,0.8229,1.00,2.25
2017.04.11 16:04:29.347,0.82283,0.82291,1.00,1.00
2017.04.11 16:04:29.600,0.82281,0.8229,1.00,2.25
2017.04.11 16:04:29.702,0.82281,0.82289,1.00,2.62
2017.04.11 16:04:29.803,0.82281,0.82289,1.00,2.25
2017.04.11 16:04:30.308,0.82279,0.82288,2.25,1.50
2017.04.11 16:04:30.510,0.82278,0.82285,1.00,1.00
2017.04.11 16:04:31.075,0.82279,0.82285,1.00,1.00
2017.04.11 16:04:31.521,0.82276,0.82285,2.62,1.87
2017.04.11 16:04:32.027,0.82276,0.82285,1.00,2.25
2017.04.11 16:04:32.667,0.82276,0.82285,1.00,3.00
2017.04.11 16:04:32.920,0.82275,0.82282,1.00,1.00
2017.04.11 16:04:35.010,0.82274,0.82282,1.87,1.00
2017.04.11 16:04:35.415,0.82276,0.82282,1.00,1.50
2017.04.11 16:04:35.847,0.82273,0.82282,1.87,2.25
2017.04.11 16:04:36.358,0.82273,0.82282,2.38,3.00
2017.04.11 16:04:36.949,0.82274,0.82282,1.00,2.25
2017.04.11 16:04:37.470,0.82275,0.82282,1.00,1.50
2017.04.11 16:04:37.803,0.82277,0.82284,1.12,1.50
2017.04.11 16:04:37.955,0.82278,0.82285,1.12,1.00
2017.04.11 16:04:38.097,0.8228,0.82285,1.00,1.00
2017.04.11 16:04:38.148,0.8228,0.82288,1.50,1.37
2017.04.11 16:04:38.452,0.8228,0.8229,1.50,3.00
2017.04.11 16:04:39.426,0.82282,0.82289,1.00,1.12
2017.04.11 16:04:39.528,0.8228,0.82288,1.50,2.62
2017.04.11 16:04:39.629,0.8228,0.82289,1.50,1.50
2017.04.11 16:04:40.222,0.8228,0.82289,1.50,1.87
2017.04.11 16:04:40.669,0.82279,0.82287,1.00,1.12
2017.04.11 16:04:41.076,0.82277,0.82285,2.25,1.87
2017.04.11 16:04:41.380,0.82276,0.82283,1.00,2.62
2017.04.11 16:04:41.916,0.82276,0.82283,1.00,2.25
2017.04.11 16:04:42.856,0.82276,0.82282,1.00,2.62
2017.04.11 16:04:43.159,0.82276,0.8228,1.00,1.00
2017.04.11 16:04:44.392,0.82271,0.82278,1.00,1.12
2017.04.11 16:04:44.922,0.82271,0.82277,1.00,1.00
2017.04.11 16:04:45.929,0.82272,0.82277,1.00,1.00
2017.04.11 16:04:46.442,0.82272,0.82278,1.00,2.25
2017.04.11 16:04:49.593,0.82272,0.82276,1.00,1.00
2017.04.11 16:04:49.644,0.8227,0.82275,1.00,1.00
2017.04.11 16:04:49.695,0.82268,0.82275,2.62,1.00
2017.04.11 16:04:50.202,0.82267,0.82275,3.00,1.50
2017.04.11 16:04:50.737,0.82267,0.82275,3.37,1.87
2017.04.11 16:04:51.242,0.82267,0.82275,3.00,1.50
2017.04.11 16:04:51.344,0.82269,0.82276,1.00,2.62
2017.04.11 16:04:51.647,0.82272,0.82279,1.50,3.00
2017.04.11 16:04:53.308,0.82269,0.82276,1.00,1.87
2017.04.11 16:04:53.410,0.82267,0.82275,1.87,1.37
2017.04.11 16:04:53.774,0.82267,0.82274,1.87,3.00
2017.04.11 16:04:53.897,0.82267,0.82274,1.87,1.00
2017.04.11 16:04:55.364,0.82269,0.82275,1.00,1.50
2017.04.11 16:04:55.465,0.82269,0.82276,1.00,2.25
2017.04.11 16:04:56.013,0.82267,0.82275,1.00,1.12
2017.04.11 16:04:56.064,0.82267,0.82275,1.00,3.75
2017.04.11 16:04:56.615,0.82267,0.82274,1.00,1.50
2017.04.11 16:04:59.534,0.82267,0.82275,1.50,1.50
2017.04.11 16:05:00.058,0.82267,0.82276,1.87,2.25
2017.04.11 16:05:00.607,0.82267,0.82275,1.12,1.12
2017.04.11 16:05:01.132,0.82267,0.82275,1.00,3.37
2017.04.11 16:05:01.662,0.82267,0.82275,1.50,1.00
2017.04.11 16:05:02.750,0.82268,0.82275,1.00,1.12
2017.04.11 16:05:02.953,0.82269,0.82278,1.87,2.62
2017.04.11 16:05:03.496,0.82271,0.82278,1.00,1.37
2017.04.11 16:05:04.002,0.8227,0.82278,1.00,1.37
2017.04.11 16:05:04.344,0.82273,0.82281,1.50,1.87
2017.04.11 16:05:05.077,0.82273,0.82281,1.50,2.25
2017.04.11 16:05:05.611,0.82273,0.82281,1.50,1.00
2017.04.11 16:05:06.572,0.82272,0.82281,1.12,1.87
2017.04.11 16:05:06.845,0.82272,0.82279,1.00,1.00
2017.04.11 16:05:07.352,0.82271,0.82279,2.25,1.00
2017.04.11 16:05:07.656,0.82273,0.82279,1.87,1.00
2017.04.11 16:05:08.425,0.82274,0.82279,1.00,1.00
2017.04.11 16:05:09.763,0.82274,0.82281,1.00,1.12
2017.04.11 16:05:10.938,0.82272,0.82281,1.50,1.00
2017.04.11 16:05:11.090,0.82272,0.82279,1.50,1.00
2017.04.11 16:05:12.251,0.82273,0.82279,1.00,1.00
2017.04.11 16:05:13.312,0.82272,0.82279,1.00,1.00
2017.04.11 16:05:15.139,0.8227,0.82279,2.25,1.50
2017.04.11 16:05:15.655,0.82273,0.8228,1.00,3.37
2017.04.11 16:05:16.168,0.82273,0.8228,1.00,1.50
2017.04.11 16:05:16.320,0.82274,0.82282,1.00,2.62
2017.04.11 16:05:16.875,0.82273,0.82281,1.50,1.00
2017.04.11 16:05:17.853,0.82272,0.82281,1.50,1.87
2017.04.11 16:05:18.722,0.82272,0.82281,1.50,1.87
2017.04.11 16:05:19.437,0.82272,0.82281,1.50,1.87
2017.04.11 16:05:20.597,0.82272,0.82281,1.12,2.25
2017.04.11 16:05:21.344,0.82273,0.82279,2.25,1.00
2017.04.11 16:05:22.385,0.82272,0.82279,3.67,1.00
2017.04.11 16:05:22.907,0.82272,0.8228,3.67,1.12
2017.04.11 16:05:23.637,0.82275,0.82279,1.42,1.00
2017.04.11 16:05:23.739,0.82272,0.82279,2.54,1.00
2017.04.11 16:05:23.790,0.8227,0.82279,4.79,2.62
2017.04.11 16:05:23.891,0.8227,0.82279,4.04,1.50
2017.04.11 16:05:23.942,0.82273,0.82279,2.54,1.50
2017.04.11 16:05:24.468,0.82273,0.82279,1.79,1.50
2017.04.11 16:05:24.974,0.82272,0.82279,1.79,1.00
2017.04.11 16:05:25.633,0.82273,0.82279,1.29,1.00
2017.04.11 16:05:28.734,0.82272,0.82279,1.79,1.00
2017.04.11 16:05:29.593,0.82272,0.82279,1.79,2.62
2017.04.11 16:05:30.106,0.82272,0.82279,1.79,1.00
2017.04.11 16:05:32.854,0.82272,0.82279,1.79,3.00
2017.04.11 16:05:33.158,0.82268,0.82275,1.04,2.62
2017.04.11 16:05:33.259,0.82267,0.82275,2.92,2.62
2017.04.11 16:05:33.792,0.82267,0.82275,2.92,2.62
2017.04.11 16:05:34.218,0.82271,0.82275,1.79,1.50
2017.04.11 16:05:34.269,0.82272,0.82277,1.79,2.25
2017.04.11 16:05:34.724,0.82272,0.82279,2.17,3.00
2017.04.11 16:05:34.826,0.82275,0.82279,1.79,1.00
2017.04.11 16:05:34.927,0.82274,0.82281,2.17,1.50
2017.04.11 16:05:35.670,0.82276,0.82282,1.00,1.50
2017.04.11 16:05:36.176,0.82276,0.82282,1.00,1.50
2017.04.11 16:05:36.759,0.82275,0.82282,1.00,1.50
2017.04.11 16:05:36.920,0.82272,0.8228,3.75,1.50
2017.04.11 16:05:37.039,0.82271,0.8228,1.37,2.25
2017.04.11 16:05:37.544,0.82271,0.8228,1.12,1.87
2017.04.11 16:05:38.056,0.8227,0.82279,2.25,1.00
2017.04.11 16:05:38.563,0.82271,0.8228,1.50,1.87
2017.04.11 16:05:40.265,0.82274,0.82281,1.00,1.50
2017.04.11 16:05:40.770,0.82273,0.8228,1.00,1.87
2017.04.11 16:05:41.129,0.82271,0.82279,1.00,2.25
2017.04.11 16:05:41.638,0.82271,0.82279,4.12,1.50
2017.04.11 16:05:42.172,0.82271,0.82278,4.50,1.00
2017.04.11 16:05:42.802,0.82272,0.82279,1.00,1.00
2017.04.11 16:05:44.253,0.82272,0.82281,1.00,2.62
2017.04.11 16:05:44.507,0.82276,0.82283,1.00,2.25
2017.04.11 16:05:45.240,0.82276,0.82283,1.12,1.00
2017.04.11 16:05:45.442,0.82278,0.82286,1.00,1.00
2017.04.11 16:05:45.944,0.8228,0.82287,1.00,1.87
2017.04.11 16:05:46.451,0.8228,0.82288,1.12,1.00
2017.04.11 16:05:48.566,0.8228,0.82288,1.00,1.87
2017.04.11 16:05:48.877,0.82289,0.82293,1.87,3.75
2017.04.11 16:05:48.928,0.8229,0.82294,2.25,1.00
2017.04.11 16:05:48.979,0.82291,0.82296,1.00,1.00
2017.04.11 16:05:49.233,0.82289,0.82296,1.50,1.00
2017.04.11 16:05:49.781,0.82289,0.82296,1.50,1.00
2017.04.11 16:05:50.331,0.82288,0.82296,3.96,1.12
2017.04.11 16:05:50.872,0.82288,0.82296,3.59,1.12
2017.04.11 16:05:50.923,0.82291,0.82298,2.84,1.50
2017.04.11 16:05:51.224,0.82294,0.823,1.34,2.62
2017.04.11 16:05:52.375,0.82294,0.823,1.34,1.50
2017.04.11 16:05:53.491,0.82294,0.82298,1.34,1.00
2017.04.11 16:05:53.542,0.82292,0.82297,1.34,1.00
2017.04.11 16:05:54.047,0.82288,0.82297,3.37,1.00
2017.04.11 16:05:54.560,0.82288,0.82297,1.50,1.50
2017.04.11 16:05:54.712,0.82287,0.82296,2.62,1.87
2017.04.11 16:05:55.034,0.82286,0.82295,1.87,1.12
2017.04.11 16:05:55.135,0.82285,0.82295,1.50,4.50
2017.04.11 16:05:55.539,0.82287,0.82295,1.00,2.62
2017.04.11 16:05:56.044,0.82287,0.82295,1.50,1.87
2017.04.11 16:05:56.546,0.82286,0.82295,1.00,1.87
2017.04.11 16:05:56.597,0.82285,0.82293,1.50,1.00
2017.04.11 16:05:56.699,0.82284,0.82292,1.00,1.12
2017.04.11 16:05:56.750,0.82284,0.82292,1.00,1.50
2017.04.11 16:05:57.338,0.82285,0.82292,1.00,1.75
2017.04.11 16:05:57.388,0.82285,0.82292,1.00,1.00
2017.04.11 16:05:57.949,0.82284,0.82293,1.50,1.12
2017.04.11 16:05:58.550,0.82285,0.82293,1.50,1.12
2017.04.11 16:05:59.004,0.82283,0.82291,1.50,1.00
2017.04.11 16:05:59.661,0.82281,0.82289,2.25,1.12
2017.04.11 16:05:59.949,0.82281,0.82289,1.12,1.50
2017.04.11 16:06:00.610,0.82281,0.82289,1.37,1.87
2017.04.11 16:06:01.115,0.8228,0.8229,2.25,2.62
2017.04.11 16:06:02.158,0.82281,0.82288,1.37,1.12
2017.04.11 16:06:02.411,0.82281,0.8229,1.37,1.87
2017.04.11 16:06:04.445,0.82285,0.82292,1.12,3.00
2017.04.11 16:06:04.597,0.82285,0.82293,1.50,1.00
2017.04.11 16:06:05.102,0.82285,0.82294,1.50,1.87
2017.04.11 16:06:05.203,0.82288,0.82295,1.00,1.50
2017.04.11 16:06:05.776,0.82288,0.82295,1.00,1.37
2017.04.11 16:06:05.979,0.8229,0.82298,1.12,2.62
2017.04.11 16:06:06.130,0.82289,0.82298,4.31,1.87
2017.04.11 16:06:06.635,0.82291,0.82298,1.12,1.12
2017.04.11 16:06:07.163,0.82291,0.82297,1.00,1.00
2017.04.11 16:06:07.668,0.8229,0.82297,1.87,1.00
2017.04.11 16:06:08.214,0.82289,0.82297,1.87,3.00
2017.04.11 16:06:08.672,0.82291,0.82298,1.00,2.25
2017.04.11 16:06:09.699,0.8229,0.82297,1.00,1.12
2017.04.11 16:06:10.002,0.8229,0.82295,1.00,1.12
2017.04.11 16:06:10.413,0.82289,0.82295,1.50,3.00
2017.04.11 16:06:10.704,0.82288,0.82295,1.00,3.37
2017.04.11 16:06:11.226,0.82287,0.82293,1.12,1.12
2017.04.11 16:06:12.527,0.82288,0.82295,1.00,1.50
2017.04.11 16:06:13.034,0.82288,0.82295,1.37,1.12
2017.04.11 16:06:13.549,0.82288,0.82296,1.12,4.50
2017.04.11 16:06:13.791,0.82288,0.82296,1.12,2.25
2017.04.11 16:06:14.532,0.82287,0.82296,1.50,1.87
2017.04.11 16:06:15.061,0.82287,0.82296,1.50,1.87
2017.04.11 16:06:15.283,0.82287,0.82296,1.50,4.12
2017.04.11 16:06:17.157,0.82285,0.82292,2.25,1.50
2017.04.11 16:06:17.208,0.82284,0.82292,2.25,1.00
2017.04.11 16:06:17.512,0.82286,0.82294,1.37,1.00
2017.04.11 16:06:17.764,0.82288,0.82296,1.12,1.12
2017.04.11 16:06:18.068,0.82291,0.82297,1.00,1.50
2017.04.11 16:06:18.262,0.82291,0.82299,1.12,3.00
2017.04.11 16:06:18.414,0.8229,0.82297,1.50,1.12
2017.04.11 16:06:19.678,0.82289,0.82297,1.12,1.12
2017.04.11 16:06:20.058,0.82289,0.82297,1.87,1.12
2017.04.11 16:06:20.477,0.82291,0.82299,1.00,1.87
2017.04.11 16:06:20.831,0.82292,0.823,1.87,1.00
2017.04.11 16:06:21.157,0.82295,0.823,1.00,1.00
2017.04.11 16:06:22.410,0.82295,0.82301,1.00,2.62
2017.04.11 16:06:23.615,0.82295,0.82301,1.00,2.62
2017.04.11 16:06:23.886,0.82293,0.82301,1.00,3.00
2017.04.11 16:06:24.039,0.82293,0.82301,1.12,5.62
2017.04.11 16:06:24.191,0.82293,0.82301,1.12,3.75
2017.04.11 16:06:24.557,0.82293,0.82301,1.12,4.12
2017.04.11 16:06:24.861,0.82292,0.82299,1.00,3.75
2017.04.11 16:06:25.114,0.8229,0.82296,1.50,1.00
2017.04.11 16:06:25.630,0.8229,0.82297,1.50,2.62
2017.04.11 16:06:25.855,0.8229,0.82295,1.50,1.00
2017.04.11 16:06:26.411,0.82289,0.82295,1.87,1.00
2017.04.11 16:06:27.422,0.82289,0.82296,1.87,2.25
2017.04.11 16:06:27.725,0.82289,0.82296,1.50,4.12
2017.04.11 16:06:28.632,0.82289,0.82295,1.00,1.12
2017.04.11 16:06:28.936,0.82291,0.82296,1.00,2.25
2017.04.11 16:06:29.358,0.82289,0.82296,1.50,1.50
2017.04.11 16:06:29.863,0.82289,0.82295,1.00,1.00
2017.04.11 16:06:30.374,0.82288,0.82295,1.87,1.00
2017.04.11 16:06:33.230,0.82287,0.82295,1.50,1.00
2017.04.11 16:06:33.878,0.82288,0.82295,1.00,1.00
2017.04.11 16:06:34.091,0.82286,0.82294,1.50,1.50
2017.04.11 16:06:34.539,0.82288,0.82294,1.00,1.50
2017.04.11 16:06:35.055,0.82287,0.82294,1.87,1.50
2017.04.11 16:06:35.565,0.82287,0.82294,1.00,1.87
2017.04.11 16:06:37.376,0.82287,0.82294,1.87,1.12
2017.04.11 16:06:37.976,0.82288,0.82294,1.00,1.12
2017.04.11 16:06:39.109,0.82287,0.82294,1.87,1.00
2017.04.11 16:06:41.622,0.82287,0.82294,1.00,2.62
2017.04.11 16:06:41.900,0.82285,0.82292,1.87,1.00
2017.04.11 16:06:42.850,0.82285,0.82293,3.00,3.37
2017.04.11 16:06:42.901,0.82285,0.82293,3.00,3.37
2017.04.11 16:06:43.153,0.82287,0.82293,1.00,1.00
2017.04.11 16:06:43.657,0.82286,0.82293,1.87,1.12
2017.04.11 16:06:44.337,0.82285,0.82293,1.87,1.12
2017.04.11 16:06:44.438,0.82284,0.82292,2.25,1.00
2017.04.11 16:06:45.045,0.82284,0.82292,1.37,1.50
2017.04.11 16:06:45.821,0.82284,0.82292,1.00,1.12
2017.04.11 16:06:45.923,0.82283,0.8229,2.62,1.00
2017.04.11 16:06:46.427,0.82283,0.82291,2.25,1.00
2017.04.11 16:06:47.074,0.82282,0.82291,2.62,1.87
2017.04.11 16:06:47.379,0.82286,0.82293,1.00,2.62
2017.04.11 16:06:47.429,0.82286,0.82293,1.00,1.00
2017.04.11 16:06:47.935,0.82287,0.82293,1.00,1.00
2017.04.11 16:06:48.475,0.82287,0.82294,1.50,1.00
2017.04.11 16:06:49.496,0.82286,0.82294,3.00,1.37
2017.04.11 16:06:50.018,0.82285,0.82292,1.87,1.12
2017.04.11 16:06:50.908,0.82285,0.82294,1.50,3.37
2017.04.11 16:06:51.160,0.82285,0.82292,1.50,1.00
2017.04.11 16:06:52.209,0.82285,0.82293,1.50,1.50
2017.04.11 16:06:52.587,0.82284,0.82291,1.37,1.87
2017.04.11 16:06:52.841,0.82281,0.8229,1.50,3.00
2017.04.11 16:06:53.347,0.82282,0.82289,3.75,1.00
2017.04.11 16:06:54.209,0.82283,0.8229,1.00,1.50
2017.04.11 16:06:54.716,0.82284,0.8229,3.75,1.50
2017.04.11 16:06:54.868,0.82282,0.8229,1.12,1.87
2017.04.11 16:06:55.390,0.8228,0.82287,1.12,1.00
2017.04.11 16:06:55.693,0.8228,0.82289,1.50,1.50
2017.04.11 16:06:55.744,0.8228,0.82289,1.50,1.50
2017.04.11 16:06:55.845,0.8228,0.82289,2.25,1.50
2017.04.11 16:06:56.362,0.8228,0.82288,1.12,1.12
2017.04.11 16:06:56.878,0.82279,0.82288,4.87,1.87
2017.04.11 16:06:57.131,0.8228,0.82288,1.37,1.00
2017.04.11 16:06:57.586,0.8228,0.82289,1.12,4.50
2017.04.11 16:06:58.229,0.8228,0.82289,1.37,4.12
2017.04.11 16:06:58.736,0.82283,0.8229,1.00,1.50
2017.04.11 16:06:59.494,0.82282,0.8229,1.00,1.50
2017.04.11 16:06:59.876,0.82281,0.82288,1.00,1.50
2017.04.11 16:06:59.927,0.82279,0.82288,5.25,2.25
2017.04.11 16:07:00.434,0.82279,0.82287,5.25,1.12
2017.04.11 16:07:01.520,0.82278,0.82287,1.12,2.62
2017.04.11 16:07:01.723,0.82278,0.82287,1.12,5.62
2017.04.11 16:07:01.824,0.82278,0.82287,1.12,3.37
2017.04.11 16:07:02.338,0.82278,0.82286,1.12,2.62
2017.04.11 16:07:02.440,0.82278,0.82287,1.12,3.00
2017.04.11 16:07:02.642,0.82278,0.82286,1.12,2.62
2017.04.11 16:07:03.434,0.82278,0.82287,1.12,3.00
2017.04.11 16:07:03.859,0.8228,0.82287,1.00,1.12
2017.04.11 16:07:04.163,0.82282,0.82287,1.37,1.00
2017.04.11 16:07:04.316,0.8228,0.82287,1.37,1.00
2017.04.11 16:07:04.727,0.82282,0.82289,1.87,1.00
2017.04.11 16:07:04.779,0.82285,0.82289,1.00,1.00
2017.04.11 16:07:05.032,0.82286,0.82293,1.00,1.71
2017.04.11 16:07:05.564,0.82285,0.82293,1.87,1.28
2017.04.11 16:07:06.084,0.82286,0.82293,1.12,1.28
2017.04.11 16:07:06.730,0.82286,0.82294,1.00,1.71
2017.04.11 16:07:07.758,0.82285,0.82294,1.87,2.46
2017.04.11 16:07:07.910,0.82288,0.82294,1.00,1.37
2017.04.11 16:07:08.445,0.82287,0.82294,1.50,1.00
2017.04.11 16:07:08.749,0.82285,0.82292,1.50,1.00
2017.04.11 16:07:09.261,0.82285,0.82292,2.62,1.00
2017.04.11 16:07:10.262,0.82285,0.82292,1.50,1.00
2017.04.11 16:07:10.779,0.82286,0.82292,1.12,1.00
2017.04.11 16:07:11.822,0.82285,0.82292,1.87,1.00
2017.04.11 16:07:12.375,0.82284,0.82292,1.12,1.50
2017.04.11 16:07:12.678,0.8228,0.82289,1.37,2.62
2017.04.11 16:07:12.984,0.82278,0.82289,7.12,1.87
2017.04.11 16:07:13.035,0.82279,0.82287,4.87,1.00
2017.04.11 16:07:13.555,0.82279,0.82287,2.62,1.00
2017.04.11 16:07:13.965,0.8228,0.82287,1.37,1.00
2017.04.11 16:07:14.118,0.8228,0.82287,2.25,1.00
2017.04.11 16:07:14.320,0.8228,0.82287,2.25,1.00
2017.04.11 16:07:14.724,0.82279,0.82287,2.25,1.00
2017.04.11 16:07:15.232,0.8228,0.82287,1.12,1.00
2017.04.11 16:07:15.751,0.82279,0.82287,1.50,1.00
2017.04.11 16:07:16.257,0.82278,0.82287,1.12,4.12
2017.04.11 16:07:16.843,0.82279,0.82287,1.00,1.87
2017.04.11 16:07:17.652,0.82279,0.82287,1.87,1.00
2017.04.11 16:07:18.161,0.82279,0.82287,1.87,1.00
2017.04.11 16:07:19.340,0.82279,0.82287,1.37,2.62
2017.04.11 16:07:19.441,0.82278,0.82286,1.12,1.00
2017.04.11 16:07:20.332,0.82277,0.82286,1.87,2.25
2017.04.11 16:07:20.514,0.82277,0.82284,1.12,1.12
2017.04.11 16:07:21.037,0.82275,0.82284,5.68,1.87
2017.04.11 16:07:21.394,0.82275,0.82281,1.50,1.00
2017.04.11 16:07:21.942,0.82275,0.82281,1.12,1.00
2017.04.11 16:07:25.896,0.82274,0.82283,1.37,1.87
2017.04.11 16:07:26.534,0.82278,0.82285,1.00,3.37
2017.04.11 16:07:26.786,0.82278,0.82285,1.00,1.00
2017.04.11 16:07:27.533,0.82277,0.82287,1.12,3.37
2017.04.11 16:07:27.690,0.82276,0.82284,1.37,1.00
2017.04.11 16:07:27.937,0.82273,0.82282,4.87,1.00
2017.04.11 16:07:28.443,0.82276,0.82283,1.00,1.12
2017.04.11 16:07:28.595,0.82274,0.82284,4.87,1.87
2017.04.11 16:07:29.140,0.82274,0.82284,1.87,1.12
2017.04.11 16:07:29.645,0.82274,0.82283,1.00,1.00
2017.04.11 16:07:30.006,0.82277,0.82284,1.00,1.00
2017.04.11 16:07:30.108,0.82277,0.82286,1.12,1.12
2017.04.11 16:07:30.512,0.82279,0.82287,1.12,1.00
2017.04.11 16:07:30.613,0.82279,0.82289,1.50,1.12
2017.04.11 16:07:31.803,0.8228,0.82289,1.12,1.50
2017.04.11 16:07:32.318,0.8228,0.82289,1.50,1.00
2017.04.11 16:07:32.830,0.82282,0.8229,1.00,1.50
2017.04.11 16:07:33.154,0.82284,0.8229,1.00,1.00
2017.04.11 16:07:33.357,0.82284,0.82292,1.00,3.00
2017.04.11 16:07:34.014,0.82284,0.8229,1.00,1.00
2017.04.11 16:07:34.689,0.82284,0.8229,1.00,1.00
2017.04.11 16:07:35.195,0.82283,0.82291,1.00,1.87
2017.04.11 16:07:35.500,0.82285,0.82293,1.00,1.50
2017.04.11 16:07:36.045,0.82285,0.82294,1.00,2.25
2017.04.11 16:07:36.527,0.82287,0.82294,1.00,1.50
2017.04.11 16:07:37.033,0.82286,0.82294,1.00,1.00
2017.04.11 16:07:37.437,0.82288,0.82294,1.00,1.00
2017.04.11 16:07:37.538,0.82288,0.82296,1.00,3.00
2017.04.11 16:07:38.013,0.82288,0.82296,1.00,3.37
2017.04.11 16:07:38.529,0.82288,0.82296,1.00,3.00
2017.04.11 16:07:39.811,0.82288,0.82295,1.00,1.37
2017.04.11 16:07:40.331,0.82287,0.82295,1.00,1.87
2017.04.11 16:07:40.841,0.82287,0.82294,1.00,1.12
2017.04.11 16:07:41.352,0.82287,0.82295,1.00,1.12
2017.04.11 16:07:41.689,0.82286,0.82294,1.00,2.62
2017.04.11 16:07:43.021,0.82288,0.82294,1.00,1.50
2017.04.11 16:07:43.123,0.82289,0.82295,1.00,1.87
2017.04.11 16:07:43.572,0.82288,0.82294,1.00,1.37
2017.04.11 16:07:44.080,0.82288,0.82294,1.00,1.12
2017.04.11 16:07:44.613,0.82286,0.82293,1.37,1.50
2017.04.11 16:07:45.157,0.82286,0.82294,1.00,1.79
2017.04.11 16:07:47.081,0.82286,0.82294,1.00,1.79
2017.04.11 16:07:47.399,0.82288,0.82295,1.00,1.67
2017.04.11 16:07:48.046,0.82287,0.82293,1.00,1.12
2017.04.11 16:07:48.798,0.82287,0.82294,1.00,1.00
2017.04.11 16:07:49.311,0.82288,0.82295,1.12,1.12
2017.04.11 16:07:50.127,0.82288,0.82294,1.00,1.00
2017.04.11 16:07:51.414,0.82288,0.82295,1.00,1.12
2017.04.11 16:07:51.920,0.82288,0.82294,1.00,1.79
2017.04.11 16:07:52.122,0.82288,0.82296,1.00,1.50
2017.04.11 16:07:52.375,0.82291,0.82297,1.00,2.92
2017.04.11 16:07:52.755,0.82292,0.823,1.00,2.92
2017.04.11 16:07:53.261,0.82292,0.82299,1.00,1.50
2017.04.11 16:07:53.798,0.82292,0.82298,1.00,1.04
2017.04.11 16:07:54.874,0.82288,0.82297,1.50,1.87
2017.04.11 16:07:55.402,0.82291,0.82298,1.00,2.92
2017.04.11 16:07:55.910,0.82292,0.82299,1.00,1.04
2017.04.11 16:07:56.538,0.82293,0.823,1.00,1.37
2017.04.11 16:07:57.416,0.82293,0.82301,1.00,1.79
2017.04.11 16:07:57.770,0.82291,0.82299,1.50,1.67
2017.04.11 16:07:57.821,0.82291,0.82299,1.50,1.79
2017.04.11 16:07:58.074,0.82291,0.82298,1.00,2.62
2017.04.11 16:07:58.175,0.82291,0.82299,1.00,2.92
2017.04.11 16:07:58.277,0.82291,0.82298,1.00,2.62
2017.04.11 16:07:58.479,0.82291,0.82299,1.00,3.67
2017.04.11 16:07:58.581,0.82291,0.82298,1.00,2.62
2017.04.11 16:07:58.682,0.82293,0.823,1.00,3.29
2017.04.11 16:07:59.031,0.82291,0.82298,1.87,1.12
2017.04.11 16:07:59.538,0.82291,0.82298,1.00,1.42
2017.04.11 16:07:59.589,0.82291,0.82298,1.00,1.50
2017.04.11 16:08:00.376,0.82291,0.82298,1.00,3.37
2017.04.11 16:08:00.477,0.82291,0.82298,1.00,1.00
2017.04.11 16:08:00.630,0.82293,0.82299,1.00,1.12
2017.04.11 16:08:01.137,0.82294,0.823,1.00,1.87
2017.04.11 16:08:02.161,0.82293,0.82301,1.00,4.87
2017.04.11 16:08:02.667,0.82293,0.82298,1.00,1.37
2017.04.11 16:08:03.931,0.82291,0.82298,1.00,1.37
2017.04.11 16:08:04.567,0.82291,0.82297,1.00,1.37
2017.04.11 16:08:05.023,0.82289,0.82295,1.00,1.00
2017.04.11 16:08:05.529,0.8229,0.82296,1.50,2.25
2017.04.11 16:08:05.681,0.8229,0.82296,1.00,1.00
2017.04.11 16:08:06.607,0.8229,0.82297,1.00,1.00
2017.04.11 16:08:07.543,0.82291,0.82297,1.00,1.00
2017.04.11 16:08:08.234,0.82293,0.82299,1.00,2.25
2017.04.11 16:08:08.844,0.82291,0.82298,1.37,1.00
2017.04.11 16:08:09.349,0.82292,0.82299,1.00,1.00
2017.04.11 16:08:09.799,0.82295,0.82301,1.00,2.25
2017.04.11 16:08:10.079,0.82298,0.82306,1.00,2.62
2017.04.11 16:08:10.586,0.82297,0.82304,1.12,1.50
2017.04.11 16:08:10.687,0.82295,0.82303,3.37,1.37
2017.04.11 16:08:10.788,0.82295,0.82301,1.12,1.00
2017.04.11 16:08:10.991,0.82295,0.82301,1.00,2.62
2017.04.11 16:08:11.093,0.82295,0.82302,1.00,1.00
2017.04.11 16:08:11.623,0.82295,0.82301,1.00,1.00
2017.04.11 16:08:12.128,0.82294,0.82301,1.50,1.50
2017.04.11 16:08:13.393,0.82294,0.823,1.00,1.00
2017.04.11 16:08:13.571,0.82291,0.82299,1.12,1.37
2017.04.11 16:08:13.849,0.82293,0.82298,1.00,1.00
2017.04.11 16:08:14.000,0.82294,0.82301,1.00,1.50
2017.04.11 16:08:14.051,0.82291,0.82301,1.87,1.50
2017.04.11 16:08:14.102,0.82292,0.823,1.00,1.37
2017.04.11 16:08:14.629,0.82291,0.82299,1.00,1.50
2017.04.11 16:08:15.149,0.82291,0.82297,1.00,1.12
2017.04.11 16:08:16.431,0.82291,0.82297,1.00,1.50
2017.04.11 16:08:16.482,0.82289,0.82296,1.00,1.12
2017.04.11 16:08:16.532,0.82291,0.82297,1.00,1.37
2017.04.11 16:08:16.684,0.82291,0.82298,1.00,1.12
2017.04.11 16:08:17.096,0.82289,0.82296,1.00,1.00
2017.04.11 16:08:17.148,0.82287,0.82296,1.50,1.37
2017.04.11 16:08:17.553,0.82289,0.82296,1.12,1.87
2017.04.11 16:08:18.059,0.82289,0.82296,1.12,1.00
2017.04.11 16:08:19.236,0.82289,0.82297,1.00,1.00
2017.04.11 16:08:20.349,0.8229,0.82298,1.00,1.37
2017.04.11 16:08:20.857,0.82289,0.82296,1.00,1.50
2017.04.11 16:08:21.195,0.82293,0.82298,1.00,1.37
2017.04.11 16:08:21.549,0.82295,0.82302,1.50,1.00
2017.04.11 16:08:22.109,0.82294,0.82303,2.25,3.75
2017.04.11 16:08:22.160,0.82297,0.82304,1.00,6.37
2017.04.11 16:08:22.675,0.82296,0.82303,1.00,1.00
2017.04.11 16:08:22.992,0.82297,0.82305,1.00,6.00
2017.04.11 16:08:23.498,0.82296,0.82304,1.12,1.00
2017.04.11 16:08:23.924,0.82296,0.82304,1.00,7.87
2017.04.11 16:08:24.126,0.82296,0.82304,1.00,6.37
2017.04.11 16:08:24.278,0.82296,0.82302,1.00,1.50
2017.04.11 16:08:24.785,0.82295,0.82302,1.00,1.12
2017.04.11 16:08:25.319,0.82296,0.82303,1.00,1.50
2017.04.11 16:08:25.825,0.82296,0.82305,1.00,3.00
2017.04.11 16:08:26.423,0.82297,0.82304,1.00,1.12
2017.04.11 16:08:27.338,0.82299,0.82305,1.00,1.00
2017.04.11 16:08:27.490,0.823,0.82308,1.37,5.62
2017.04.11 16:08:27.996,0.82302,0.82309,1.00,4.50
2017.04.11 16:08:28.535,0.82301,0.82307,1.12,3.75
2017.04.11 16:08:28.686,0.82301,0.82309,1.12,4.12
2017.04.11 16:08:28.990,0.82304,0.8231,1.00,1.50
2017.04.11 16:08:29.142,0.82304,0.82312,1.00,1.37
2017.04.11 16:08:29.647,0.82304,0.82312,1.87,1.12
2017.04.11 16:08:30.150,0.82305,0.82313,1.87,1.00
2017.04.11 16:08:30.718,0.82306,0.82314,1.00,1.87
2017.04.11 16:08:31.256,0.82305,0.82314,3.37,2.25
2017.04.11 16:08:31.833,0.82307,0.82315,1.12,1.12
2017.04.11 16:08:32.828,0.82309,0.82315,1.12,1.00
2017.04.11 16:08:32.929,0.82309,0.82318,1.87,1.87
2017.04.11 16:08:33.437,0.82309,0.82317,1.00,4.87
2017.04.11 16:08:33.944,0.82307,0.82315,2.25,1.00
2017.04.11 16:08:34.911,0.82307,0.82316,1.12,1.12
2017.04.11 16:08:35.449,0.82307,0.82315,1.12,1.12
2017.04.11 16:08:35.955,0.82306,0.82315,2.62,1.37
2017.04.11 16:08:36.463,0.82306,0.82315,2.25,1.12
2017.04.11 16:08:36.998,0.82306,0.82315,1.87,1.00
2017.04.11 16:08:38.247,0.82305,0.82314,3.37,1.50
2017.04.11 16:08:38.601,0.82303,0.82312,4.50,1.00
2017.04.11 16:08:38.905,0.82302,0.8231,1.50,1.00
2017.04.11 16:08:39.758,0.82302,0.82311,2.62,1.00
2017.04.11 16:08:40.298,0.82302,0.82311,2.25,1.50
2017.04.11 16:08:40.913,0.82302,0.8231,1.50,1.00
2017.04.11 16:08:41.065,0.82301,0.82309,1.87,1.00
2017.04.11 16:08:42.058,0.823,0.82309,1.12,1.87
2017.04.11 16:08:42.591,0.82299,0.82308,1.50,1.50
2017.04.11 16:08:43.041,0.82297,0.82306,3.00,1.00
2017.04.11 16:08:43.496,0.82296,0.82305,3.37,1.00
2017.04.11 16:08:44.310,0.82298,0.82306,1.12,2.25
2017.04.11 16:08:44.842,0.82298,0.82307,2.62,1.00
2017.04.11 16:08:45.465,0.82298,0.82307,2.25,1.37
2017.04.11 16:08:46.399,0.82298,0.82307,2.25,1.12
2017.04.11 16:08:47.117,0.82299,0.82308,2.62,1.00
2017.04.11 16:08:47.686,0.82299,0.82308,4.50,1.00
2017.04.11 16:08:49.707,0.823,0.8231,3.37,1.50
2017.04.11 16:08:49.910,0.82305,0.82314,1.12,1.12
2017.04.11 16:08:50.440,0.82305,0.82313,1.00,1.12
2017.04.11 16:08:50.957,0.82303,0.82312,1.87,1.12
2017.04.11 16:08:51.481,0.82303,0.82312,2.62,1.00
2017.04.11 16:08:51.990,0.82302,0.82312,2.25,1.04
2017.04.11 16:08:53.099,0.82302,0.82312,1.00,2.54
2017.04.11 16:08:53.652,0.82305,0.82313,1.87,1.29
2017.04.11 16:08:53.804,0.82305,0.82315,2.25,3.29
2017.04.11 16:08:54.662,0.82305,0.82315,2.25,1.12
2017.04.11 16:08:54.915,0.82308,0.82316,1.00,3.37
2017.04.11 16:08:55.224,0.8231,0.82317,1.12,1.12
2017.04.11 16:08:55.452,0.82311,0.82321,1.87,3.37
2017.04.11 16:08:55.966,0.82311,0.82321,3.37,1.87
2017.04.11 16:08:56.572,0.82311,0.82322,4.12,7.12
2017.04.11 16:08:58.151,0.82311,0.82321,4.12,1.37
2017.04.11 16:08:58.713,0.82311,0.82321,3.75,1.12
2017.04.11 16:09:00.179,0.82312,0.8232,1.00,1.00
2017.04.11 16:09:01.236,0.82312,0.82319,1.00,1.00
2017.04.11 16:09:01.288,0.82312,0.82317,1.00,1.00
2017.04.11 16:09:01.389,0.8231,0.82316,1.00,4.87
2017.04.11 16:09:01.440,0.82307,0.82316,1.12,4.50
2017.04.11 16:09:01.945,0.82306,0.82315,1.50,1.00
2017.04.11 16:09:02.451,0.82306,0.82314,1.00,1.12
2017.04.11 16:09:03.643,0.82305,0.82314,1.50,2.62
2017.04.11 16:09:04.158,0.82305,0.82314,1.37,2.25
2017.04.11 16:09:04.268,0.82305,0.82312,1.37,1.00
2017.04.11 16:09:04.697,0.82303,0.82312,1.50,1.37
2017.04.11 16:09:05.207,0.82303,0.82312,1.50,1.00
2017.04.11 16:09:08.076,0.82305,0.82313,1.00,1.12
2017.04.11 16:09:08.178,0.82305,0.82315,1.50,1.87
2017.04.11 16:09:08.380,0.82307,0.82315,1.00,1.00
2017.04.11 16:09:09.065,0.82307,0.82315,1.00,1.50
2017.04.11 16:09:09.571,0.82306,0.82313,1.00,2.62
2017.04.11 16:09:10.327,0.82304,0.82313,1.12,3.37
2017.04.11 16:09:11.074,0.82304,0.82313,1.12,3.37
2017.04.11 16:09:11.759,0.82303,0.82313,1.87,4.50
2017.04.11 16:09:12.514,0.82303,0.82311,1.37,1.00
2017.04.11 16:09:12.717,0.82303,0.82312,1.12,1.50
2017.04.11 16:09:13.553,0.82304,0.82313,4.50,1.50
2017.04.11 16:09:13.857,0.82308,0.82315,1.00,1.00
2017.04.11 16:09:13.959,0.82309,0.82319,1.12,3.37
2017.04.11 16:09:14.491,0.82309,0.82319,1.00,2.25
2017.04.11 16:09:14.998,0.82308,0.82318,1.00,1.87
2017.04.11 16:09:15.200,0.82308,0.82318,2.62,1.87
2017.04.11 16:09:15.352,0.82311,0.8232,1.00,1.12
2017.04.11 16:09:15.454,0.82312,0.82322,1.00,2.62
2017.04.11 16:09:15.956,0.82312,0.82322,2.25,1.87
2017.04.11 16:09:16.540,0.82313,0.82322,2.62,1.50
2017.04.11 16:09:17.253,0.82313,0.82323,3.37,1.00
2017.04.11 16:09:17.804,0.82314,0.82324,1.00,2.25
2017.04.11 16:09:18.326,0.82314,0.82324,1.00,1.50
2017.04.11 16:09:18.885,0.82314,0.82324,1.00,1.12
2017.04.11 16:09:19.412,0.82315,0.82325,1.00,1.50
2017.04.11 16:09:19.593,0.82315,0.82325,1.75,1.00
2017.04.11 16:09:19.899,0.82318,0.82326,1.37,1.12
2017.04.11 16:09:20.001,0.82319,0.82328,1.00,1.87
2017.04.11 16:09:20.052,0.82319,0.82328,1.50,2.25
2017.04.11 16:09:20.205,0.8232,0.82329,5.25,1.00
2017.04.11 16:09:20.458,0.82321,0.82331,1.87,1.12
2017.04.11 16:09:20.966,0.82322,0.82331,2.25,1.00
2017.04.11 16:09:21.278,0.82322,0.82333,2.62,2.25
2017.04.11 16:09:22.068,0.82324,0.82332,1.00,1.00
2017.04.11 16:09:22.812,0.82325,0.82332,1.00,1.00
2017.04.11 16:09:23.772,0.82325,0.82332,1.00,1.50
2017.04.11 16:09:24.276,0.82325,0.82332,1.00,1.00
2017.04.11 16:09:25.153,0.82325,0.82332,1.00,2.25
2017.04.11 16:09:25.481,0.82327,0.82332,1.37,1.00
2017.04.11 16:09:25.582,0.82327,0.82334,1.00,1.00
2017.04.11 16:09:26.088,0.82327,0.82335,1.12,1.80
2017.04.11 16:09:27.078,0.82329,0.82338,5.25,1.12
2017.04.11 16:09:27.585,0.8233,0.82339,1.37,1.87
2017.04.11 16:09:27.962,0.82329,0.82338,1.50,1.00
2017.04.11 16:09:28.316,0.82327,0.82337,3.37,1.50
2017.04.11 16:09:28.367,0.82326,0.82335,2.25,1.12
2017.04.11 16:09:28.569,0.82325,0.82334,1.00,1.75
2017.04.11 16:09:29.075,0.82324,0.82334,6.00,1.50
2017.04.11 16:09:29.890,0.82325,0.82335,1.00,3.37
2017.04.11 16:09:30.497,0.82326,0.82334,1.00,1.00
2017.04.11 16:09:31.298,0.82327,0.82335,1.00,1.87
2017.04.11 16:09:31.806,0.82328,0.82336,1.00,1.50
2017.04.11 16:09:32.421,0.82328,0.82337,3.00,1.50
2017.04.11 16:09:32.672,0.82328,0.82334,2.25,1.00
2017.04.11 16:09:35.284,0.82329,0.82334,1.00,1.00
2017.04.11 16:09:35.717,0.82327,0.82332,1.50,1.00
2017.04.11 16:09:36.582,0.82326,0.8233,1.00,1.00
2017.04.11 16:09:38.882,0.82325,0.82329,1.00,1.00
2017.04.11 16:09:39.034,0.82324,0.82328,1.12,1.00
2017.04.11 16:09:39.136,0.82322,0.82326,1.87,1.00
2017.04.11 16:09:39.381,0.82323,0.82328,1.00,1.12
2017.04.11 16:09:39.583,0.82321,0.82326,1.00,1.00
2017.04.11 16:09:40.089,0.82321,0.82327,1.00,1.00
2017.04.11 16:09:40.619,0.82319,0.82324,1.00,1.00
2017.04.11 16:09:41.024,0.82317,0.82324,1.87,1.00
2017.04.11 16:09:41.543,0.82316,0.82323,1.87,1.00
2017.04.11 16:09:41.817,0.82317,0.82321,1.00,1.00
2017.04.11 16:09:41.918,0.82315,0.82321,1.12,1.00
2017.04.11 16:09:42.020,0.82313,0.8232,1.87,1.00
2017.04.11 16:09:42.570,0.82313,0.82318,1.12,1.00
2017.04.11 16:09:42.722,0.82311,0.82318,1.12,1.00
2017.04.11 16:09:43.263,0.82311,0.82319,1.87,1.50
2017.04.11 16:09:43.779,0.82311,0.82319,1.87,1.12
2017.04.11 16:09:44.326,0.82311,0.82319,1.87,1.12
2017.04.11 16:09:44.637,0.82311,0.82317,1.87,1.00
2017.04.11 16:09:44.689,0.82311,0.82316,1.87,1.00
2017.04.11 16:09:45.064,0.82309,0.82316,2.25,1.00
2017.04.11 16:09:45.115,0.82309,0.82314,2.25,1.00
2017.04.11 16:09:46.556,0.8231,0.82317,1.00,1.00
2017.04.11 16:09:46.910,0.82312,0.82317,1.00,1.00
2017.04.11 16:09:47.198,0.82312,0.82319,1.37,1.87
2017.04.11 16:09:47.501,0.82314,0.82321,3.00,1.00
2017.04.11 16:09:47.655,0.82312,0.82319,3.00,1.00
2017.04.11 16:09:48.182,0.82312,0.82319,1.12,1.12
2017.04.11 16:09:48.777,0.82311,0.82317,1.50,1.00
2017.04.11 16:09:48.929,0.8231,0.82317,1.12,1.00
2017.04.11 16:09:49.535,0.82308,0.82316,1.50,1.00
2017.04.11 16:09:49.738,0.82309,0.82318,1.50,1.12
2017.04.11 16:09:50.284,0.82309,0.82318,2.25,1.12
2017.04.11 16:09:50.385,0.82309,0.82318,2.25,1.12
2017.04.11 16:09:50.992,0.8231,0.82318,1.50,1.12
2017.04.11 16:09:51.296,0.82316,0.8232,1.00,1.50
2017.04.11 16:09:51.347,0.82316,0.82322,1.00,2.62
2017.04.11 16:09:51.874,0.82316,0.82322,1.12,1.00
2017.04.11 16:09:52.638,0.82316,0.82322,1.50,1.00
2017.04.11 16:09:53.084,0.82316,0.82324,2.25,1.00
2017.04.11 16:09:53.589,0.82316,0.82324,1.87,1.12
2017.04.11 16:09:54.257,0.82317,0.82324,1.00,1.12
2017.04.11 16:09:55.080,0.82316,0.82324,1.37,1.37
2017.04.11 16:09:55.585,0.82318,0.82324,1.00,1.00
2017.04.11 16:09:56.369,0.82316,0.82324,1.87,1.50
2017.04.11 16:09:56.419,0.82316,0.82322,1.87,1.00
2017.04.11 16:09:56.906,0.82315,0.8232,1.87,1.00
2017.04.11 16:09:57.867,0.82314,0.8232,1.12,1.00
2017.04.11 16:09:58.238,0.82315,0.82322,3.37,1.50
2017.04.11 16:09:58.642,0.82316,0.82322,3.00,1.00
2017.04.11 16:09:59.159,0.82315,0.82322,1.37,1.00
2017.04.11 16:10:00.388,0.82317,0.82323,1.12,1.00
2017.04.11 16:10:02.000,0.82318,0.82323,1.00,1.00
2017.04.11 16:10:03.036,0.82316,0.82323,1.50,1.00
2017.04.11 16:10:04.010,0.82317,0.82323,1.00,1.00
2017.04.11 16:10:04.998,0.82316,0.82323,1.50,1.00
2017.04.11 16:10:05.651,0.82315,0.82321,1.50,1.00
2017.04.11 16:10:06.155,0.82315,0.82321,1.00,1.00
2017.04.11 16:10:06.630,0.82313,0.82321,1.12,1.50
2017.04.11 16:10:07.219,0.82313,0.8232,1.12,1.00
2017.04.11 16:10:08.369,0.82313,0.82321,1.87,1.50
2017.04.11 16:10:08.825,0.82313,0.82319,2.25,1.00
2017.04.11 16:10:09.198,0.82313,0.82321,1.00,1.00
2017.04.11 16:10:09.296,0.82313,0.82321,1.37,1.00
2017.04.11 16:10:09.858,0.82314,0.82321,1.00,1.00
2017.04.11 16:10:10.493,0.82313,0.8232,3.43,1.00
2017.04.11 16:10:11.000,0.82313,0.82321,1.00,1.00
2017.04.11 16:10:12.330,0.82312,0.82321,1.50,1.50
2017.04.11 16:10:12.633,0.8231,0.82318,1.87,1.00
2017.04.11 16:10:12.776,0.82309,0.82318,2.25,1.50
2017.04.11 16:10:13.283,0.82309,0.82316,1.50,1.00
2017.04.11 16:10:16.423,0.82309,0.82315,1.00,1.50
2017.04.11 16:10:16.626,0.82308,0.82313,1.00,1.00
2017.04.11 16:10:17.475,0.82307,0.82313,1.00,1.50
2017.04.11 16:10:17.852,0.82304,0.82311,1.50,1.50
2017.04.11 16:10:18.054,0.82305,0.82312,1.00,1.00
2017.04.11 16:10:18.679,0.82305,0.82312,1.37,1.00
2017.04.11 16:10:19.217,0.82307,0.82313,1.00,1.00
2017.04.11 16:10:19.722,0.82306,0.82313,2.62,1.00
2017.04.11 16:10:20.472,0.82305,0.82313,2.25,1.00
2017.04.11 16:10:21.037,0.82306,0.82314,1.50,1.00
2017.04.11 16:10:21.088,0.82307,0.82316,1.50,1.50
2017.04.11 16:10:21.543,0.82308,0.82314,1.37,1.00
2017.04.11 16:10:21.645,0.82307,0.82314,1.00,1.00
2017.04.11 16:10:23.427,0.82306,0.82314,1.50,1.00
2017.04.11 16:10:25.700,0.82307,0.82314,1.00,1.00
2017.04.11 16:10:28.297,0.82307,0.82313,1.00,1.12
2017.04.11 16:10:28.914,0.82305,0.82313,1.12,1.12
2017.04.11 16:10:29.420,0.82304,0.82312,2.62,1.00
2017.04.11 16:10:29.926,0.82304,0.82313,2.62,1.50
2017.04.11 16:10:30.128,0.82304,0.8231,1.50,1.00
2017.04.11 16:10:30.180,0.82304,0.82312,1.50,1.50
2017.04.11 16:10:30.715,0.82304,0.82312,1.87,1.00
2017.04.11 16:10:31.239,0.82304,0.82312,1.50,1.00
2017.04.11 16:10:31.341,0.82305,0.82312,1.37,1.00
2017.04.11 16:10:31.846,0.82304,0.82312,2.62,1.00
2017.04.11 16:10:32.426,0.82306,0.82312,1.00,1.00
2017.04.11 16:10:33.492,0.82306,0.82313,1.00,1.00
2017.04.11 16:10:33.999,0.82305,0.8231,1.12,1.00
2017.04.11 16:10:34.540,0.82303,0.8231,1.50,1.00
2017.04.11 16:10:34.843,0.82303,0.82311,1.50,1.00
2017.04.11 16:10:35.311,0.82303,0.82311,1.50,1.00
2017.04.11 16:10:35.630,0.82304,0.82312,2.25,1.12
2017.04.11 16:10:36.161,0.82304,0.82312,1.12,1.12
2017.04.11 16:10:36.717,0.82305,0.82313,1.37,1.50
2017.04.11 16:10:38.168,0.82305,0.82313,1.12,1.12
2017.04.11 16:10:38.610,0.82303,0.82312,1.87,1.87
2017.04.11 16:10:39.134,0.82303,0.82312,1.87,1.87
2017.04.11 16:10:39.235,0.82304,0.82312,1.37,1.12
2017.04.11 16:10:39.539,0.82304,0.82309,1.37,1.00
2017.04.11 16:10:39.691,0.82304,0.82311,1.00,1.87
2017.04.11 16:10:40.214,0.82305,0.82312,1.12,1.37
2017.04.11 16:10:41.684,0.82303,0.82311,1.50,1.37
2017.04.11 16:10:42.270,0.82302,0.8231,1.12,1.12
2017.04.11 16:10:42.321,0.82303,0.82311,1.87,1.12
2017.04.11 16:10:42.776,0.82302,0.82308,1.37,1.00
2017.04.11 16:10:42.928,0.82301,0.82308,1.00,1.00
2017.04.11 16:10:43.519,0.823,0.82308,1.75,1.00
2017.04.11 16:10:43.621,0.82302,0.8231,1.87,1.00
2017.04.11 16:10:43.722,0.82304,0.82312,1.12,1.12
2017.04.11 16:10:43.948,0.82306,0.82313,1.12,1.00
2017.04.11 16:10:44.840,0.82304,0.82313,2.25,1.00
2017.04.11 16:10:45.143,0.82303,0.8231,1.50,1.00
2017.04.11 16:10:45.547,0.82302,0.82311,2.62,1.00
2017.04.11 16:10:45.785,0.82303,0.82311,2.25,1.00
2017.04.11 16:10:46.301,0.82304,0.82313,5.25,2.25
2017.04.11 16:10:46.403,0.82304,0.82313,6.00,1.12
2017.04.11 16:10:47.046,0.82306,0.82313,1.12,1.00
2017.04.11 16:10:47.593,0.82307,0.82313,1.00,1.00
2017.04.11 16:10:47.896,0.82308,0.82314,1.37,1.00
2017.04.11 16:10:48.403,0.82308,0.82314,1.00,1.00
2017.04.11 16:10:48.921,0.82306,0.82314,2.01,1.12
2017.04.11 16:10:48.972,0.82307,0.82314,1.42,1.12
2017.04.11 16:10:49.538,0.82307,0.82313,1.42,1.00
2017.04.11 16:10:49.802,0.82307,0.82315,2.54,1.00
2017.04.11 16:10:50.207,0.82307,0.82313,2.92,1.00
2017.04.11 16:10:50.712,0.82307,0.82313,1.50,1.00
2017.04.11 16:10:52.331,0.82307,0.82313,1.00,1.00
2017.04.11 16:10:52.635,0.82305,0.82311,2.17,1.00
2017.04.11 16:10:54.116,0.82307,0.82312,1.42,1.00
2017.04.11 16:10:54.913,0.82307,0.82312,1.42,1.00
2017.04.11 16:10:56.637,0.82306,0.82312,3.67,1.00
2017.04.11 16:10:57.464,0.82306,0.82314,3.67,1.00
2017.04.11 16:10:57.566,0.82307,0.82316,4.04,1.12
2017.04.11 16:10:58.022,0.82307,0.82313,1.00,1.00
2017.04.11 16:10:58.225,0.82308,0.82316,1.79,1.50
2017.04.11 16:10:58.327,0.82311,0.82316,1.00,1.37
2017.04.11 16:10:58.837,0.8231,0.82315,1.04,1.00
2017.04.11 16:10:58.888,0.8231,0.82317,1.04,1.12
2017.04.11 16:10:58.939,0.82309,0.82315,1.37,1.00
2017.04.11 16:10:59.445,0.82308,0.82314,1.04,1.00
2017.04.11 16:11:00.710,0.8231,0.82316,2.54,1.00
2017.04.11 16:11:00.963,0.82311,0.82318,1.79,1.50
2017.04.11 16:11:01.014,0.82311,0.82316,1.00,1.00
2017.04.11 16:11:01.520,0.82308,0.82315,2.62,1.00
2017.04.11 16:11:01.791,0.82308,0.82315,1.87,1.00
2017.04.11 16:11:02.094,0.82307,0.82315,3.80,1.12
2017.04.11 16:11:02.145,0.82308,0.82315,2.62,1.00
2017.04.11 16:11:09.145,0.82309,0.82317,1.37,1.12
2017.04.11 16:11:09.731,0.82308,0.82316,4.12,1.00
2017.04.11 16:11:11.696,0.82308,0.82317,3.75,1.50
2017.04.11 16:11:11.798,0.82308,0.82315,4.12,1.00
2017.04.11 16:11:12.486,0.82309,0.82318,1.37,1.87
2017.04.11 16:11:12.840,0.8231,0.82318,2.30,1.00
2017.04.11 16:11:13.345,0.82312,0.82319,2.01,1.87
2017.04.11 16:11:13.678,0.82314,0.8232,1.12,1.00
2017.04.11 16:11:15.781,0.82314,0.8232,1.00,1.37
2017.04.11 16:11:16.312,0.82314,0.8232,1.00,1.00
2017.04.11 16:11:19.760,0.82313,0.8232,1.12,1.00
2017.04.11 16:11:21.821,0.82312,0.82316,1.00,1.00
2017.04.11 16:11:21.973,0.82309,0.82317,1.87,1.00
2017.04.11 16:11:22.024,0.82309,0.82315,2.30,1.00
2017.04.11 16:11:22.328,0.82309,0.82313,1.00,1.00
2017.04.11 16:11:22.379,0.82308,0.82315,1.12,1.00
2017.04.11 16:11:22.754,0.82306,0.82313,1.93,1.00
2017.04.11 16:11:22.856,0.82305,0.82312,1.50,1.00
2017.04.11 16:11:23.368,0.82305,0.82311,1.00,1.00
2017.04.11 16:11:23.624,0.82304,0.82309,1.45,1.00
2017.04.11 16:11:23.826,0.82302,0.82309,2.30,1.00
2017.04.11 16:11:24.631,0.82302,0.82309,1.07,1.00
2017.04.11 16:11:25.143,0.82301,0.82309,3.05,1.00
2017.04.11 16:11:25.681,0.82301,0.82309,2.30,3.00
2017.04.11 16:11:25.834,0.82301,0.82305,1.18,1.00
2017.04.11 16:11:25.885,0.82299,0.82306,1.37,1.00
2017.04.11 16:11:25.936,0.82299,0.82304,1.00,1.00
2017.04.11 16:11:26.435,0.82298,0.82306,2.30,1.12
2017.04.11 16:11:27.398,0.82299,0.82306,2.84,1.00
2017.04.11 16:11:28.145,0.82299,0.82306,2.84,1.00
2017.04.11 16:11:30.248,0.823,0.82306,2.84,1.00
2017.04.11 16:11:30.759,0.823,0.82306,2.84,1.00
2017.04.11 16:11:31.167,0.823,0.82308,2.84,1.12
2017.04.11 16:11:31.390,0.823,0.82307,2.84,1.50
2017.04.11 16:11:31.953,0.82301,0.82307,1.12,1.50
2017.04.11 16:11:33.324,0.82301,0.82307,1.00,1.00
2017.04.11 16:11:33.881,0.82301,0.82308,1.00,1.00
2017.04.11 16:11:34.185,0.82298,0.82303,1.00,1.00
2017.04.11 16:11:34.926,0.82297,0.82303,1.12,1.00
2017.04.11 16:11:36.826,0.82296,0.82303,1.50,1.37
2017.04.11 16:11:37.131,0.823,0.82305,1.71,1.00
2017.04.11 16:11:37.434,0.82296,0.82305,4.71,1.50
2017.04.11 16:11:37.998,0.82299,0.82305,2.46,1.00
2017.04.11 16:11:38.504,0.823,0.82305,1.00,1.50
2017.04.11 16:11:40.920,0.82301,0.82305,1.00,1.50
2017.04.11 16:11:41.358,0.82299,0.82303,2.25,1.00
2017.04.11 16:11:41.792,0.82296,0.823,3.75,1.00
2017.04.11 16:11:41.843,0.82292,0.823,1.00,1.00
2017.04.11 16:11:42.353,0.82292,0.82299,1.00,1.00
2017.04.11 16:11:42.909,0.82291,0.82299,5.25,1.50
2017.04.11 16:11:43.266,0.82291,0.82297,1.50,1.00
2017.04.11 16:11:43.545,0.82287,0.82293,1.00,1.00
2017.04.11 16:11:44.088,0.82286,0.82292,1.12,1.00
2017.04.11 16:11:44.139,0.82286,0.82293,1.75,1.12
2017.04.11 16:11:45.190,0.82286,0.82291,1.50,1.00
2017.04.11 16:11:45.494,0.82289,0.82294,1.50,1.00
2017.04.11 16:11:45.596,0.82288,0.82292,1.12,1.00
2017.04.11 16:11:46.053,0.82288,0.82292,1.12,1.00
2017.04.11 16:11:46.205,0.82289,0.82295,1.00,1.00
2017.04.11 16:11:46.256,0.82289,0.82293,1.00,1.00
2017.04.11 16:11:46.849,0.82289,0.82295,1.75,1.00
2017.04.11 16:11:48.139,0.8229,0.82294,1.12,1.00
2017.04.11 16:11:48.653,0.8229,0.82295,1.37,1.00
2017.04.11 16:11:49.072,0.82292,0.82298,1.12,1.50
2017.04.11 16:11:49.610,0.82292,0.82298,1.00,1.12
2017.04.11 16:11:50.271,0.82292,0.82298,1.50,1.00
2017.04.11 16:11:50.372,0.82295,0.82299,1.12,1.00
2017.04.11 16:11:50.789,0.82296,0.82302,1.50,1.12
2017.04.11 16:11:52.517,0.82297,0.82302,2.54,1.00
2017.04.11 16:11:53.230,0.82298,0.82304,1.42,1.12
2017.04.11 16:11:53.535,0.82298,0.82302,1.42,1.00
2017.04.11 16:11:54.032,0.82298,0.82304,1.67,1.00
2017.04.11 16:11:54.547,0.82298,0.82303,1.37,1.00
2017.04.11 16:11:54.799,0.82297,0.82302,1.50,1.00
2017.04.11 16:11:55.046,0.82297,0.82303,2.62,1.00
2017.04.11 16:11:55.147,0.82297,0.82302,2.62,1.00
2017.04.11 16:11:55.249,0.82297,0.82303,3.00,1.00
2017.04.11 16:11:55.754,0.82298,0.82302,1.00,1.00
2017.04.11 16:11:57.313,0.82297,0.82302,1.50,1.00
2017.04.11 16:11:59.299,0.82296,0.82302,1.75,1.00
2017.04.11 16:12:00.914,0.82297,0.82302,1.00,1.00
2017.04.11 16:12:01.700,0.82294,0.82302,2.25,1.50
2017.04.11 16:12:01.751,0.82294,0.82298,1.12,1.00
2017.04.11 16:12:02.257,0.82294,0.82299,1.00,1.50
2017.04.11 16:12:02.561,0.82296,0.823,1.12,1.00
2017.04.11 16:12:05.605,0.82299,0.82303,1.00,1.12
2017.04.11 16:12:05.656,0.82299,0.82304,1.12,1.50
2017.04.11 16:12:06.112,0.82298,0.82302,1.00,1.00
2017.04.11 16:12:06.514,0.823,0.82304,1.00,1.00
2017.04.11 16:12:06.566,0.82298,0.82302,1.87,1.00
2017.04.11 16:12:06.720,0.82297,0.82303,1.12,1.00
2017.04.11 16:12:06.772,0.82296,0.823,2.25,1.00
2017.04.11 16:12:07.078,0.82299,0.82303,1.00,1.00
2017.04.11 16:12:07.333,0.82298,0.82303,1.50,1.00
2017.04.11 16:12:08.031,0.82298,0.82303,1.50,1.00
2017.04.11 16:12:08.538,0.82298,0.82303,1.12,1.00
2017.04.11 16:12:09.043,0.82297,0.82303,2.62,1.00
2017.04.11 16:12:09.246,0.82297,0.82301,2.25,1.00
2017.04.11 16:12:09.782,0.82297,0.82302,1.50,1.00
2017.04.11 16:12:10.287,0.82297,0.82301,1.00,1.00
2017.04.11 16:12:10.833,0.82296,0.82302,6.37,1.00
2017.04.11 16:12:11.960,0.82297,0.82301,1.00,1.00
2017.04.11 16:12:12.692,0.82298,0.82304,1.50,1.50
2017.04.11 16:12:13.535,0.82298,0.82304,3.00,1.00
2017.04.11 16:12:15.809,0.82298,0.82304,1.50,1.00
2017.04.11 16:12:17.272,0.82298,0.82304,1.37,1.00
2017.04.11 16:12:22.152,0.82298,0.82304,2.25,1.00
2017.04.11 16:12:26.116,0.82302,0.82306,1.12,1.00
2017.04.11 16:12:26.649,0.82301,0.82305,1.12,1.00
2017.04.11 16:12:27.256,0.823,0.82304,1.87,1.00
2017.04.11 16:12:28.190,0.823,0.82305,1.37,1.00
2017.04.11 16:12:28.732,0.823,0.82304,2.25,1.00
2017.04.11 16:12:29.654,0.823,0.82305,1.87,1.00
2017.04.11 16:12:30.540,0.823,0.82304,1.87,1.00
2017.04.11 16:12:30.889,0.82301,0.82306,1.87,1.00
2017.04.11 16:12:31.396,0.82301,0.82305,1.12,1.00
2017.04.11 16:12:32.025,0.823,0.82304,1.50,1.00
2017.04.11 16:12:32.947,0.823,0.82305,1.87,1.00
2017.04.11 16:12:33.468,0.823,0.82304,1.50,1.00
2017.04.11 16:12:35.052,0.823,0.82305,1.79,1.00
2017.04.11 16:12:36.881,0.82301,0.82306,2.54,1.00
2017.04.11 16:12:39.397,0.82301,0.82305,2.25,1.00
2017.04.11 16:12:39.499,0.82302,0.82307,1.12,1.00
2017.04.11 16:12:39.550,0.82303,0.82309,1.37,1.00
2017.04.11 16:12:39.601,0.82303,0.82307,1.12,1.00
2017.04.11 16:12:39.652,0.82303,0.82309,1.12,1.00
2017.04.11 16:12:39.753,0.82303,0.82307,1.00,1.00
2017.04.11 16:12:40.461,0.82301,0.82307,1.50,1.00
2017.04.11 16:12:42.229,0.82301,0.82308,1.12,1.00
2017.04.11 16:12:43.096,0.82301,0.82309,1.50,1.50
2017.04.11 16:12:43.199,0.82303,0.82309,1.50,1.00
2017.04.11 16:12:43.709,0.82304,0.8231,3.37,1.00
2017.04.11 16:12:43.962,0.82304,0.82309,1.50,1.00
2017.04.11 16:12:44.520,0.82306,0.8231,1.00,1.00
2017.04.11 16:12:44.674,0.82307,0.82312,1.00,1.00
2017.04.11 16:12:47.377,0.82311,0.82315,1.00,1.00
2017.04.11 16:12:47.581,0.82314,0.82318,1.79,1.00
2017.04.11 16:12:47.817,0.82314,0.82318,2.54,1.00
2017.04.11 16:12:48.019,0.82315,0.82322,1.00,1.00
2017.04.11 16:12:48.070,0.82315,0.82319,1.00,1.00
2017.04.11 16:12:48.121,0.82313,0.82319,1.04,1.00
2017.04.11 16:12:48.172,0.82314,0.82321,2.62,1.00
2017.04.11 16:12:48.273,0.82312,0.82319,4.12,1.00
2017.04.11 16:12:48.778,0.8231,0.82318,1.87,1.00
2017.04.11 16:12:49.160,0.82309,0.82316,1.37,1.00
2017.04.11 16:12:49.211,0.82308,0.82315,1.50,1.00
2017.04.11 16:12:49.717,0.82307,0.82314,1.37,1.00
2017.04.11 16:12:50.021,0.82307,0.82312,1.00,1.00
2017.04.11 16:12:50.325,0.82306,0.82314,1.37,1.50
2017.04.11 16:12:50.832,0.82306,0.82313,1.87,1.00
2017.04.11 16:12:51.337,0.82306,0.82312,3.00,1.00
2017.04.11 16:12:51.792,0.82305,0.82311,1.50,1.00
2017.04.11 16:12:51.998,0.82303,0.82311,1.00,1.00
2017.04.11 16:12:52.493,0.82305,0.82311,1.00,1.00
2017.04.11 16:12:52.544,0.82303,0.82311,1.00,1.00
2017.04.11 16:12:52.595,0.82304,0.82309,1.00,1.00
2017.04.11 16:12:53.101,0.82302,0.82309,3.37,1.00
2017.04.11 16:12:53.618,0.82302,0.82309,1.12,1.00
2017.04.11 16:12:55.047,0.823,0.82307,1.87,1.00
2017.04.11 16:12:55.098,0.82298,0.82307,4.87,1.00
2017.04.11 16:12:55.599,0.82298,0.82306,2.62,1.50
2017.04.11 16:12:56.211,0.82299,0.82306,1.37,1.50
2017.04.11 16:12:56.756,0.82299,0.82306,1.12,1.50
2017.04.11 16:12:57.181,0.82301,0.82306,1.00,1.50
2017.04.11 16:12:57.587,0.82303,0.82307,1.00,1.00
2017.04.11 16:12:58.093,0.82302,0.82306,1.12,1.00
2017.04.11 16:12:58.653,0.82303,0.82307,1.12,1.00
2017.04.11 16:12:59.159,0.82303,0.82308,1.50,1.50
2017.04.11 16:12:59.704,0.82303,0.82307,1.12,1.00
2017.04.11 16:13:00.537,0.823,0.82306,1.00,1.00
2017.04.11 16:13:01.367,0.82299,0.82306,1.50,1.00
2017.04.11 16:13:02.217,0.82302,0.82306,1.50,1.00
2017.04.11 16:13:02.731,0.82303,0.82307,1.00,1.00
2017.04.11 16:13:02.833,0.82301,0.82306,1.00,1.00
2017.04.11 16:13:03.798,0.82299,0.82306,3.00,1.00
2017.04.11 16:13:04.354,0.82299,0.82306,1.87,1.00
2017.04.11 16:13:05.428,0.82299,0.82306,1.50,1.50
2017.04.11 16:13:05.937,0.82299,0.82305,1.87,1.00
2017.04.11 16:13:06.442,0.82299,0.82305,1.37,1.00
2017.04.11 16:13:07.059,0.82299,0.82305,1.00,1.00
2017.04.11 16:13:07.262,0.82297,0.82301,4.50,1.00
2017.04.11 16:13:07.313,0.82297,0.82303,4.50,1.00
2017.04.11 16:13:07.845,0.82297,0.82303,3.75,1.00
2017.04.11 16:13:07.946,0.82296,0.82302,1.50,1.00
2017.04.11 16:13:09.089,0.82296,0.82304,1.50,1.00
2017.04.11 16:13:09.139,0.82296,0.82302,2.62,1.00
2017.04.11 16:13:09.949,0.82296,0.82302,1.50,1.00
2017.04.11 16:13:10.252,0.82297,0.82304,4.18,1.00
2017.04.11 16:13:10.538,0.82299,0.82305,4.93,1.00
2017.04.11 16:13:10.943,0.82301,0.82306,1.37,1.00
2017.04.11 16:13:11.450,0.823,0.82305,3.00,1.00
2017.04.11 16:13:12.468,0.823,0.82305,1.50,1.00
2017.04.11 16:13:13.151,0.823,0.82305,1.37,1.00
2017.04.11 16:13:14.844,0.82301,0.82306,1.50,1.00
2017.04.11 16:13:15.299,0.82301,0.82307,1.50,1.00
2017.04.11 16:13:16.762,0.823,0.82307,1.50,1.50
2017.04.11 16:13:17.263,0.82301,0.82307,1.00,1.50
2017.04.11 16:13:17.728,0.82299,0.82305,4.50,1.00
2017.04.11 16:13:17.880,0.82299,0.82305,1.87,1.00
2017.04.11 16:13:18.086,0.823,0.82307,1.37,1.50
2017.04.11 16:13:18.643,0.82302,0.82309,4.50,2.25
2017.04.11 16:13:19.150,0.82304,0.82308,3.00,1.00
2017.04.11 16:13:19.927,0.82302,0.82306,5.62,1.00
2017.04.11 16:13:19.978,0.82302,0.82308,1.50,1.50
2017.04.11 16:13:20.080,0.82301,0.82308,6.00,1.50
2017.04.11 16:13:21.054,0.82302,0.82308,2.62,1.00
2017.04.11 16:13:22.282,0.82305,0.82309,1.00,1.00
2017.04.11 16:13:22.791,0.82304,0.82308,1.00,1.00
2017.04.11 16:13:23.053,0.82302,0.82308,1.00,1.00
2017.04.11 16:13:23.560,0.82301,0.82307,1.12,1.00
2017.04.11 16:13:24.269,0.823,0.82305,1.12,1.00
2017.04.11 16:13:25.495,0.82298,0.82305,1.87,1.00
2017.04.11 16:13:26.310,0.823,0.82305,1.00,1.00
2017.04.11 16:13:27.051,0.82299,0.82305,1.12,1.00
2017.04.11 16:13:28.250,0.82299,0.82306,1.12,1.50
2017.04.11 16:13:28.786,0.82299,0.82305,1.12,1.00
2017.04.11 16:13:30.517,0.82299,0.82305,2.25,1.00
2017.04.11 16:13:31.041,0.82299,0.82305,1.87,1.00
2017.04.11 16:13:31.844,0.82298,0.82303,1.00,1.00
2017.04.11 16:13:32.097,0.82296,0.823,1.50,1.00
2017.04.11 16:13:33.326,0.82296,0.823,1.00,1.00
2017.04.11 16:13:33.631,0.82297,0.82302,1.50,1.00
2017.04.11 16:13:37.459,0.82296,0.82304,1.87,1.12
2017.04.11 16:13:37.510,0.82296,0.82304,1.75,3.37
2017.04.11 16:13:37.611,0.82296,0.82304,1.75,1.00
2017.04.11 16:13:37.712,0.82299,0.82304,1.50,1.00
2017.04.11 16:13:39.697,0.82301,0.82305,1.00,1.00
2017.04.11 16:13:39.748,0.82301,0.82306,1.50,1.00
2017.04.11 16:13:40.304,0.82299,0.82306,1.50,1.00
2017.04.11 16:13:40.608,0.82297,0.82303,1.50,1.00
2017.04.11 16:13:41.019,0.82299,0.82303,1.00,1.00
2017.04.11 16:13:41.327,0.82301,0.82305,1.12,1.00
2017.04.11 16:13:42.415,0.823,0.82304,1.50,1.00
2017.04.11 16:13:43.278,0.82301,0.82305,1.00,1.00
2017.04.11 16:13:44.004,0.823,0.82304,2.25,1.00
2017.04.11 16:13:44.540,0.82301,0.82305,1.12,1.00
2017.04.11 16:13:44.843,0.82301,0.82305,1.50,1.00
2017.04.11 16:13:45.349,0.82301,0.82305,1.12,1.00
2017.04.11 16:13:45.617,0.82304,0.82309,1.37,2.25
2017.04.11 16:13:46.097,0.82305,0.82309,2.62,1.00
2017.04.11 16:13:48.162,0.82304,0.82309,1.50,1.00
2017.04.11 16:13:48.984,0.82309,0.82313,1.00,1.12
2017.04.11 16:13:49.085,0.8231,0.82314,1.00,1.00
2017.04.11 16:13:49.273,0.82312,0.82316,1.00,1.00
2017.04.11 16:13:49.324,0.82311,0.82315,1.12,1.00
2017.04.11 16:13:49.476,0.82313,0.82317,3.75,1.00
2017.04.11 16:13:49.679,0.82319,0.82323,1.00,1.00
2017.04.11 16:13:49.831,0.82319,0.82326,1.00,1.00
2017.04.11 16:13:49.882,0.82321,0.82326,1.00,1.00
2017.04.11 16:13:50.084,0.82318,0.82326,1.50,1.12
2017.04.11 16:13:50.720,0.82319,0.82325,1.00,1.00
2017.04.11 16:13:51.265,0.82318,0.82326,1.00,1.50
2017.04.11 16:13:51.367,0.82322,0.82326,1.00,1.00
2017.04.11 16:13:51.687,0.82324,0.82328,1.00,1.00
2017.04.11 16:13:52.041,0.82322,0.82326,1.12,1.00
2017.04.11 16:13:52.142,0.82321,0.82328,1.00,1.87
2017.04.11 16:13:52.193,0.82321,0.82328,1.00,3.37
2017.04.11 16:13:52.244,0.82318,0.82327,1.00,1.87
2017.04.11 16:13:52.447,0.82317,0.82322,1.00,1.00
2017.04.11 16:13:53.351,0.82318,0.82322,1.00,1.00
2017.04.11 16:13:53.857,0.82319,0.82323,1.12,1.00
2017.04.11 16:13:55.535,0.82318,0.82322,2.68,1.00
2017.04.11 16:13:56.041,0.82318,0.82323,1.18,1.00
2017.04.11 16:13:56.629,0.82318,0.82322,1.18,1.00
2017.04.11 16:13:56.963,0.82319,0.82326,1.07,1.00
2017.04.11 16:13:57.469,0.82318,0.82326,2.30,2.25
2017.04.11 16:14:00.539,0.82317,0.82326,3.43,1.00
2017.04.11 16:14:00.691,0.82318,0.82326,3.80,2.25
2017.04.11 16:14:01.045,0.82318,0.82326,1.77,1.00
2017.04.11 16:14:01.565,0.82318,0.82326,1.39,1.00
2017.04.11 16:14:02.096,0.82319,0.82326,1.00,1.00
2017.04.11 16:14:02.599,0.82318,0.82326,1.77,1.00
2017.04.11 16:14:03.206,0.82317,0.82326,1.27,1.37
2017.04.11 16:14:03.507,0.82316,0.82326,1.39,2.25
2017.04.11 16:14:03.659,0.82316,0.82326,1.39,1.87
2017.04.11 16:14:04.063,0.82317,0.82324,1.02,1.00
2017.04.11 16:14:04.265,0.82314,0.82323,1.77,1.50
2017.04.11 16:14:04.771,0.82316,0.82323,1.50,1.00
2017.04.11 16:14:04.833,0.82316,0.82323,3.75,1.00
2017.04.11 16:14:05.483,0.82316,0.82323,1.87,1.00
2017.04.11 16:14:05.585,0.82316,0.82323,3.75,1.00
2017.04.11 16:14:05.995,0.8232,0.82324,1.00,1.00
2017.04.11 16:14:06.299,0.82323,0.82329,3.75,1.00
2017.04.11 16:14:06.350,0.82324,0.8233,2.62,1.00
2017.04.11 16:14:06.931,0.82321,0.82329,3.75,1.00
2017.04.11 16:14:06.982,0.82321,0.82329,1.50,1.00
2017.04.11 16:14:07.587,0.82321,0.82329,3.00,1.00
2017.04.11 16:14:08.269,0.82325,0.82329,1.12,1.00
2017.04.11 16:14:08.370,0.82325,0.82331,2.25,1.12
2017.04.11 16:14:08.876,0.82326,0.82331,1.50,1.00
2017.04.11 16:14:09.028,0.82328,0.82333,1.50,1.00
2017.04.11 16:14:10.044,0.82328,0.82333,2.62,1.00
2017.04.11 16:14:10.140,0.82328,0.82335,2.25,1.00
2017.04.11 16:14:10.254,0.82329,0.82335,4.12,1.00
2017.04.11 16:14:10.507,0.82329,0.82335,1.50,1.00
2017.04.11 16:14:11.050,0.82327,0.82335,2.62,1.00
2017.04.11 16:14:11.253,0.82328,0.82335,2.62,1.00
2017.04.11 16:14:11.456,0.82325,0.82334,1.87,1.00
2017.04.11 16:14:11.962,0.82325,0.82334,1.00,1.87
2017.04.11 16:14:12.512,0.82325,0.82335,1.87,3.00
2017.04.11 16:14:13.055,0.82329,0.82335,1.00,1.50
2017.04.11 16:14:13.358,0.8233,0.82337,2.25,1.00
2017.04.11 16:14:13.409,0.8233,0.82337,2.25,1.00
2017.04.11 16:14:14.068,0.82329,0.82337,1.50,1.00
2017.04.11 16:14:14.371,0.8233,0.82337,1.87,1.00
2017.04.11 16:14:14.826,0.82329,0.82337,1.12,1.00
2017.04.11 16:14:14.978,0.82327,0.82337,2.25,1.87
2017.04.11 16:14:15.079,0.82327,0.82334,2.25,1.00
2017.04.11 16:14:15.406,0.82328,0.82334,1.87,1.00
2017.04.11 16:14:16.567,0.82329,0.82335,1.50,1.00
2017.04.11 16:14:17.150,0.8233,0.82336,1.37,1.00
2017.04.11 16:14:17.504,0.82335,0.82339,1.00,1.12
2017.04.11 16:14:17.605,0.82335,0.82339,1.00,1.00
2017.04.11 16:14:17.707,0.82336,0.82341,1.37,1.00
2017.04.11 16:14:17.993,0.82332,0.8234,3.00,1.00
2017.04.11 16:14:18.095,0.82331,0.82338,1.12,1.00
2017.04.11 16:14:18.550,0.82329,0.82337,1.00,1.00
2017.04.11 16:14:18.701,0.82331,0.82338,1.00,1.12
2017.04.11 16:14:19.751,0.8233,0.82338,1.50,1.12
2017.04.11 16:14:20.055,0.82331,0.82338,1.37,1.00
2017.04.11 16:14:20.561,0.82331,0.8234,1.00,1.50
2017.04.11 16:14:21.210,0.82331,0.8234,1.12,1.00
2017.04.11 16:14:21.618,0.82331,0.82341,5.25,1.12
2017.04.11 16:14:21.720,0.82331,0.82341,1.87,1.12
2017.04.11 16:14:22.377,0.82331,0.8234,1.50,4.12
2017.04.11 16:14:22.679,0.82331,0.82341,1.87,2.25
2017.04.11 16:14:22.994,0.82333,0.82339,1.00,1.50
2017.04.11 16:14:23.197,0.82333,0.82341,1.00,1.50
2017.04.11 16:14:23.730,0.82333,0.8234,1.00,1.12
2017.04.11 16:14:23.932,0.82331,0.8234,1.12,1.12
2017.04.11 16:14:24.447,0.82331,0.82341,1.12,3.75
2017.04.11 16:14:24.498,0.82331,0.82341,1.50,1.50
2017.04.11 16:14:25.029,0.82331,0.82341,2.25,1.00
2017.04.11 16:14:25.518,0.82334,0.82342,1.00,3.00
2017.04.11 16:14:25.619,0.82332,0.82341,1.50,1.00
2017.04.11 16:14:25.670,0.82333,0.82338,1.00,1.00
2017.04.11 16:14:25.772,0.8233,0.8234,4.50,1.00
2017.04.11 16:14:27.054,0.82331,0.8234,1.37,1.00
2017.04.11 16:14:28.037,0.82332,0.8234,1.12,2.62
2017.04.11 16:14:28.138,0.82332,0.82341,1.12,1.87
2017.04.11 16:14:28.967,0.82333,0.82342,1.12,4.12
2017.04.11 16:14:29.502,0.82334,0.82343,1.00,1.50
2017.04.11 16:14:30.496,0.82335,0.82343,1.00,3.00
2017.04.11 16:14:30.547,0.82333,0.8234,1.00,1.00
2017.04.11 16:14:30.750,0.82331,0.8234,1.87,1.87
2017.04.11 16:14:31.007,0.8233,0.82337,1.50,1.00
2017.04.11 16:14:31.311,0.8233,0.82335,1.00,1.00
2017.04.11 16:14:31.462,0.82328,0.82335,1.12,1.00
2017.04.11 16:14:32.810,0.82327,0.82335,2.62,1.00
2017.04.11 16:14:32.861,0.82327,0.82333,1.50,1.00
2017.04.11 16:14:33.166,0.82324,0.82332,1.00,3.37
2017.04.11 16:14:33.672,0.82324,0.82329,1.00,1.12
2017.04.11 16:14:34.233,0.82322,0.82329,1.12,1.00
2017.04.11 16:14:34.739,0.82321,0.82329,1.87,1.50
2017.04.11 16:14:36.044,0.82322,0.82329,1.00,1.12
2017.04.11 16:14:36.096,0.82324,0.82331,2.25,1.50
2017.04.11 16:14:36.655,0.82324,0.82331,2.25,1.37
2017.04.11 16:14:37.182,0.82323,0.8233,1.12,1.00
2017.04.11 16:14:37.713,0.82321,0.8233,1.00,1.12
2017.04.11 16:14:37.764,0.82321,0.8233,1.00,3.37
2017.04.11 16:14:38.302,0.82322,0.82331,1.12,2.25
2017.04.11 16:14:38.821,0.82322,0.82331,1.87,2.25
2017.04.11 16:14:39.346,0.82322,0.82331,1.87,2.25
2017.04.11 16:14:39.447,0.82324,0.8233,1.12,2.25
2017.04.11 16:14:39.650,0.82325,0.82331,1.37,1.12
2017.04.11 16:14:40.208,0.82325,0.82331,2.25,1.00
2017.04.11 16:14:40.259,0.82326,0.82333,1.00,1.12
2017.04.11 16:14:40.649,0.82328,0.82333,1.12,1.00
2017.04.11 16:14:40.801,0.82326,0.82333,1.87,1.00
2017.04.11 16:14:40.852,0.82326,0.82335,1.87,1.00
2017.04.11 16:14:41.162,0.82325,0.82334,1.00,1.37
2017.04.11 16:14:41.314,0.82323,0.82333,2.62,2.25
2017.04.11 16:14:41.365,0.82323,0.82332,2.25,2.62
2017.04.11 16:14:41.692,0.82321,0.82329,2.25,2.25
2017.04.11 16:14:41.743,0.82322,0.82331,1.00,6.37
2017.04.11 16:14:41.946,0.82323,0.82331,1.00,1.12
2017.04.11 16:14:42.047,0.8232,0.82328,1.00,1.12
2017.04.11 16:14:42.350,0.82317,0.82325,1.87,2.62
2017.04.11 16:14:42.553,0.82316,0.82327,1.87,2.62
2017.04.11 16:14:42.755,0.82316,0.82326,2.25,2.62
2017.04.11 16:14:43.148,0.82316,0.82326,1.12,2.62
2017.04.11 16:14:43.301,0.82316,0.82324,4.90,1.00
2017.04.11 16:14:43.352,0.82316,0.82324,2.25,1.00
2017.04.11 16:14:43.403,0.82317,0.82325,1.50,2.62
2017.04.11 16:14:43.555,0.82317,0.82327,1.87,3.37
2017.04.11 16:14:44.098,0.82317,0.82328,1.75,4.12
2017.04.11 16:14:44.351,0.82317,0.82325,1.37,1.00
2017.04.11 16:14:44.896,0.82316,0.82326,1.53,3.00
2017.04.11 16:14:45.402,0.82317,0.82326,1.87,2.62
2017.04.11 16:14:45.649,0.82317,0.82326,3.00,1.00
2017.04.11 16:14:46.168,0.82318,0.82326,1.00,1.00
2017.04.11 16:14:46.673,0.82317,0.82326,1.50,1.00
2017.04.11 16:14:46.775,0.82317,0.82326,1.50,2.62
2017.04.11 16:14:46.876,0.82316,0.82328,4.15,8.62
2017.04.11 16:14:47.078,0.82318,0.82326,1.00,3.37
2017.04.11 16:14:47.213,0.82318,0.82326,1.00,1.12
2017.04.11 16:14:47.801,0.82318,0.82326,1.00,1.37
2017.04.11 16:14:48.358,0.8232,0.82325,1.00,1.12
2017.04.11 16:14:48.409,0.82318,0.82325,1.12,1.12
2017.04.11 16:14:48.958,0.82317,0.82328,2.25,5.25
2017.04.11 16:14:49.160,0.82317,0.82327,3.37,1.12
2017.04.11 16:14:50.162,0.82319,0.82327,1.12,1.50
2017.04.11 16:14:50.668,0.82318,0.82326,2.25,2.62
2017.04.11 16:14:51.185,0.82317,0.82325,1.12,1.00
2017.04.11 16:14:51.590,0.82317,0.82325,2.25,2.25
2017.04.11 16:14:51.691,0.82317,0.82327,2.62,4.12
2017.04.11 16:14:52.045,0.82319,0.82327,1.00,2.62
2017.04.11 16:14:52.298,0.82319,0.82328,1.87,1.37
2017.04.11 16:14:52.348,0.82321,0.82329,1.12,6.00
2017.04.11 16:14:52.691,0.82325,0.82331,1.00,3.37
2017.04.11 16:14:53.197,0.82325,0.82333,1.00,4.12
2017.04.11 16:14:53.299,0.82323,0.82332,1.87,1.37
2017.04.11 16:14:53.602,0.82323,0.82327,2.62,1.00
2017.04.11 16:14:54.311,0.82323,0.82328,2.25,1.00
2017.04.11 16:14:55.392,0.82323,0.82328,1.50,1.50
2017.04.11 16:14:58.059,0.82323,0.82329,1.50,1.42
2017.04.11 16:14:58.534,0.82319,0.82324,7.12,1.42
2017.04.11 16:14:58.686,0.82319,0.82324,2.17,1.42
2017.04.11 16:14:59.496,0.82319,0.82324,1.42,1.42
2017.04.11 16:15:00.037,0.82319,0.82324,1.37,1.42
2017.04.11 16:15:00.441,0.8232,0.82328,1.00,1.50
2017.04.11 16:15:00.492,0.8232,0.82328,1.00,4.12
2017.04.11 16:15:00.542,0.8232,0.82328,1.87,1.00
2017.04.11 16:15:01.076,0.82321,0.82329,1.00,3.00
2017.04.11 16:15:01.607,0.82319,0.82329,2.25,3.00
2017.04.11 16:15:02.113,0.82319,0.82329,2.25,1.37
2017.04.11 16:15:02.795,0.8232,0.8233,2.62,3.37
2017.04.11 16:15:02.896,0.8232,0.82331,3.00,1.87
2017.04.11 16:15:03.407,0.82322,0.8233,1.12,1.12
2017.04.11 16:15:03.913,0.82324,0.82331,1.00,1.00
2017.04.11 16:15:04.450,0.82325,0.82335,1.12,6.00
2017.04.11 16:15:04.652,0.82325,0.82335,1.00,2.30
2017.04.11 16:15:05.158,0.82325,0.82335,1.12,1.50
2017.04.11 16:15:05.615,0.82327,0.82336,1.00,1.37
2017.04.11 16:15:05.951,0.8233,0.82339,1.12,1.00
2017.04.11 16:15:06.609,0.82329,0.8234,3.00,4.87
2017.04.11 16:15:06.760,0.82329,0.82339,3.37,1.00
2017.04.11 16:15:06.811,0.82329,0.8234,3.37,4.87
2017.04.11 16:15:07.664,0.8233,0.8234,1.00,4.12
2017.04.11 16:15:08.166,0.8233,0.8234,1.00,2.25
2017.04.11 16:15:08.674,0.8233,0.8234,1.87,1.12
2017.04.11 16:15:09.322,0.82331,0.82341,1.50,1.12
2017.04.11 16:15:09.374,0.82333,0.82342,1.00,3.00
2017.04.11 16:15:09.831,0.82334,0.82344,2.25,1.50
2017.04.11 16:15:10.370,0.82334,0.82344,1.12,1.12
2017.04.11 16:15:10.522,0.82334,0.82344,1.00,3.37
2017.04.11 16:15:11.046,0.82334,0.82345,1.50,3.37
2017.04.11 16:15:11.551,0.82334,0.82344,1.00,2.25
2017.04.11 16:15:12.062,0.82334,0.82342,1.50,1.00
2017.04.11 16:15:12.606,0.82334,0.82342,1.12,1.00
2017.04.11 16:15:13.133,0.82335,0.82345,1.00,4.50
2017.04.11 16:15:13.648,0.82334,0.82344,3.00,3.37
2017.04.11 16:15:14.470,0.82334,0.82344,1.87,3.37
2017.04.11 16:15:15.040,0.82334,0.82344,1.87,1.50
2017.04.11 16:15:15.343,0.82336,0.82345,1.00,1.50
2017.04.11 16:15:16.320,0.82337,0.82345,1.37,1.50
2017.04.11 16:15:16.623,0.82336,0.82346,3.00,1.00
2017.04.11 16:15:17.231,0.82336,0.82346,1.12,1.50
2017.04.11 16:15:17.697,0.82339,0.82346,1.00,1.00
2017.04.11 16:15:17.940,0.82339,0.82349,1.87,1.50
2017.04.11 16:15:18.464,0.82341,0.82349,1.00,1.00
2017.04.11 16:15:18.989,0.82341,0.8235,1.00,1.12
2017.04.11 16:15:19.774,0.8234,0.82349,2.62,1.00
2017.04.11 16:15:19.976,0.82339,0.82349,3.00,2.25
2017.04.11 16:15:20.471,0.82341,0.8235,1.00,2.25
2017.04.11 16:15:20.975,0.82341,0.8235,1.00,1.50
2017.04.11 16:15:21.511,0.8234,0.8235,1.12,1.50
2017.04.11 16:15:22.020,0.82341,0.8235,1.12,1.37
2017.04.11 16:15:22.448,0.82341,0.82351,1.50,1.87
2017.04.11 16:15:23.049,0.82342,0.82351,1.00,1.50
2017.04.11 16:15:23.558,0.82342,0.82352,1.87,1.50
2017.04.11 16:15:24.160,0.82343,0.8235,1.00,1.00
2017.04.11 16:15:25.220,0.82344,0.82351,1.00,1.50
2017.04.11 16:15:25.725,0.82344,0.82351,1.00,1.00
2017.04.11 16:15:26.370,0.82347,0.82355,1.00,3.37
2017.04.11 16:15:26.421,0.82348,0.82355,1.50,1.00
2017.04.11 16:15:26.573,0.82349,0.82357,1.50,1.37
2017.04.11 16:15:27.078,0.82349,0.82357,1.00,2.25
2017.04.11 16:15:28.349,0.82349,0.82356,1.00,1.50
2017.04.11 16:15:28.451,0.82347,0.82356,1.00,1.75
2017.04.11 16:15:29.057,0.82347,0.82355,1.00,1.12
2017.04.11 16:15:29.606,0.82347,0.82356,1.87,1.12
2017.04.11 16:15:29.910,0.82348,0.82357,1.87,1.50
2017.04.11 16:15:30.352,0.82351,0.82359,1.12,1.87
2017.04.11 16:15:30.403,0.82351,0.8236,1.12,1.87
2017.04.11 16:15:30.454,0.82353,0.8236,1.00,1.00
2017.04.11 16:15:31.012,0.82354,0.82361,1.00,1.12
2017.04.11 16:15:31.498,0.82354,0.82364,1.50,2.25
2017.04.11 16:15:32.044,0.82354,0.82364,1.87,1.50
2017.04.11 16:15:32.448,0.82357,0.82364,1.00,1.50
2017.04.11 16:15:32.979,0.82357,0.82364,1.00,1.00
2017.04.11 16:15:33.493,0.82358,0.82365,1.00,1.12
2017.04.11 16:15:36.833,0.82358,0.82366,1.00,2.25
2017.04.11 16:15:37.342,0.82359,0.82367,2.54,1.87
2017.04.11 16:15:37.847,0.82359,0.82367,1.50,1.00
2017.04.11 16:15:38.518,0.82359,0.82366,1.00,1.00
2017.04.11 16:15:39.760,0.82359,0.82366,1.00,3.00
2017.04.11 16:15:40.281,0.82357,0.82361,1.00,2.06
2017.04.11 16:15:40.331,0.82357,0.82361,1.00,2.06
2017.04.11 16:15:40.382,0.82355,0.8236,1.00,2.06
2017.04.11 16:15:40.433,0.82353,0.82357,1.12,2.06
2017.04.11 16:15:41.143,0.82352,0.82357,1.00,2.97
2017.04.11 16:15:41.647,0.82352,0.82358,1.00,2.97
2017.04.11 16:15:41.961,0.8235,0.82358,1.00,2.81
2017.04.11 16:15:42.466,0.8235,0.82358,1.00,3.56
2017.04.11 16:15:43.474,0.8235,0.82358,1.00,2.81
2017.04.11 16:15:43.802,0.8235,0.82356,1.00,1.00
2017.04.11 16:15:44.307,0.82349,0.82355,1.00,1.50
2017.04.11 16:15:44.956,0.82349,0.82355,1.00,3.94
2017.04.11 16:15:45.515,0.82347,0.82354,1.00,1.00
2017.04.11 16:15:45.895,0.82347,0.82352,1.00,2.06
2017.04.11 16:15:45.946,0.82344,0.82352,3.00,2.06
2017.04.11 16:15:46.510,0.82344,0.82351,2.25,1.00
2017.04.11 16:15:47.051,0.82344,0.8235,1.50,1.29
2017.04.11 16:15:47.601,0.82344,0.82351,1.50,4.50
2017.04.11 16:15:49.365,0.82344,0.82351,1.50,1.05
2017.04.11 16:15:49.928,0.82344,0.82351,1.00,1.00
2017.04.11 16:15:49.979,0.82348,0.82352,1.00,1.00
2017.04.11 16:15:50.131,0.82348,0.82355,1.00,3.43
2017.04.11 16:15:50.233,0.82348,0.82355,1.12,1.07
2017.04.11 16:15:50.966,0.82348,0.82357,1.00,1.55
2017.04.11 16:15:52.217,0.82347,0.82356,1.87,1.07
2017.04.11 16:15:53.553,0.82347,0.82357,1.50,4.55
2017.04.11 16:15:53.654,0.82347,0.82355,1.50,3.80
2017.04.11 16:15:53.705,0.82347,0.82356,1.12,1.18
2017.04.11 16:15:54.210,0.82348,0.82357,2.25,1.45
2017.04.11 16:15:54.451,0.82348,0.82356,1.00,5.30
2017.04.11 16:15:54.603,0.82345,0.82354,1.00,4.93
2017.04.11 16:15:55.403,0.82344,0.82352,1.87,1.07
2017.04.11 16:15:58.661,0.82345,0.82352,1.00,1.00
2017.04.11 16:15:58.762,0.82347,0.82352,1.12,1.00
2017.04.11 16:15:58.914,0.82347,0.82355,1.12,1.00
2017.04.11 16:15:59.068,0.82347,0.82353,1.00,1.00
2017.04.11 16:16:00.079,0.82347,0.82354,1.00,3.35
2017.04.11 16:16:00.332,0.82348,0.82357,1.12,4.47
2017.04.11 16:16:00.890,0.82347,0.82355,1.87,2.97
2017.04.11 16:16:01.436,0.82347,0.82354,1.00,1.00
2017.04.11 16:16:01.538,0.82345,0.82354,1.50,4.85
2017.04.11 16:16:01.639,0.82345,0.82354,1.50,7.47
2017.04.11 16:16:03.469,0.82345,0.82351,1.00,1.00
2017.04.11 16:16:03.621,0.82343,0.82351,1.00,1.50
2017.04.11 16:16:03.925,0.82345,0.82352,1.00,1.75
2017.04.11 16:16:03.975,0.82343,0.82352,1.87,2.25
2017.04.11 16:16:04.077,0.82345,0.82351,1.00,1.00
2017.04.11 16:16:04.279,0.82345,0.82354,1.00,1.87
2017.04.11 16:16:04.330,0.82345,0.82354,1.12,2.25
2017.04.11 16:16:04.532,0.82346,0.82355,1.87,1.50
2017.04.11 16:16:04.634,0.82346,0.82354,1.87,1.00
2017.04.11 16:16:05.477,0.82349,0.82354,1.00,1.00
2017.04.11 16:16:05.796,0.82351,0.82358,1.00,1.00
2017.04.11 16:16:05.948,0.82349,0.82358,2.62,1.87
2017.04.11 16:16:06.201,0.82348,0.82357,1.00,3.75
2017.04.11 16:16:06.708,0.82347,0.82354,1.00,1.00
2017.04.11 16:16:06.911,0.82345,0.82354,1.87,1.50
2017.04.11 16:16:07.444,0.82345,0.82354,1.50,1.50
2017.04.11 16:16:07.596,0.82345,0.82352,1.00,1.00
2017.04.11 16:16:08.103,0.82346,0.82352,1.12,1.00
2017.04.11 16:16:08.864,0.82345,0.82352,1.50,1.12
2017.04.11 16:16:12.074,0.82345,0.82353,1.00,1.12
2017.04.11 16:16:12.581,0.82344,0.82353,3.00,1.50
2017.04.11 16:16:13.116,0.82344,0.82353,3.00,1.50
2017.04.11 16:16:16.837,0.82344,0.82353,2.25,1.42
2017.04.11 16:16:17.383,0.82344,0.82352,1.87,1.04
2017.04.11 16:16:18.133,0.82344,0.82352,1.00,2.17
2017.04.11 16:16:18.538,0.82346,0.82352,1.00,1.00
2017.04.11 16:16:18.690,0.82346,0.82355,1.50,1.50
2017.04.11 16:16:18.979,0.82347,0.82356,1.87,1.50
2017.04.11 16:16:20.390,0.82347,0.82356,1.87,1.75
2017.04.11 16:16:20.860,0.82348,0.82356,1.00,1.00
2017.04.11 16:16:21.325,0.82351,0.82358,1.00,2.54
2017.04.11 16:16:22.311,0.8235,0.82357,1.00,1.50
2017.04.11 16:16:25.221,0.82349,0.82357,1.00,1.87
2017.04.11 16:16:25.524,0.82347,0.82356,1.50,1.87
2017.04.11 16:16:26.750,0.82346,0.82355,2.25,1.50
2017.04.11 16:16:27.253,0.82346,0.82354,2.92,1.00
2017.04.11 16:16:27.757,0.82348,0.82355,1.00,2.25
2017.04.11 16:16:27.960,0.82351,0.82358,1.00,1.87
2017.04.11 16:16:28.162,0.82351,0.82359,1.12,1.12
2017.04.11 16:16:28.716,0.82351,0.8236,1.50,2.25
2017.04.11 16:16:29.222,0.8235,0.82359,1.12,2.25
2017.04.11 16:16:29.475,0.82349,0.82356,1.87,1.00
2017.04.11 16:16:29.983,0.82349,0.82356,1.50,1.00
2017.04.11 16:16:30.521,0.82349,0.82357,2.25,1.12
2017.04.11 16:16:31.211,0.82349,0.82356,1.50,1.12
2017.04.11 16:16:32.339,0.82349,0.82356,1.87,1.12
2017.04.11 16:16:32.737,0.82348,0.82356,2.25,3.43
2017.04.11 16:16:32.990,0.82346,0.82355,2.25,4.55
2017.04.11 16:16:33.395,0.82344,0.82353,1.37,1.07
2017.04.11 16:16:33.547,0.82344,0.82352,1.37,3.43
2017.04.11 16:16:34.330,0.82343,0.82352,3.75,4.18
2017.04.11 16:16:34.837,0.82343,0.82352,1.00,5.30
2017.04.11 16:16:37.537,0.82342,0.82351,1.50,1.12
2017.04.11 16:16:38.826,0.82342,0.82351,1.00,1.50
2017.04.11 16:16:39.230,0.82342,0.82351,1.75,1.00
2017.04.11 16:16:39.736,0.82342,0.82351,3.00,2.06
2017.04.11 16:16:40.247,0.82342,0.82351,1.12,2.81
2017.04.11 16:16:40.832,0.82342,0.82351,1.12,3.19
2017.04.11 16:16:41.392,0.82343,0.8235,1.00,1.00
2017.04.11 16:16:42.629,0.82343,0.82351,1.00,1.50
2017.04.11 16:16:43.158,0.82344,0.82351,1.00,1.87
2017.04.11 16:16:43.209,0.82341,0.82351,3.37,1.50
2017.04.11 16:16:43.512,0.82343,0.82352,2.25,1.37
2017.04.11 16:16:44.051,0.82345,0.82353,1.00,2.25
2017.04.11 16:16:44.584,0.82341,0.82349,4.87,1.50
2017.04.11 16:16:44.786,0.82342,0.8235,1.50,1.12
2017.04.11 16:16:45.332,0.82343,0.82352,2.62,1.50
2017.04.11 16:16:47.833,0.82343,0.82351,2.25,1.00
2017.04.11 16:16:48.429,0.82343,0.82352,2.25,1.87
2017.04.11 16:16:48.949,0.82343,0.82352,3.00,1.00
2017.04.11 16:16:50.505,0.82343,0.82352,3.00,1.00
2017.04.11 16:16:51.745,0.82345,0.82352,1.00,1.00
2017.04.11 16:16:52.048,0.82347,0.82355,1.37,1.00
2017.04.11 16:16:52.555,0.82349,0.82356,1.00,1.12
2017.04.11 16:16:54.287,0.82347,0.82352,1.00,1.00
2017.04.11 16:16:54.792,0.82346,0.82352,1.12,1.00
2017.04.11 16:16:55.283,0.82346,0.82354,1.12,1.50
2017.04.11 16:16:55.833,0.82346,0.82353,1.87,1.00
2017.04.11 16:16:56.356,0.82348,0.82355,1.00,1.50
2017.04.11 16:16:56.862,0.82347,0.82355,1.12,1.87
2017.04.11 16:16:58.697,0.82346,0.82353,1.12,1.00
2017.04.11 16:16:59.050,0.82349,0.82354,1.00,1.00
2017.04.11 16:16:59.152,0.8235,0.82356,1.00,1.87
2017.04.11 16:16:59.680,0.82351,0.82356,1.00,1.00
2017.04.11 16:16:59.879,0.82349,0.82358,2.25,1.37
2017.04.11 16:17:00.451,0.82349,0.82356,1.12,1.00
2017.04.11 16:17:00.998,0.82348,0.82355,1.50,1.00
2017.04.11 16:17:01.861,0.82348,0.82354,1.00,1.00
2017.04.11 16:17:03.546,0.82346,0.82354,1.12,1.12
2017.04.11 16:17:04.237,0.82346,0.82354,1.00,1.37
2017.04.11 16:17:04.439,0.82347,0.82355,1.12,2.25
2017.04.11 16:17:05.311,0.82348,0.82355,1.00,1.87
2017.04.11 16:17:05.917,0.82347,0.82355,2.25,1.00
2017.04.11 16:17:06.430,0.82347,0.82354,2.25,1.00
2017.04.11 16:17:07.247,0.82348,0.82354,1.00,1.00
2017.04.11 16:17:07.865,0.82347,0.82354,1.87,1.00
2017.04.11 16:17:07.916,0.82347,0.82356,1.12,1.87
2017.04.11 16:17:08.469,0.82347,0.82355,1.12,1.00
2017.04.11 16:17:10.549,0.82347,0.82355,2.25,1.00
2017.04.11 16:17:11.071,0.82347,0.82356,3.37,1.12
2017.04.11 16:17:11.455,0.82347,0.82352,1.50,1.00
2017.04.11 16:17:11.688,0.82345,0.82352,2.25,1.12
2017.04.11 16:17:12.193,0.82344,0.82351,1.00,1.00
2017.04.11 16:17:13.080,0.82343,0.82351,3.37,1.00
2017.04.11 16:17:13.702,0.82345,0.82352,1.00,1.75
2017.04.11 16:17:13.753,0.82345,0.82352,1.00,1.12
2017.04.11 16:17:14.050,0.82343,0.82353,3.00,2.62
2017.04.11 16:17:14.252,0.82344,0.82351,1.00,1.50
2017.04.11 16:17:14.755,0.82344,0.82351,1.00,1.00
2017.04.11 16:17:15.305,0.82343,0.82351,3.00,1.00
2017.04.11 16:17:15.813,0.82343,0.82352,3.37,1.50
2017.04.11 16:17:16.320,0.82343,0.82351,1.87,1.00
2017.04.11 16:17:16.927,0.82343,0.82351,1.87,1.00
2017.04.11 16:17:17.230,0.82346,0.82354,1.00,2.38
2017.04.11 16:17:17.775,0.82346,0.82354,1.12,2.01
2017.04.11 16:17:18.501,0.82347,0.82354,1.00,1.12
2017.04.11 16:17:19.789,0.82346,0.82356,1.87,2.62
2017.04.11 16:17:20.716,0.82346,0.82353,1.12,1.00
2017.04.11 16:17:21.688,0.82346,0.82354,1.00,2.54
2017.04.11 16:17:22.956,0.82346,0.82353,1.00,1.00
2017.04.11 16:17:23.505,0.82346,0.82352,1.00,1.00
2017.04.11 16:17:24.322,0.82346,0.82351,1.00,1.12
2017.04.11 16:17:24.979,0.82344,0.82351,1.00,1.50
2017.04.11 16:17:25.556,0.82343,0.82351,1.00,1.50
2017.04.11 16:17:25.607,0.82342,0.82349,1.00,1.42
2017.04.11 16:17:26.113,0.82343,0.82351,1.00,1.79
2017.04.11 16:17:27.281,0.82343,0.82351,1.00,1.50
2017.04.11 16:17:27.808,0.82344,0.82351,1.00,1.00
2017.04.11 16:17:28.723,0.82344,0.82351,1.50,1.50
2017.04.11 16:17:30.297,0.82344,0.82351,1.50,1.00
2017.04.11 16:17:30.831,0.82344,0.82352,1.50,1.87
2017.04.11 16:17:33.329,0.82344,0.82353,2.25,1.50
2017.04.11 16:17:33.843,0.82344,0.82352,1.50,1.12
2017.04.11 16:17:34.197,0.82344,0.82352,1.87,1.87
