2017.04.03 20:00:00.253,0.82817,0.82828,1.87,1.12
2017.04.03 20:00:00.355,0.82816,0.82825,4.12,1.00
2017.04.03 20:00:00.583,0.82815,0.82825,4.50,1.00
2017.04.03 20:00:00.886,0.82817,0.82827,1.00,1.12
2017.04.03 20:00:01.411,0.82817,0.82828,2.62,2.62
2017.04.03 20:00:01.789,0.82819,0.82828,1.12,1.12
2017.04.03 20:00:02.292,0.82819,0.82829,1.50,1.50
2017.04.03 20:00:02.343,0.82822,0.82829,1.35,1.00
2017.04.03 20:00:02.495,0.82822,0.82833,1.00,4.50
2017.04.03 20:00:02.598,0.82822,0.8283,1.67,1.00
2017.04.03 20:00:02.801,0.82822,0.82832,1.00,2.25
2017.04.03 20:00:03.110,0.8282,0.82831,2.62,1.87
2017.04.03 20:00:03.414,0.82818,0.82829,1.12,1.50
2017.04.03 20:00:05.167,0.82819,0.82828,1.00,1.37
2017.04.03 20:00:06.473,0.82818,0.82828,1.12,1.37
2017.04.03 20:00:06.995,0.82817,0.82828,3.37,1.12
2017.04.03 20:00:07.501,0.82817,0.82828,1.87,1.00
2017.04.03 20:00:07.805,0.8282,0.82829,1.37,1.87
2017.04.03 20:00:08.204,0.82818,0.82829,1.37,2.25
2017.04.03 20:00:08.711,0.82818,0.82829,1.50,4.12
2017.04.03 20:00:08.863,0.82821,0.82829,1.00,4.50
2017.04.03 20:00:09.116,0.82823,0.82832,1.00,2.62
2017.04.03 20:00:09.218,0.82822,0.82832,3.00,1.12
2017.04.03 20:00:09.320,0.82822,0.82832,3.00,1.50
2017.04.03 20:00:09.523,0.82822,0.82833,4.12,1.12
2017.04.03 20:00:09.798,0.82828,0.82835,1.00,1.12
2017.04.03 20:00:10.435,0.82825,0.82836,1.12,2.62
2017.04.03 20:00:10.681,0.82827,0.82836,1.00,2.62
2017.04.03 20:00:11.882,0.82827,0.82836,1.50,1.12
2017.04.03 20:00:12.190,0.82829,0.82836,1.12,1.50
2017.04.03 20:00:12.392,0.82834,0.82842,1.12,1.00
2017.04.03 20:00:12.898,0.82835,0.82843,1.12,1.50
2017.04.03 20:00:13.351,0.82837,0.82844,2.62,1.37
2017.04.03 20:00:13.403,0.82839,0.82848,1.12,2.62
2017.04.03 20:00:13.938,0.82838,0.82848,1.50,2.62
2017.04.03 20:00:14.140,0.82839,0.82848,1.37,2.25
2017.04.03 20:00:14.191,0.82839,0.82849,2.25,1.50
2017.04.03 20:00:14.740,0.82839,0.82849,1.50,1.50
2017.04.03 20:00:15.309,0.8284,0.82848,1.00,1.00
2017.04.03 20:00:15.924,0.8284,0.82849,1.00,1.00
2017.04.03 20:00:16.425,0.8284,0.8285,2.62,1.00
2017.04.03 20:00:16.728,0.82841,0.8285,1.00,3.37
2017.04.03 20:00:17.271,0.82841,0.8285,1.12,2.25
2017.04.03 20:00:17.625,0.82839,0.82848,1.50,1.12
2017.04.03 20:00:17.727,0.82837,0.82848,2.99,1.50
2017.04.03 20:00:17.929,0.82838,0.82849,1.87,3.00
2017.04.03 20:00:19.073,0.82842,0.8285,1.00,4.50
2017.04.03 20:00:19.124,0.82843,0.8285,1.00,1.00
2017.04.03 20:00:19.175,0.82845,0.82851,1.00,2.25
2017.04.03 20:00:19.226,0.82845,0.82855,1.37,2.62
2017.04.03 20:00:19.732,0.82845,0.82856,1.12,3.75
2017.04.03 20:00:20.275,0.82845,0.82855,1.12,1.50
2017.04.03 20:00:20.578,0.82847,0.82856,1.00,2.62
2017.04.03 20:00:20.831,0.8285,0.82862,3.36,4.50
2017.04.03 20:00:21.021,0.82852,0.82861,1.72,2.62
2017.04.03 20:00:21.122,0.82854,0.82862,1.12,2.62
2017.04.03 20:00:21.426,0.82853,0.82863,4.71,1.12
2017.04.03 20:00:21.831,0.82855,0.82866,1.72,1.87
2017.04.03 20:00:21.883,0.82857,0.82867,1.35,3.37
2017.04.03 20:00:22.186,0.82858,0.82868,3.37,2.25
2017.04.03 20:00:22.237,0.82858,0.82869,5.25,1.12
2017.04.03 20:00:24.377,0.82859,0.8287,1.12,3.00
2017.04.03 20:00:24.898,0.82859,0.82869,1.50,1.00
2017.04.03 20:00:25.408,0.8286,0.8287,1.00,1.87
2017.04.03 20:00:26.101,0.82857,0.82867,6.37,1.37
2017.04.03 20:00:26.461,0.82855,0.82865,2.16,1.87
2017.04.03 20:00:26.539,0.82855,0.82865,3.37,2.25
2017.04.03 20:00:26.934,0.82855,0.82865,1.12,2.25
2017.04.03 20:00:27.137,0.82855,0.82865,3.37,1.87
2017.04.03 20:00:27.751,0.82856,0.82865,1.00,2.25
2017.04.03 20:00:28.063,0.82855,0.82863,1.12,1.50
2017.04.03 20:00:28.617,0.82856,0.82864,1.00,1.87
2017.04.03 20:00:29.134,0.82854,0.82864,1.87,1.87
2017.04.03 20:00:29.442,0.82853,0.82862,4.12,1.87
2017.04.03 20:00:30.059,0.82852,0.82862,3.37,1.87
2017.04.03 20:00:30.313,0.82854,0.82864,1.37,2.25
2017.04.03 20:00:31.396,0.82856,0.82866,1.12,4.50
2017.04.03 20:00:31.482,0.82861,0.82866,4.57,2.62
2017.04.03 20:00:31.583,0.82862,0.82866,1.00,1.00
2017.04.03 20:00:31.685,0.82863,0.82873,3.59,3.37
2017.04.03 20:00:31.786,0.82863,0.82873,3.59,1.12
2017.04.03 20:00:32.293,0.82863,0.82873,3.97,1.12
2017.04.03 20:00:32.624,0.82866,0.82874,1.00,1.00
2017.04.03 20:00:32.928,0.82867,0.82875,1.37,1.00
2017.04.03 20:00:33.383,0.82866,0.82875,1.50,1.50
2017.04.03 20:00:33.534,0.82866,0.82875,1.87,1.50
2017.04.03 20:00:34.343,0.82866,0.82875,1.87,1.50
2017.04.03 20:00:35.188,0.82866,0.82875,1.87,1.50
2017.04.03 20:00:35.496,0.82866,0.82875,2.25,1.50
2017.04.03 20:00:36.755,0.82867,0.82873,1.37,1.00
2017.04.03 20:00:36.857,0.82866,0.82874,1.00,1.00
2017.04.03 20:00:37.134,0.82866,0.82874,1.87,1.00
2017.04.03 20:00:37.235,0.82866,0.82874,1.50,1.00
2017.04.03 20:00:39.672,0.82866,0.82876,1.50,2.25
2017.04.03 20:00:41.885,0.82866,0.82876,1.50,1.87
2017.04.03 20:00:42.729,0.82868,0.82876,1.37,1.00
2017.04.03 20:00:43.282,0.82868,0.82876,1.00,1.12
2017.04.03 20:00:43.778,0.82865,0.82873,1.50,1.50
2017.04.03 20:00:43.829,0.82865,0.82873,1.12,1.50
2017.04.03 20:00:45.119,0.82864,0.82872,1.50,1.50
2017.04.03 20:00:45.501,0.82863,0.82872,1.50,1.00
2017.04.03 20:00:46.007,0.82861,0.82871,2.25,1.87
2017.04.03 20:00:46.515,0.82862,0.82871,1.00,1.87
2017.04.03 20:00:47.359,0.82863,0.82871,1.00,1.37
2017.04.03 20:00:47.612,0.82863,0.82872,1.12,1.00
2017.04.03 20:00:49.002,0.82862,0.82872,1.50,1.50
2017.04.03 20:00:50.464,0.82862,0.82872,1.50,1.50
2017.04.03 20:00:50.566,0.82863,0.82872,3.00,1.00
2017.04.03 20:00:51.006,0.82863,0.82872,1.87,1.00
2017.04.03 20:00:51.231,0.82866,0.82874,1.12,1.50
2017.04.03 20:00:51.556,0.82868,0.82876,1.00,1.12
2017.04.03 20:00:52.310,0.82866,0.82876,1.50,1.00
2017.04.03 20:00:54.467,0.82866,0.82876,4.03,1.12
2017.04.03 20:00:54.619,0.82866,0.82874,2.91,1.12
2017.04.03 20:00:55.139,0.82865,0.82875,3.66,2.25
2017.04.03 20:00:55.235,0.82865,0.82875,3.66,1.87
2017.04.03 20:00:55.904,0.82864,0.82874,1.00,1.12
2017.04.03 20:00:56.719,0.82862,0.8287,1.50,1.00
2017.04.03 20:00:57.022,0.8286,0.82871,1.50,2.25
2017.04.03 20:00:57.124,0.8286,0.82871,1.00,4.12
2017.04.03 20:00:57.670,0.8286,0.82871,4.56,1.87
2017.04.03 20:01:02.875,0.82861,0.82871,1.87,1.37
2017.04.03 20:01:02.976,0.82862,0.82872,1.50,1.12
2017.04.03 20:01:05.239,0.82862,0.8287,1.50,1.00
2017.04.03 20:01:06.102,0.82862,0.82871,1.87,1.12
2017.04.03 20:01:06.645,0.82863,0.82871,1.00,1.00
2017.04.03 20:01:07.181,0.82863,0.8287,1.00,1.00
2017.04.03 20:01:07.722,0.82862,0.8287,1.00,1.00
2017.04.03 20:01:08.283,0.82862,0.82871,1.00,1.00
2017.04.03 20:01:09.024,0.82864,0.82872,1.00,1.00
2017.04.03 20:01:10.117,0.82864,0.82871,1.00,1.00
2017.04.03 20:01:10.743,0.82863,0.8287,1.00,1.00
2017.04.03 20:01:12.128,0.82861,0.82871,1.00,1.87
2017.04.03 20:01:12.230,0.82864,0.82871,1.12,1.00
2017.04.03 20:01:12.684,0.82864,0.82871,1.75,1.00
2017.04.03 20:01:13.089,0.82864,0.82873,4.12,1.00
2017.04.03 20:01:13.286,0.82864,0.82873,1.50,1.00
2017.04.03 20:01:13.727,0.82862,0.82872,1.87,1.12
2017.04.03 20:01:14.597,0.82864,0.82872,1.12,1.12
2017.04.03 20:01:15.118,0.82863,0.82872,3.37,1.00
2017.04.03 20:01:15.500,0.82862,0.82871,1.00,1.87
2017.04.03 20:01:15.602,0.82862,0.82869,1.12,1.00
2017.04.03 20:01:16.592,0.82861,0.82871,2.10,1.87
2017.04.03 20:01:17.559,0.82864,0.82872,1.00,1.00
2017.04.03 20:01:21.311,0.82864,0.82872,2.25,1.00
2017.04.03 20:01:21.826,0.82865,0.82872,1.37,1.00
2017.04.03 20:01:23.149,0.82865,0.82874,1.37,2.25
2017.04.03 20:01:23.250,0.82864,0.82873,1.00,1.00
2017.04.03 20:01:24.103,0.82863,0.82873,1.87,1.12
2017.04.03 20:01:24.972,0.82863,0.82873,2.25,1.00
2017.04.03 20:01:27.473,0.82863,0.82873,2.25,1.00
2017.04.03 20:01:29.334,0.82865,0.82873,3.75,1.00
2017.04.03 20:01:29.436,0.82867,0.82875,1.87,1.00
2017.04.03 20:01:29.537,0.82867,0.82877,2.25,1.00
2017.04.03 20:01:30.122,0.82868,0.82877,1.00,1.00
2017.04.03 20:01:30.678,0.82869,0.82877,1.00,1.00
2017.04.03 20:01:43.133,0.82869,0.82878,1.12,1.00
2017.04.03 20:01:43.709,0.82869,0.82878,1.50,1.00
2017.04.03 20:01:44.214,0.82869,0.82878,1.00,1.00
2017.04.03 20:01:44.807,0.82869,0.82877,1.00,1.00
2017.04.03 20:01:45.324,0.8287,0.8288,1.12,3.37
2017.04.03 20:01:45.375,0.8287,0.8288,1.00,1.50
2017.04.03 20:01:45.880,0.8287,0.8288,1.12,3.00
2017.04.03 20:01:47.063,0.82871,0.82881,1.00,1.87
2017.04.03 20:01:47.266,0.82872,0.82882,1.50,1.12
2017.04.03 20:01:47.923,0.82874,0.82883,1.00,1.37
2017.04.03 20:01:48.555,0.82875,0.82884,1.00,3.37
2017.04.03 20:01:54.467,0.82874,0.82884,1.00,3.37
2017.04.03 20:01:57.956,0.82874,0.82884,1.12,1.50
2017.04.03 20:01:59.990,0.82874,0.82884,1.50,1.00
2017.04.03 20:02:00.520,0.82875,0.82885,1.12,1.12
2017.04.03 20:02:00.672,0.82875,0.82883,1.00,1.00
2017.04.03 20:02:01.899,0.82874,0.82882,1.00,1.00
2017.04.03 20:02:02.530,0.82874,0.82881,1.00,1.00
2017.04.03 20:02:03.270,0.82873,0.82881,3.00,1.00
2017.04.03 20:02:03.874,0.82873,0.8288,1.00,1.00
2017.04.03 20:02:04.532,0.82872,0.8288,1.50,1.00
2017.04.03 20:02:05.859,0.82872,0.8288,4.87,1.00
2017.04.03 20:02:06.362,0.82872,0.82879,3.00,1.00
2017.04.03 20:02:06.412,0.82873,0.82879,1.00,1.00
2017.04.03 20:02:06.565,0.8287,0.82879,1.12,1.00
2017.04.03 20:02:07.081,0.8287,0.8288,1.87,1.12
2017.04.03 20:02:07.592,0.82871,0.8288,1.37,1.00
2017.04.03 20:02:08.825,0.8287,0.82878,3.37,1.00
2017.04.03 20:02:08.976,0.8287,0.82878,1.12,1.00
2017.04.03 20:02:09.526,0.82871,0.82878,1.00,1.00
2017.04.03 20:02:09.793,0.82871,0.8288,1.00,1.00
2017.04.03 20:02:10.118,0.8287,0.82878,1.37,1.00
2017.04.03 20:02:10.623,0.8287,0.82878,1.00,1.00
2017.04.03 20:02:11.079,0.82869,0.82876,1.50,1.00
2017.04.03 20:02:11.383,0.82869,0.82876,3.00,1.00
2017.04.03 20:02:11.926,0.8287,0.82876,1.00,1.00
2017.04.03 20:02:13.249,0.8287,0.82878,1.00,1.00
2017.04.03 20:02:13.354,0.8287,0.82875,1.00,1.00
2017.04.03 20:02:13.567,0.82867,0.82875,1.50,1.00
2017.04.03 20:02:17.421,0.82868,0.82876,2.25,1.12
2017.04.03 20:02:17.522,0.82869,0.82876,3.00,1.00
2017.04.03 20:02:18.053,0.8287,0.82877,1.00,1.00
2017.04.03 20:02:18.582,0.82871,0.82878,1.50,1.00
2017.04.03 20:02:18.838,0.82873,0.82882,1.50,1.00
2017.04.03 20:02:20.582,0.82874,0.82883,3.00,1.00
2017.04.03 20:02:21.044,0.82876,0.82885,1.12,1.87
2017.04.03 20:02:21.588,0.82876,0.82885,2.25,1.00
2017.04.03 20:02:21.754,0.82883,0.82887,1.00,1.87
2017.04.03 20:02:21.906,0.82884,0.82891,2.62,1.50
2017.04.03 20:02:21.957,0.82884,0.82892,3.00,1.37
2017.04.03 20:02:22.097,0.82884,0.82892,2.62,1.00
2017.04.03 20:02:22.800,0.82884,0.82892,1.12,1.00
2017.04.03 20:02:25.101,0.82884,0.82893,1.12,1.00
2017.04.03 20:02:25.640,0.82884,0.82891,1.12,1.00
2017.04.03 20:02:26.151,0.82884,0.8289,1.00,1.00
2017.04.03 20:02:26.859,0.82884,0.82891,1.12,1.12
2017.04.03 20:02:27.112,0.82886,0.82895,1.87,1.12
2017.04.03 20:02:27.623,0.82886,0.82895,1.50,1.12
2017.04.03 20:02:28.199,0.82886,0.82895,1.50,1.00
2017.04.03 20:02:28.472,0.82886,0.82896,1.50,1.50
2017.04.03 20:02:28.523,0.82886,0.82894,1.50,1.00
2017.04.03 20:02:28.862,0.82886,0.82893,1.00,1.37
2017.04.03 20:02:28.964,0.82887,0.82893,1.00,1.00
2017.04.03 20:02:29.065,0.82889,0.82895,1.00,1.00
2017.04.03 20:02:29.369,0.82891,0.82898,1.00,2.25
2017.04.03 20:02:29.722,0.82889,0.82898,1.50,1.00
2017.04.03 20:02:29.774,0.82889,0.82898,1.50,4.50
2017.04.03 20:02:30.077,0.82887,0.82894,1.00,1.12
2017.04.03 20:02:30.596,0.82884,0.82894,1.12,1.12
2017.04.03 20:02:30.756,0.82884,0.82892,1.12,1.00
2017.04.03 20:02:31.082,0.82882,0.82891,1.00,2.25
2017.04.03 20:02:32.660,0.82884,0.8289,1.00,1.12
2017.04.03 20:02:32.964,0.82884,0.82894,3.37,3.37
2017.04.03 20:02:33.532,0.82885,0.82894,1.12,1.12
2017.04.03 20:02:33.957,0.82885,0.82893,1.00,1.00
2017.04.03 20:02:34.506,0.82884,0.82894,1.87,1.12
2017.04.03 20:02:34.608,0.82886,0.82894,1.37,1.12
2017.04.03 20:02:35.158,0.82887,0.82895,1.12,1.37
2017.04.03 20:02:35.260,0.82885,0.82894,1.12,1.12
2017.04.03 20:02:35.776,0.82884,0.82894,1.00,1.50
2017.04.03 20:02:35.978,0.82883,0.82892,1.87,1.00
2017.04.03 20:02:36.592,0.82883,0.82892,1.12,1.00
2017.04.03 20:02:38.851,0.82882,0.82892,1.00,1.37
2017.04.03 20:02:40.512,0.82882,0.82892,1.87,1.12
2017.04.03 20:02:41.038,0.82882,0.82892,1.87,1.12
2017.04.03 20:02:43.259,0.82882,0.82892,1.87,1.37
2017.04.03 20:02:43.664,0.82883,0.82893,1.12,1.50
2017.04.03 20:02:44.279,0.82882,0.82892,2.25,1.00
2017.04.03 20:02:46.882,0.82882,0.8289,2.25,1.00
2017.04.03 20:02:47.658,0.82883,0.82893,1.37,3.37
2017.04.03 20:02:47.760,0.82885,0.82893,1.50,1.00
2017.04.03 20:02:48.298,0.82885,0.82894,1.87,1.00
2017.04.03 20:02:49.410,0.82885,0.82893,1.37,1.00
2017.04.03 20:02:49.564,0.82884,0.82892,1.50,1.87
2017.04.03 20:02:49.615,0.82884,0.8289,1.12,1.00
2017.04.03 20:02:49.817,0.82882,0.8289,1.50,1.00
2017.04.03 20:02:50.145,0.82883,0.82891,1.37,1.87
2017.04.03 20:02:50.196,0.82883,0.82891,1.12,1.87
2017.04.03 20:02:50.952,0.82883,0.82891,1.12,1.87
2017.04.03 20:02:51.497,0.82882,0.82892,1.87,2.25
2017.04.03 20:02:51.599,0.82882,0.82892,1.87,2.25
2017.04.03 20:02:52.130,0.82882,0.82892,1.87,1.87
2017.04.03 20:02:55.680,0.82882,0.82891,1.12,1.00
2017.04.03 20:02:56.265,0.82881,0.8289,1.00,1.00
2017.04.03 20:02:58.295,0.82881,0.82891,1.12,1.87
2017.04.03 20:03:01.380,0.82881,0.8289,1.00,2.55
2017.04.03 20:03:01.911,0.8288,0.82888,1.00,1.42
2017.04.03 20:03:09.779,0.8288,0.82888,1.00,1.50
2017.04.03 20:03:10.550,0.8288,0.82888,1.00,1.75
2017.04.03 20:03:12.108,0.82881,0.82889,1.00,2.62
2017.04.03 20:03:12.321,0.82881,0.82891,1.00,4.12
2017.04.03 20:03:13.588,0.8288,0.82889,1.12,1.00
2017.04.03 20:03:14.613,0.8288,0.8289,1.12,1.87
2017.04.03 20:03:18.494,0.82882,0.8289,1.00,1.12
2017.04.03 20:03:19.028,0.82882,0.8289,1.00,1.50
2017.04.03 20:03:20.208,0.82881,0.8289,1.12,1.37
2017.04.03 20:03:23.335,0.8288,0.82889,1.00,1.00
2017.04.03 20:03:23.988,0.82881,0.82889,1.00,1.00
2017.04.03 20:03:24.826,0.82881,0.8289,1.00,1.12
2017.04.03 20:03:25.597,0.8288,0.8289,1.12,2.25
2017.04.03 20:03:26.829,0.8288,0.8289,1.00,1.87
2017.04.03 20:03:27.426,0.8288,0.8289,1.00,2.25
2017.04.03 20:03:29.110,0.82879,0.82889,1.12,1.87
2017.04.03 20:03:29.413,0.82878,0.82888,1.12,3.00
2017.04.03 20:03:30.494,0.82879,0.82888,1.00,1.50
2017.04.03 20:03:33.559,0.82881,0.82889,1.37,2.62
2017.04.03 20:03:33.863,0.82884,0.82891,1.00,1.50
2017.04.03 20:03:34.758,0.82882,0.82891,1.00,1.50
2017.04.03 20:03:34.961,0.8288,0.8289,1.87,4.12
2017.04.03 20:03:40.167,0.82882,0.8289,1.00,1.00
2017.04.03 20:03:40.921,0.82881,0.82889,1.12,1.00
2017.04.03 20:03:43.328,0.82883,0.82889,1.00,1.00
2017.04.03 20:03:43.834,0.82884,0.82891,1.00,1.37
2017.04.03 20:03:43.885,0.82884,0.82891,1.00,1.12
2017.04.03 20:03:46.158,0.82884,0.8289,1.00,1.00
2017.04.03 20:03:46.209,0.82882,0.8289,1.00,1.00
2017.04.03 20:03:46.722,0.82882,0.82889,1.00,1.00
2017.04.03 20:03:47.876,0.82881,0.82889,1.12,1.50
2017.04.03 20:03:48.078,0.82879,0.82889,1.12,2.25
2017.04.03 20:03:48.608,0.82879,0.82889,1.50,3.37
2017.04.03 20:03:49.126,0.82879,0.82888,1.12,1.00
2017.04.03 20:03:49.761,0.82879,0.82888,1.12,1.37
2017.04.03 20:03:50.464,0.82879,0.82889,1.12,2.62
2017.04.03 20:03:51.025,0.8288,0.8289,1.00,2.62
2017.04.03 20:03:51.591,0.8288,0.82888,1.12,1.00
2017.04.03 20:03:52.854,0.82878,0.82886,1.12,1.00
2017.04.03 20:03:53.157,0.82877,0.82886,1.00,3.37
2017.04.03 20:03:54.709,0.82879,0.82886,1.00,2.62
2017.04.03 20:03:55.013,0.82877,0.82886,1.00,2.62
2017.04.03 20:03:55.224,0.82877,0.82884,1.12,2.25
2017.04.03 20:03:55.275,0.82877,0.82886,1.37,2.62
2017.04.03 20:03:55.478,0.82877,0.82887,1.00,2.25
2017.04.03 20:03:55.580,0.82877,0.82886,1.12,2.62
2017.04.03 20:03:55.985,0.82878,0.82887,1.00,1.12
2017.04.03 20:03:56.087,0.82877,0.82885,1.00,1.00
2017.04.03 20:03:56.391,0.82875,0.82884,1.00,1.00
2017.04.03 20:03:57.726,0.82877,0.82884,2.25,1.00
2017.04.03 20:03:58.029,0.82887,0.82895,1.29,3.37
2017.04.03 20:03:58.534,0.82886,0.82894,4.50,1.00
2017.04.03 20:03:58.585,0.82884,0.82894,1.12,1.50
2017.04.03 20:03:58.687,0.82884,0.82894,1.00,5.25
2017.04.03 20:03:58.737,0.82882,0.82892,1.12,1.00
2017.04.03 20:03:58.889,0.82881,0.82892,1.12,3.37
2017.04.03 20:03:59.195,0.82883,0.82891,1.00,1.50
2017.04.03 20:03:59.715,0.82883,0.82891,1.00,1.50
2017.04.03 20:04:00.221,0.82883,0.8289,1.12,1.12
2017.04.03 20:04:00.491,0.82881,0.8289,4.12,1.12
2017.04.03 20:04:00.542,0.82881,0.82888,3.75,1.00
2017.04.03 20:04:00.704,0.82878,0.82887,1.50,1.00
2017.04.03 20:04:01.300,0.82878,0.82887,3.37,1.00
2017.04.03 20:04:01.857,0.82876,0.82886,4.50,1.37
2017.04.03 20:04:02.357,0.82874,0.82884,1.12,2.25
2017.04.03 20:04:02.408,0.82873,0.82882,1.50,1.50
2017.04.03 20:04:02.459,0.82871,0.8288,2.62,1.00
2017.04.03 20:04:02.509,0.8287,0.8288,4.87,1.00
2017.04.03 20:04:02.813,0.8287,0.82879,1.00,1.37
2017.04.03 20:04:07.046,0.82872,0.8288,1.00,3.00
2017.04.03 20:04:07.096,0.82873,0.8288,1.12,1.00
2017.04.03 20:04:07.622,0.82872,0.82881,1.87,1.12
2017.04.03 20:04:08.211,0.82873,0.82881,1.00,1.12
2017.04.03 20:04:09.021,0.82874,0.82881,2.47,1.12
2017.04.03 20:04:09.173,0.82881,0.82886,3.00,1.12
2017.04.03 20:04:09.369,0.82879,0.82889,4.12,1.00
2017.04.03 20:04:09.874,0.82879,0.8289,1.12,2.62
2017.04.03 20:04:09.925,0.82878,0.82888,1.37,1.12
2017.04.03 20:04:10.026,0.82878,0.82887,1.00,2.25
2017.04.03 20:04:10.128,0.82877,0.82886,1.37,3.00
2017.04.03 20:04:11.068,0.82877,0.82886,1.12,4.12
2017.04.03 20:04:12.716,0.82877,0.82885,1.00,1.00
2017.04.03 20:04:13.698,0.82876,0.82886,1.12,2.25
2017.04.03 20:04:14.524,0.82877,0.82886,1.12,1.50
2017.04.03 20:04:15.210,0.82876,0.82886,1.37,1.75
2017.04.03 20:04:15.958,0.82876,0.82886,1.00,2.25
2017.04.03 20:04:16.640,0.82875,0.82883,1.00,1.00
2017.04.03 20:04:17.588,0.82873,0.82883,1.87,1.50
2017.04.03 20:04:18.546,0.82873,0.82882,1.00,1.00
2017.04.03 20:04:18.921,0.82871,0.82882,1.00,4.12
2017.04.03 20:04:22.113,0.82872,0.8288,1.00,1.00
2017.04.03 20:04:25.443,0.82872,0.82882,1.00,2.25
2017.04.03 20:04:26.416,0.82872,0.8288,1.00,1.00
2017.04.03 20:04:28.500,0.82871,0.82882,1.12,2.25
2017.04.03 20:04:32.334,0.82871,0.82881,1.87,1.00
2017.04.03 20:04:34.121,0.82873,0.82881,1.00,2.25
2017.04.03 20:04:35.123,0.82871,0.82881,1.87,1.50
2017.04.03 20:04:36.458,0.82872,0.82881,1.12,1.50
2017.04.03 20:04:37.063,0.82871,0.82882,1.12,2.25
2017.04.03 20:04:37.165,0.82869,0.82878,3.75,1.00
2017.04.03 20:04:37.367,0.82869,0.82878,1.12,1.87
2017.04.03 20:04:37.968,0.82868,0.82878,1.87,2.62
2017.04.03 20:04:39.388,0.82868,0.82878,1.00,2.62
2017.04.03 20:04:44.509,0.82869,0.82879,1.00,4.12
2017.04.03 20:04:44.560,0.82871,0.82879,1.00,2.25
2017.04.03 20:04:45.142,0.82871,0.82879,1.00,1.12
2017.04.03 20:04:52.509,0.82869,0.82879,1.50,1.87
2017.04.03 20:04:52.661,0.82869,0.82878,1.00,1.37
2017.04.03 20:04:52.966,0.82868,0.82877,1.50,1.12
2017.04.03 20:04:55.189,0.82867,0.82877,1.50,1.87
2017.04.03 20:04:55.886,0.82867,0.82877,1.50,1.87
2017.04.03 20:04:56.287,0.82871,0.82881,1.12,4.50
2017.04.03 20:04:57.249,0.82869,0.82879,4.50,3.37
2017.04.03 20:04:57.302,0.82869,0.82879,1.12,3.75
2017.04.03 20:04:57.813,0.82868,0.82877,1.12,1.37
2017.04.03 20:04:59.526,0.82866,0.82875,2.62,1.12
2017.04.03 20:04:59.577,0.82867,0.82873,1.00,1.00
2017.04.03 20:04:59.678,0.82863,0.82873,3.37,1.12
2017.04.03 20:04:59.780,0.82863,0.82873,1.50,1.50
2017.04.03 20:05:00.318,0.82864,0.82872,1.00,2.25
2017.04.03 20:05:00.621,0.82862,0.82872,1.50,1.12
2017.04.03 20:05:02.022,0.82861,0.82871,1.50,1.00
2017.04.03 20:05:02.566,0.82862,0.8287,1.00,1.00
2017.04.03 20:05:02.617,0.82867,0.82873,1.87,4.12
2017.04.03 20:05:02.719,0.82868,0.82874,1.37,1.12
2017.04.03 20:05:02.871,0.82868,0.82878,1.50,1.00
2017.04.03 20:05:03.438,0.82868,0.82878,1.00,1.50
2017.04.03 20:05:03.994,0.82867,0.82876,1.00,1.00
2017.04.03 20:05:04.307,0.82867,0.82875,1.12,2.62
2017.04.03 20:05:04.408,0.82867,0.82877,1.50,2.25
2017.04.03 20:05:04.460,0.82867,0.82877,1.00,1.50
2017.04.03 20:05:04.511,0.82867,0.82877,1.00,4.12
2017.04.03 20:05:05.223,0.82866,0.82876,1.87,1.00
2017.04.03 20:05:06.122,0.82866,0.82876,1.00,1.00
2017.04.03 20:05:06.628,0.82867,0.82877,1.00,2.25
2017.04.03 20:05:06.679,0.82865,0.82874,1.37,1.00
2017.04.03 20:05:06.730,0.82864,0.82874,1.50,1.87
2017.04.03 20:05:07.084,0.82862,0.82873,1.12,1.87
2017.04.03 20:05:07.388,0.8286,0.8287,1.00,2.25
2017.04.03 20:05:07.691,0.82857,0.82868,2.25,1.87
2017.04.03 20:05:07.819,0.82857,0.82867,2.25,1.00
2017.04.03 20:05:08.349,0.82857,0.82867,1.00,1.87
2017.04.03 20:05:09.305,0.82856,0.82867,1.87,1.87
2017.04.03 20:05:10.457,0.82857,0.82867,1.00,1.87
2017.04.03 20:05:10.760,0.82862,0.82866,1.00,1.00
2017.04.03 20:05:10.862,0.82862,0.82871,1.12,1.50
2017.04.03 20:05:10.913,0.82863,0.82869,1.12,2.25
2017.04.03 20:05:11.149,0.82865,0.82873,1.00,2.62
2017.04.03 20:05:11.760,0.82863,0.82873,1.00,3.00
2017.04.03 20:05:11.810,0.82863,0.82871,1.00,2.25
2017.04.03 20:05:12.425,0.82864,0.82871,1.00,2.62
2017.04.03 20:05:12.527,0.82864,0.82874,1.00,3.00
2017.04.03 20:05:13.134,0.82863,0.82873,1.00,1.37
2017.04.03 20:05:13.842,0.82864,0.82874,1.00,4.50
2017.04.03 20:05:14.458,0.82861,0.82873,1.50,1.87
2017.04.03 20:05:14.610,0.82861,0.82872,1.12,2.25
2017.04.03 20:05:15.117,0.82861,0.82873,1.12,3.75
2017.04.03 20:05:15.826,0.82862,0.82872,1.00,1.50
2017.04.03 20:05:16.657,0.82863,0.82873,1.00,3.37
2017.04.03 20:05:17.160,0.82863,0.8287,1.50,1.00
2017.04.03 20:05:17.261,0.82864,0.82874,1.00,3.37
2017.04.03 20:05:17.846,0.82864,0.82874,1.00,1.87
2017.04.03 20:05:17.897,0.82867,0.82875,1.00,4.50
2017.04.03 20:05:18.152,0.82869,0.8288,1.87,1.87
2017.04.03 20:05:18.703,0.82869,0.8288,2.25,1.87
2017.04.03 20:05:19.263,0.82869,0.82879,1.50,1.12
2017.04.03 20:05:20.863,0.8287,0.82879,1.00,1.00
2017.04.03 20:05:21.534,0.8287,0.82881,1.00,1.50
2017.04.03 20:05:24.419,0.82872,0.82881,1.50,1.00
2017.04.03 20:05:24.521,0.82872,0.82883,1.50,1.00
2017.04.03 20:05:25.030,0.82873,0.82883,1.87,1.00
2017.04.03 20:05:25.081,0.82875,0.82883,1.00,1.50
2017.04.03 20:05:26.083,0.82874,0.82883,1.00,1.50
2017.04.03 20:05:30.924,0.82877,0.82885,1.00,3.75
2017.04.03 20:05:31.076,0.82877,0.82885,1.00,1.12
2017.04.03 20:05:31.925,0.82876,0.82887,1.87,3.37
2017.04.03 20:05:32.454,0.82876,0.82887,1.87,1.50
2017.04.03 20:05:33.586,0.82878,0.82887,1.00,1.50
2017.04.03 20:05:37.670,0.82878,0.82887,1.87,1.12
2017.04.03 20:05:38.112,0.82879,0.82888,1.37,1.50
2017.04.03 20:05:38.746,0.82879,0.82888,1.87,1.00
2017.04.03 20:05:39.501,0.82879,0.82889,1.87,1.00
2017.04.03 20:05:40.013,0.82879,0.82889,1.87,1.00
2017.04.03 20:05:40.761,0.82879,0.82888,1.50,1.00
2017.04.03 20:05:41.560,0.82879,0.8289,2.25,1.12
2017.04.03 20:05:42.346,0.8288,0.82888,1.00,1.00
2017.04.03 20:05:47.103,0.82883,0.82891,1.12,2.25
2017.04.03 20:05:47.429,0.82884,0.82891,1.37,1.50
2017.04.03 20:05:51.423,0.82885,0.82892,1.00,1.00
2017.04.03 20:05:51.979,0.82884,0.82892,1.00,1.12
2017.04.03 20:05:52.494,0.82883,0.82891,2.25,1.00
2017.04.03 20:05:52.793,0.82882,0.8289,1.00,1.00
2017.04.03 20:05:53.469,0.82882,0.82891,1.00,1.00
2017.04.03 20:05:53.975,0.82883,0.82893,1.87,1.37
2017.04.03 20:05:54.511,0.82884,0.82893,1.12,1.00
2017.04.03 20:05:55.044,0.82884,0.82892,1.12,1.00
2017.04.03 20:05:55.297,0.82882,0.82891,1.00,1.00
2017.04.03 20:05:57.445,0.82881,0.82889,1.12,1.00
2017.04.03 20:05:57.952,0.82879,0.82889,2.25,1.12
2017.04.03 20:05:58.588,0.82879,0.82889,2.25,1.12
2017.04.03 20:05:59.613,0.82879,0.82889,2.25,1.12
2017.04.03 20:06:00.709,0.82879,0.82889,2.25,1.12
2017.04.03 20:06:04.893,0.82879,0.82889,1.12,1.37
2017.04.03 20:06:07.316,0.82879,0.82889,1.37,1.50
2017.04.03 20:06:08.239,0.82879,0.82889,1.50,3.00
2017.04.03 20:06:08.458,0.82879,0.82889,1.50,1.12
2017.04.03 20:06:09.587,0.8288,0.82889,4.12,1.00
2017.04.03 20:06:09.689,0.8288,0.82891,4.50,2.25
2017.04.03 20:06:10.238,0.82882,0.8289,1.12,1.00
2017.04.03 20:06:13.715,0.82881,0.8289,1.50,1.00
2017.04.03 20:06:14.612,0.82882,0.8289,1.50,1.00
2017.04.03 20:06:16.327,0.82882,0.82891,1.50,1.00
2017.04.03 20:06:17.328,0.82882,0.82892,1.50,1.00
2017.04.03 20:06:18.656,0.82882,0.8289,1.00,1.00
2017.04.03 20:06:18.808,0.82879,0.8289,1.87,1.87
2017.04.03 20:06:19.358,0.82879,0.8289,1.87,1.87
2017.04.03 20:06:20.052,0.8288,0.82888,1.00,1.00
2017.04.03 20:06:22.198,0.82879,0.82889,1.00,1.12
2017.04.03 20:06:24.877,0.8288,0.8289,1.12,1.50
2017.04.03 20:06:25.181,0.82882,0.8289,1.87,1.00
2017.04.03 20:06:25.723,0.82883,0.82892,1.12,1.37
2017.04.03 20:06:26.267,0.82884,0.82892,1.12,1.00
2017.04.03 20:06:27.574,0.82884,0.82893,1.50,1.00
2017.04.03 20:06:27.980,0.82884,0.82891,1.12,1.00
2017.04.03 20:06:29.151,0.82884,0.82893,1.50,1.50
2017.04.03 20:06:31.322,0.82884,0.82892,1.12,1.00
2017.04.03 20:06:31.462,0.82884,0.82888,1.12,1.00
2017.04.03 20:06:31.668,0.82883,0.82891,1.87,1.12
2017.04.03 20:06:32.023,0.82883,0.82888,1.87,1.00
2017.04.03 20:06:32.125,0.82883,0.82891,1.50,1.00
2017.04.03 20:06:32.634,0.82883,0.82891,1.00,1.00
2017.04.03 20:06:32.685,0.82883,0.82893,1.00,1.87
2017.04.03 20:06:32.996,0.82883,0.82892,1.00,3.00
2017.04.03 20:06:33.525,0.82883,0.82891,1.00,1.00
2017.04.03 20:06:34.235,0.82882,0.82893,4.50,2.25
2017.04.03 20:06:34.538,0.82883,0.82893,1.50,1.37
2017.04.03 20:06:35.194,0.82883,0.82891,2.25,1.00
2017.04.03 20:06:38.266,0.82883,0.82893,1.50,2.25
2017.04.03 20:06:38.797,0.82884,0.82893,1.00,1.12
2017.04.03 20:06:39.967,0.82883,0.82892,1.87,1.00
2017.04.03 20:06:40.525,0.82883,0.82892,1.87,1.12
2017.04.03 20:06:40.881,0.82883,0.8289,1.00,1.00
2017.04.03 20:06:44.035,0.82882,0.82891,1.87,1.12
2017.04.03 20:06:44.718,0.82882,0.82891,2.25,1.50
2017.04.03 20:06:44.937,0.82884,0.82892,1.12,2.25
2017.04.03 20:06:47.806,0.82883,0.82893,1.50,1.50
2017.04.03 20:06:48.339,0.82883,0.82893,2.25,1.12
2017.04.03 20:06:53.450,0.82882,0.82891,2.25,1.00
2017.04.03 20:06:54.184,0.82884,0.82892,1.12,1.00
2017.04.03 20:06:55.910,0.82884,0.82892,1.87,1.00
2017.04.03 20:06:56.865,0.82884,0.82892,1.87,1.00
2017.04.03 20:07:02.937,0.82886,0.82895,2.62,1.37
2017.04.03 20:07:03.139,0.82889,0.82899,1.12,5.62
2017.04.03 20:07:03.314,0.82889,0.82899,1.87,1.00
2017.04.03 20:07:03.878,0.82889,0.82899,1.50,1.12
2017.04.03 20:07:04.404,0.82889,0.82898,1.00,1.00
2017.04.03 20:07:05.044,0.82889,0.82899,1.50,1.12
2017.04.03 20:07:06.596,0.82889,0.82899,1.50,1.12
2017.04.03 20:07:07.134,0.8289,0.82899,1.37,1.12
2017.04.03 20:07:10.642,0.8289,0.829,3.37,1.50
2017.04.03 20:07:10.794,0.82892,0.82902,1.87,1.12
2017.04.03 20:07:11.299,0.82892,0.82901,2.62,1.00
2017.04.03 20:07:11.350,0.82892,0.82901,1.12,1.00
2017.04.03 20:07:13.653,0.82893,0.82902,1.00,1.12
2017.04.03 20:07:14.194,0.82893,0.82902,1.50,1.00
2017.04.03 20:07:14.726,0.82893,0.82903,2.25,1.00
2017.04.03 20:07:17.732,0.82894,0.82904,1.50,1.12
2017.04.03 20:07:17.884,0.82896,0.82906,1.12,1.50
2017.04.03 20:07:17.986,0.82895,0.82904,1.50,1.00
2017.04.03 20:07:18.138,0.82894,0.82904,1.50,1.00
2017.04.03 20:07:18.394,0.82894,0.82904,3.37,1.00
2017.04.03 20:07:18.779,0.82896,0.82906,1.12,1.12
2017.04.03 20:07:25.079,0.82896,0.82906,1.00,1.37
2017.04.03 20:07:28.835,0.82895,0.82906,1.12,1.50
2017.04.03 20:07:29.684,0.82895,0.82906,1.50,1.50
2017.04.03 20:07:30.264,0.82897,0.82905,1.00,1.00
2017.04.03 20:07:30.578,0.82895,0.82904,1.12,1.00
2017.04.03 20:07:36.696,0.82894,0.82904,1.87,1.12
2017.04.03 20:07:38.604,0.82893,0.82904,1.87,1.37
2017.04.03 20:07:40.738,0.82892,0.82902,4.12,1.00
2017.04.03 20:07:41.042,0.82893,0.82903,1.12,3.37
2017.04.03 20:07:41.143,0.82893,0.82903,1.12,1.50
2017.04.03 20:07:41.754,0.82893,0.82903,1.50,1.12
2017.04.03 20:07:43.868,0.82893,0.82903,1.50,1.12
2017.04.03 20:07:44.374,0.82893,0.82903,1.00,1.50
2017.04.03 20:07:49.440,0.82893,0.82901,1.00,1.00
2017.04.03 20:07:49.491,0.82891,0.82899,1.80,1.00
2017.04.03 20:07:50.009,0.82892,0.82902,1.42,1.50
2017.04.03 20:07:50.834,0.82893,0.82901,1.00,1.00
2017.04.03 20:07:51.019,0.82893,0.82903,1.00,2.25
2017.04.03 20:07:53.928,0.82892,0.82903,1.87,2.25
2017.04.03 20:07:57.470,0.82892,0.82902,1.50,1.50
2017.04.03 20:07:57.666,0.82892,0.82902,1.00,4.12
2017.04.03 20:07:58.427,0.82891,0.82902,1.87,4.12
2017.04.03 20:08:05.138,0.8289,0.829,1.00,1.87
2017.04.03 20:08:05.443,0.82889,0.82897,1.00,2.62
2017.04.03 20:08:09.732,0.82889,0.82897,1.00,2.62
2017.04.03 20:08:13.930,0.82888,0.82897,1.50,2.62
2017.04.03 20:08:14.878,0.82889,0.82897,1.00,2.62
2017.04.03 20:08:15.380,0.82889,0.82899,1.00,1.87
2017.04.03 20:08:15.885,0.82888,0.82898,1.50,3.37
2017.04.03 20:08:17.271,0.82888,0.82897,1.50,1.00
2017.04.03 20:08:18.051,0.82889,0.82899,1.00,4.12
2017.04.03 20:08:19.572,0.8289,0.82899,1.00,3.37
2017.04.03 20:08:22.253,0.8289,0.82898,1.00,3.37
2017.04.03 20:08:22.405,0.8289,0.82898,1.00,1.00
2017.04.03 20:08:23.258,0.8289,0.82898,1.00,3.37
2017.04.03 20:08:23.872,0.8289,0.82898,1.00,1.12
2017.04.03 20:08:24.523,0.8289,0.82898,1.00,3.37
2017.04.03 20:08:29.859,0.8289,0.82898,1.50,2.62
2017.04.03 20:08:30.061,0.82891,0.82901,1.00,5.25
2017.04.03 20:08:30.737,0.82891,0.82901,1.00,3.37
2017.04.03 20:08:33.939,0.8289,0.82898,2.25,1.00
2017.04.03 20:08:49.638,0.8289,0.829,2.25,1.87
2017.04.03 20:08:50.322,0.8289,0.829,2.25,3.75
2017.04.03 20:08:50.925,0.82892,0.829,1.00,3.75
2017.04.03 20:08:51.438,0.82892,0.829,1.00,1.50
2017.04.03 20:08:56.037,0.82889,0.82899,4.50,1.37
2017.04.03 20:08:56.139,0.82888,0.82898,1.87,1.12
2017.04.03 20:08:56.290,0.82888,0.82898,1.75,4.12
2017.04.03 20:08:59.093,0.82887,0.82897,1.75,2.62
2017.04.03 20:09:00.139,0.82887,0.82897,1.00,2.62
2017.04.03 20:09:00.342,0.82887,0.82895,1.00,2.25
2017.04.03 20:09:01.197,0.82888,0.82897,1.00,2.62
2017.04.03 20:09:01.248,0.8289,0.82897,1.00,2.62
2017.04.03 20:09:01.299,0.8289,0.82898,1.00,1.50
2017.04.03 20:09:01.848,0.8289,0.82898,1.00,3.37
2017.04.03 20:09:02.220,0.82888,0.82897,1.50,2.62
2017.04.03 20:09:03.659,0.82888,0.82895,1.87,1.00
2017.04.03 20:09:04.171,0.82888,0.82895,1.12,1.00
2017.04.03 20:09:06.250,0.82889,0.82895,1.00,1.00
2017.04.03 20:09:06.697,0.82887,0.82897,1.12,2.62
2017.04.03 20:09:10.485,0.82886,0.82893,1.50,1.00
2017.04.03 20:09:10.688,0.82882,0.8289,1.50,1.00
2017.04.03 20:09:12.251,0.82883,0.82892,1.00,2.62
2017.04.03 20:09:12.976,0.82884,0.82892,1.00,2.62
2017.04.03 20:09:13.775,0.82886,0.82892,1.00,2.62
2017.04.03 20:09:13.826,0.82886,0.82892,1.00,1.00
2017.04.03 20:09:14.028,0.82886,0.82894,1.00,1.00
2017.04.03 20:09:15.439,0.82886,0.82895,1.00,5.62
2017.04.03 20:09:20.839,0.82888,0.82896,1.00,1.50
2017.04.03 20:09:21.733,0.82888,0.82896,1.00,1.12
2017.04.03 20:09:25.963,0.82889,0.82898,1.00,3.37
2017.04.03 20:09:26.115,0.82889,0.82898,1.00,1.12
2017.04.03 20:09:26.267,0.82888,0.82898,1.00,3.75
2017.04.03 20:09:29.086,0.82887,0.82896,1.00,1.00
2017.04.03 20:09:32.294,0.82888,0.82898,1.00,4.12
2017.04.03 20:09:41.285,0.82888,0.82898,1.00,2.25
2017.04.03 20:09:42.026,0.82888,0.82898,1.00,2.25
2017.04.03 20:09:45.057,0.82888,0.82898,1.00,2.25
2017.04.03 20:09:46.958,0.82888,0.82898,1.00,2.25
2017.04.03 20:09:47.612,0.82888,0.82896,1.00,1.00
2017.04.03 20:09:50.790,0.82888,0.82897,1.00,1.12
2017.04.03 20:09:58.487,0.82888,0.82897,1.00,1.50
2017.04.03 20:09:59.177,0.82887,0.82897,1.12,1.50
2017.04.03 20:10:00.103,0.82889,0.82898,1.00,2.62
2017.04.03 20:10:00.610,0.82889,0.82897,1.00,1.00
2017.04.03 20:10:01.021,0.82888,0.82896,1.00,1.50
2017.04.03 20:10:02.599,0.82887,0.82895,1.00,1.00
2017.04.03 20:10:03.028,0.82887,0.82895,1.00,4.12
2017.04.03 20:10:03.130,0.82887,0.82895,1.00,1.00
2017.04.03 20:10:20.655,0.82887,0.82897,1.00,4.12
2017.04.03 20:10:23.740,0.82888,0.82897,1.37,3.37
2017.04.03 20:10:24.043,0.82889,0.82899,2.25,1.50
2017.04.03 20:10:24.130,0.82889,0.82897,1.75,1.50
2017.04.03 20:10:26.641,0.82891,0.82899,1.12,1.12
2017.04.03 20:10:29.896,0.82891,0.82901,1.12,3.37
2017.04.03 20:10:32.704,0.8289,0.82901,1.50,3.75
2017.04.03 20:10:35.330,0.8289,0.82901,1.50,4.50
2017.04.03 20:10:35.837,0.8289,0.82901,1.50,4.50
2017.04.03 20:10:38.313,0.8289,0.82901,1.50,3.75
2017.04.03 20:10:42.172,0.8289,0.82901,1.50,4.50
2017.04.03 20:10:43.732,0.82891,0.82901,1.00,3.75
2017.04.03 20:10:47.472,0.82891,0.82901,1.12,1.50
2017.04.03 20:10:53.136,0.82892,0.82901,1.87,1.00
2017.04.03 20:10:53.395,0.82893,0.82903,1.00,1.50
2017.04.03 20:10:55.886,0.82895,0.82905,1.00,4.12
2017.04.03 20:10:56.436,0.82895,0.82905,1.12,1.87
2017.04.03 20:11:00.356,0.82895,0.82904,1.50,1.12
2017.04.03 20:11:00.931,0.82895,0.82904,1.00,1.12
2017.04.03 20:11:01.481,0.82894,0.82904,1.50,1.12
2017.04.03 20:11:02.158,0.82893,0.82903,1.37,1.00
2017.04.03 20:11:02.209,0.82892,0.82902,1.12,1.50
2017.04.03 20:11:02.311,0.82892,0.82901,1.00,2.62
2017.04.03 20:11:02.926,0.82891,0.82902,1.50,4.12
2017.04.03 20:11:03.862,0.82893,0.82901,1.00,1.50
2017.04.03 20:11:06.132,0.82891,0.82902,1.12,4.12
2017.04.03 20:11:06.462,0.82893,0.82902,1.00,3.37
2017.04.03 20:11:07.222,0.82893,0.82903,1.00,1.50
2017.04.03 20:11:07.613,0.82894,0.82904,1.37,4.12
2017.04.03 20:11:07.817,0.82896,0.82906,1.00,5.62
2017.04.03 20:11:07.969,0.82898,0.82905,1.00,1.37
2017.04.03 20:11:16.962,0.82897,0.82905,1.00,2.25
2017.04.03 20:11:22.704,0.82897,0.82905,1.00,1.50
2017.04.03 20:11:23.376,0.82898,0.82906,1.00,2.25
2017.04.03 20:11:23.881,0.82898,0.82906,1.00,2.62
2017.04.03 20:11:24.134,0.82898,0.82907,1.00,1.00
2017.04.03 20:11:24.638,0.82899,0.82907,1.00,1.00
2017.04.03 20:11:27.856,0.829,0.82909,1.12,2.62
2017.04.03 20:11:28.059,0.829,0.82909,1.00,1.00
2017.04.03 20:11:28.812,0.82901,0.82909,1.00,1.00
2017.04.03 20:11:30.820,0.82903,0.82909,1.00,1.00
2017.04.03 20:11:30.972,0.82903,0.82913,1.00,3.37
2017.04.03 20:11:31.175,0.82903,0.82911,1.00,2.62
2017.04.03 20:11:31.806,0.82902,0.82911,1.12,2.62
2017.04.03 20:11:32.808,0.82901,0.82911,1.00,2.62
2017.04.03 20:11:33.809,0.82902,0.8291,1.00,1.37
2017.04.03 20:11:35.239,0.82901,0.82911,1.00,2.62
2017.04.03 20:11:38.305,0.82902,0.82911,1.00,2.62
2017.04.03 20:11:38.460,0.82902,0.82911,1.00,1.00
2017.04.03 20:11:39.138,0.82904,0.82912,1.12,2.62
2017.04.03 20:11:39.391,0.82904,0.82914,1.12,1.50
2017.04.03 20:11:40.246,0.82905,0.82914,1.00,1.50
2017.04.03 20:11:41.497,0.82904,0.82914,1.12,1.50
2017.04.03 20:11:42.051,0.82903,0.82913,1.50,1.37
2017.04.03 20:11:42.603,0.82902,0.82911,2.25,1.00
2017.04.03 20:11:42.704,0.82902,0.82911,1.87,1.37
2017.04.03 20:11:43.279,0.82902,0.82911,1.50,3.37
2017.04.03 20:11:47.452,0.82902,0.8291,1.00,1.00
2017.04.03 20:11:48.862,0.82904,0.82912,1.00,2.62
2017.04.03 20:11:49.115,0.82905,0.82914,1.87,1.50
2017.04.03 20:11:49.656,0.82905,0.82914,1.50,1.50
2017.04.03 20:11:52.573,0.82905,0.82915,1.87,1.75
2017.04.03 20:11:56.098,0.82907,0.82915,1.50,1.12
2017.04.03 20:11:56.773,0.82907,0.82915,1.50,1.37
2017.04.03 20:12:01.883,0.82905,0.82915,1.37,1.50
2017.04.03 20:12:02.926,0.82904,0.82915,1.50,2.25
2017.04.03 20:12:03.786,0.82904,0.82915,1.00,4.87
2017.04.03 20:12:04.413,0.82903,0.82914,1.12,1.50
2017.04.03 20:12:05.131,0.82902,0.82913,1.50,1.87
2017.04.03 20:12:05.824,0.82905,0.82914,1.12,4.12
2017.04.03 20:12:06.026,0.82905,0.82915,1.12,1.50
2017.04.03 20:12:06.782,0.82907,0.82915,1.00,1.50
2017.04.03 20:12:07.419,0.82907,0.82915,1.00,1.12
2017.04.03 20:12:09.776,0.82905,0.82915,1.50,1.00
2017.04.03 20:12:10.330,0.82905,0.82915,1.12,1.00
2017.04.03 20:12:11.606,0.82906,0.82916,1.00,2.25
2017.04.03 20:12:18.397,0.82906,0.82916,1.00,2.25
2017.04.03 20:12:28.504,0.82905,0.82915,2.25,1.00
2017.04.03 20:12:28.808,0.82908,0.82916,1.00,2.62
2017.04.03 20:12:28.860,0.82907,0.82916,1.50,1.00
2017.04.03 20:12:29.739,0.82907,0.82918,2.25,2.62
2017.04.03 20:12:30.042,0.82907,0.82916,1.00,3.75
2017.04.03 20:12:30.346,0.82902,0.8291,1.75,1.00
2017.04.03 20:12:31.187,0.82905,0.82911,1.00,1.50
2017.04.03 20:12:35.118,0.82905,0.82912,1.00,1.50
2017.04.03 20:12:37.619,0.82905,0.82911,1.00,1.00
2017.04.03 20:12:37.670,0.82901,0.82911,1.50,1.12
2017.04.03 20:12:39.922,0.82902,0.82912,1.87,1.12
2017.04.03 20:12:40.424,0.82903,0.8291,1.37,1.00
2017.04.03 20:12:40.578,0.82902,0.8291,1.87,1.00
2017.04.03 20:12:40.781,0.829,0.8291,1.87,1.12
2017.04.03 20:12:43.152,0.829,0.8291,1.00,1.50
2017.04.03 20:12:43.969,0.829,0.8291,1.00,3.37
2017.04.03 20:12:45.113,0.82899,0.8291,1.00,3.37
2017.04.03 20:12:46.606,0.82901,0.82909,1.00,1.50
2017.04.03 20:12:47.818,0.82897,0.82907,3.00,1.00
2017.04.03 20:12:48.109,0.82897,0.82907,1.12,3.37
2017.04.03 20:12:49.780,0.82895,0.82906,3.00,1.50
2017.04.03 20:12:51.362,0.82895,0.82905,1.50,1.00
2017.04.03 20:12:51.756,0.82895,0.82905,1.00,3.37
2017.04.03 20:12:52.302,0.82895,0.82905,1.00,1.50
2017.04.03 20:12:53.280,0.82895,0.82905,1.50,1.12
2017.04.03 20:12:59.319,0.82895,0.82905,1.50,1.12
2017.04.03 20:13:00.208,0.82895,0.82905,1.50,1.12
2017.04.03 20:13:00.602,0.82893,0.82903,4.50,1.00
2017.04.03 20:13:00.704,0.82893,0.82903,2.25,1.12
2017.04.03 20:13:01.238,0.82894,0.82904,1.00,1.50
2017.04.03 20:13:08.513,0.82893,0.82903,1.75,1.00
2017.04.03 20:13:13.340,0.82893,0.82903,2.25,1.50
2017.04.03 20:13:18.684,0.82893,0.82903,2.25,1.50
2017.04.03 20:13:20.752,0.82893,0.82903,2.25,1.50
2017.04.03 20:13:23.211,0.82893,0.82902,1.00,1.00
2017.04.03 20:13:23.363,0.82891,0.82901,1.12,1.00
2017.04.03 20:13:23.464,0.82891,0.82901,1.12,2.62
2017.04.03 20:13:23.797,0.82892,0.82901,1.37,2.62
2017.04.03 20:13:23.950,0.82892,0.82902,1.12,1.50
2017.04.03 20:13:24.051,0.82892,0.82902,3.75,1.12
2017.04.03 20:13:29.071,0.8289,0.829,3.75,1.00
2017.04.03 20:13:29.274,0.82889,0.82899,1.50,1.37
2017.04.03 20:13:29.909,0.82889,0.82897,1.50,1.00
2017.04.03 20:13:39.338,0.82889,0.82896,1.00,1.00
2017.04.03 20:13:40.051,0.82887,0.82896,1.87,1.37
2017.04.03 20:13:41.476,0.82887,0.82896,1.50,1.00
2017.04.03 20:13:42.157,0.82887,0.82896,1.00,1.37
2017.04.03 20:13:43.186,0.82887,0.82896,1.37,1.37
2017.04.03 20:13:44.043,0.82887,0.82896,1.50,1.00
2017.04.03 20:13:45.864,0.82887,0.82896,1.12,1.00
2017.04.03 20:13:46.458,0.82886,0.82897,1.87,1.87
2017.04.03 20:13:47.098,0.82888,0.82896,1.00,1.00
2017.04.03 20:13:53.289,0.82884,0.82894,4.12,1.50
2017.04.03 20:13:53.441,0.82887,0.82896,1.00,4.12
2017.04.03 20:13:53.492,0.82887,0.82896,1.00,2.25
2017.04.03 20:13:53.594,0.82887,0.82894,1.00,1.00
2017.04.03 20:13:54.286,0.82885,0.82894,1.37,1.12
2017.04.03 20:13:55.286,0.82887,0.82894,1.00,1.12
2017.04.03 20:14:00.098,0.82885,0.82894,1.37,1.12
2017.04.03 20:14:00.653,0.82886,0.82895,1.12,1.12
2017.04.03 20:14:01.316,0.82884,0.82895,3.37,1.87
2017.04.03 20:14:01.418,0.82884,0.82895,1.12,2.25
2017.04.03 20:14:01.620,0.82886,0.82896,1.00,4.50
2017.04.03 20:14:02.175,0.82886,0.82896,1.12,1.87
2017.04.03 20:14:02.947,0.82886,0.82894,1.50,1.00
2017.04.03 20:14:03.992,0.82886,0.82896,1.87,1.87
2017.04.03 20:14:05.183,0.82887,0.82895,1.00,1.12
2017.04.03 20:14:05.982,0.82887,0.82894,1.00,1.00
2017.04.03 20:14:06.550,0.82886,0.82894,1.12,1.00
2017.04.03 20:14:07.504,0.82886,0.82895,1.12,1.12
2017.04.03 20:14:11.701,0.8289,0.82897,1.37,2.92
2017.04.03 20:14:11.907,0.8289,0.82899,2.25,1.00
2017.04.03 20:14:12.445,0.82891,0.82899,2.25,1.00
2017.04.03 20:14:13.726,0.82893,0.82899,1.12,1.00
2017.04.03 20:14:14.030,0.82896,0.829,1.00,1.00
2017.04.03 20:14:14.773,0.82894,0.82899,4.50,1.00
2017.04.03 20:14:15.510,0.82894,0.82905,4.50,1.30
2017.04.03 20:14:16.099,0.82895,0.82903,1.12,1.00
2017.04.03 20:14:17.921,0.82895,0.82903,1.50,1.00
2017.04.03 20:14:18.495,0.82896,0.82906,1.00,1.30
2017.04.03 20:14:18.546,0.82896,0.82906,1.50,1.05
2017.04.03 20:14:18.597,0.82896,0.82906,1.87,1.05
2017.04.03 20:14:18.648,0.82896,0.82906,3.75,1.42
2017.04.03 20:14:20.416,0.82897,0.82905,1.87,1.30
2017.04.03 20:14:21.035,0.82896,0.82905,1.12,1.30
2017.04.03 20:14:22.037,0.82896,0.82906,1.87,1.30
2017.04.03 20:14:23.667,0.82896,0.82906,1.87,1.80
2017.04.03 20:14:24.228,0.82895,0.82905,1.87,1.30
2017.04.03 20:14:24.740,0.82895,0.82905,1.87,1.30
2017.04.03 20:14:25.417,0.82897,0.82905,1.00,1.30
2017.04.03 20:14:25.997,0.82897,0.82905,1.00,1.00
2017.04.03 20:14:27.995,0.82896,0.82905,1.12,1.00
2017.04.03 20:14:28.503,0.82897,0.82905,1.12,1.00
2017.04.03 20:14:29.064,0.82896,0.82905,1.12,1.00
2017.04.03 20:14:30.251,0.82893,0.82901,2.62,1.00
2017.04.03 20:14:30.777,0.82893,0.82901,2.25,1.00
2017.04.03 20:14:31.164,0.82893,0.82903,1.50,1.12
2017.04.03 20:14:31.701,0.82893,0.82902,1.50,1.00
2017.04.03 20:14:31.803,0.82893,0.829,1.00,1.00
2017.04.03 20:14:32.005,0.82891,0.829,1.87,1.00
2017.04.03 20:14:32.107,0.82889,0.82897,2.62,1.00
2017.04.03 20:14:32.361,0.82887,0.82897,3.00,1.50
2017.04.03 20:14:36.597,0.8289,0.82897,1.12,1.12
2017.04.03 20:14:39.498,0.82889,0.82897,1.12,1.50
2017.04.03 20:14:40.291,0.8289,0.82897,1.12,1.00
2017.04.03 20:14:41.202,0.82889,0.82897,1.12,1.00
2017.04.03 20:14:41.974,0.82889,0.82896,1.00,1.00
2017.04.03 20:14:42.493,0.82889,0.82897,1.12,1.00
2017.04.03 20:14:43.497,0.82887,0.82897,2.25,1.50
2017.04.03 20:14:43.836,0.8289,0.82897,1.12,1.00
2017.04.03 20:14:45.214,0.82888,0.82897,1.50,1.50
2017.04.03 20:14:45.467,0.82889,0.82897,1.37,1.50
2017.04.03 20:14:48.098,0.82888,0.82896,4.50,1.00
2017.04.03 20:14:48.230,0.82888,0.82897,2.25,1.12
2017.04.03 20:14:48.877,0.82888,0.82896,2.62,1.00
2017.04.03 20:14:49.092,0.82891,0.82899,2.25,1.00
2017.04.03 20:14:49.245,0.82892,0.82901,1.00,2.25
2017.04.03 20:14:49.785,0.82891,0.82901,2.62,1.50
2017.04.03 20:14:50.106,0.82891,0.82899,1.50,1.00
2017.04.03 20:14:52.209,0.8289,0.82899,2.62,1.00
2017.04.03 20:14:53.254,0.82891,0.82899,1.00,1.00
2017.04.03 20:14:56.183,0.8289,0.82899,1.50,1.00
2017.04.03 20:14:56.771,0.82891,0.82899,1.00,1.00
2017.04.03 20:15:00.745,0.82894,0.82901,1.00,1.50
2017.04.03 20:15:01.049,0.82896,0.82903,2.62,1.00
2017.04.03 20:15:01.666,0.82897,0.82904,1.12,1.87
2017.04.03 20:15:13.046,0.82896,0.82905,2.62,1.12
2017.04.03 20:15:13.728,0.82896,0.82904,2.62,1.00
2017.04.03 20:15:25.349,0.82898,0.82906,1.00,4.12
2017.04.03 20:15:25.450,0.82896,0.82906,3.00,1.87
2017.04.03 20:15:26.386,0.82896,0.82906,2.62,2.25
2017.04.03 20:15:27.435,0.82897,0.82906,1.12,1.50
2017.04.03 20:15:29.496,0.82898,0.82906,1.00,2.25
2017.04.03 20:15:30.016,0.82897,0.82905,1.87,1.00
2017.04.03 20:15:30.534,0.82897,0.82904,1.00,1.12
2017.04.03 20:15:33.669,0.82896,0.82904,1.12,1.12
2017.04.03 20:15:34.244,0.82894,0.82905,1.37,2.62
2017.04.03 20:15:47.474,0.82895,0.82905,1.12,2.62
2017.04.03 20:15:48.176,0.82895,0.82905,1.12,2.25
2017.04.03 20:15:48.696,0.82895,0.82904,1.00,1.50
2017.04.03 20:15:50.105,0.82896,0.82904,1.00,1.00
2017.04.03 20:15:53.606,0.82896,0.82906,1.00,2.62
2017.04.03 20:15:55.323,0.82896,0.82904,1.00,1.87
2017.04.03 20:15:57.395,0.82895,0.82904,1.00,1.00
2017.04.03 20:15:58.737,0.82894,0.82904,1.87,1.00
2017.04.03 20:15:59.314,0.82895,0.82904,1.00,1.00
2017.04.03 20:15:59.618,0.82891,0.829,1.87,1.00
2017.04.03 20:15:59.954,0.8289,0.829,2.25,1.00
2017.04.03 20:16:00.616,0.8289,0.82899,1.12,1.00
2017.04.03 20:16:01.191,0.82892,0.82899,1.00,1.00
2017.04.03 20:16:02.396,0.82892,0.829,1.00,1.00
2017.04.03 20:16:02.917,0.82892,0.82899,1.00,1.00
2017.04.03 20:16:03.514,0.82892,0.82898,1.00,1.00
2017.04.03 20:16:03.826,0.82893,0.82899,1.00,2.62
2017.04.03 20:16:03.928,0.82894,0.82901,1.00,1.50
2017.04.03 20:16:08.191,0.82891,0.82901,2.25,1.12
2017.04.03 20:16:15.770,0.82891,0.82899,2.25,1.00
2017.04.03 20:16:16.022,0.82889,0.82899,1.87,1.00
2017.04.03 20:16:16.739,0.82889,0.82898,1.12,1.00
2017.04.03 20:16:21.178,0.82887,0.82897,6.00,1.00
2017.04.03 20:16:21.932,0.82887,0.82897,2.25,1.00
2017.04.03 20:16:22.136,0.82889,0.82899,1.87,1.50
2017.04.03 20:16:22.237,0.82889,0.82899,1.12,1.87
2017.04.03 20:16:22.542,0.82891,0.82898,1.00,1.12
2017.04.03 20:16:23.281,0.82889,0.82898,1.87,1.12
2017.04.03 20:16:24.062,0.82889,0.82898,1.50,1.75
2017.04.03 20:16:31.560,0.82888,0.82899,1.50,3.37
2017.04.03 20:16:32.071,0.82889,0.82899,2.25,1.87
2017.04.03 20:16:38.059,0.8289,0.82899,1.12,1.75
2017.04.03 20:16:38.573,0.8289,0.82899,1.50,1.12
2017.04.03 20:16:42.085,0.8289,0.82899,1.12,1.12
2017.04.03 20:16:48.653,0.82891,0.82899,1.00,1.87
2017.04.03 20:17:01.618,0.82892,0.829,1.00,3.75
2017.04.03 20:17:05.233,0.82892,0.829,1.00,2.85
2017.04.03 20:17:05.833,0.82892,0.829,1.00,3.60
2017.04.03 20:17:06.745,0.82892,0.829,1.00,3.22
2017.04.03 20:17:14.108,0.82893,0.829,1.00,2.47
2017.04.03 20:17:14.260,0.82893,0.82902,1.50,1.50
2017.04.03 20:17:16.975,0.82894,0.82904,1.50,1.00
2017.04.03 20:17:18.574,0.82895,0.82904,1.12,1.00
2017.04.03 20:17:19.533,0.82895,0.82905,1.50,1.12
2017.04.03 20:17:20.310,0.82894,0.82903,2.62,1.00
2017.04.03 20:17:47.410,0.82894,0.82903,1.37,1.00
2017.04.03 20:17:49.258,0.82894,0.82903,1.50,1.37
2017.04.03 20:17:50.460,0.82894,0.82902,1.50,1.00
2017.04.03 20:18:07.368,0.82894,0.82902,1.00,1.00
2017.04.03 20:18:10.497,0.82894,0.82902,1.87,1.00
2017.04.03 20:18:10.548,0.82894,0.82904,2.62,1.12
2017.04.03 20:18:10.700,0.82896,0.82904,2.25,1.00
2017.04.03 20:18:10.802,0.82896,0.82904,1.00,1.00
2017.04.03 20:18:11.629,0.82896,0.82906,1.87,1.50
2017.04.03 20:18:15.786,0.82897,0.82905,1.00,1.00
2017.04.03 20:18:19.092,0.82897,0.82907,1.12,2.25
2017.04.03 20:18:19.142,0.82899,0.82908,1.12,1.87
2017.04.03 20:18:19.648,0.82898,0.82908,1.50,2.25
2017.04.03 20:18:21.168,0.82898,0.82908,1.50,1.87
2017.04.03 20:18:21.219,0.82898,0.82908,3.37,1.50
2017.04.03 20:18:23.215,0.82899,0.82908,1.37,1.12
2017.04.03 20:18:24.081,0.82899,0.82909,1.75,1.00
2017.04.03 20:18:24.419,0.829,0.82909,2.62,1.00
2017.04.03 20:18:24.487,0.82901,0.82909,1.00,1.00
2017.04.03 20:18:27.444,0.829,0.82909,1.00,1.00
2017.04.03 20:18:28.185,0.829,0.82907,1.00,1.00
2017.04.03 20:18:28.336,0.82898,0.82907,1.00,1.50
2017.04.03 20:18:30.156,0.82898,0.82905,1.00,1.00
2017.04.03 20:18:30.990,0.829,0.82907,1.00,1.37
2017.04.03 20:18:31.295,0.82903,0.82909,1.00,1.75
2017.04.03 20:18:31.346,0.82903,0.82909,1.00,1.12
2017.04.03 20:18:32.313,0.82903,0.82909,1.00,1.50
2017.04.03 20:18:33.026,0.82898,0.82909,2.62,1.50
2017.04.03 20:18:36.459,0.82898,0.82906,2.25,1.00
2017.04.03 20:18:37.148,0.82898,0.82906,2.25,1.00
2017.04.03 20:18:38.063,0.82898,0.82906,3.75,1.00
2017.04.03 20:18:38.277,0.82898,0.82908,1.87,1.00
2017.04.03 20:18:40.095,0.82898,0.82907,1.87,1.00
2017.04.03 20:18:40.247,0.82898,0.82905,1.37,1.00
2017.04.03 20:18:41.103,0.82898,0.82905,1.00,1.00
2017.04.03 20:18:42.327,0.82898,0.82906,1.50,1.00
2017.04.03 20:18:46.360,0.82898,0.82907,1.50,1.00
2017.04.03 20:18:50.495,0.82898,0.82906,1.50,1.00
2017.04.03 20:18:50.799,0.82896,0.82904,2.25,1.00
2017.04.03 20:18:51.305,0.82896,0.82904,1.87,1.00
2017.04.03 20:18:53.057,0.82896,0.82906,1.87,1.12
2017.04.03 20:18:53.209,0.82897,0.82906,1.37,1.12
2017.04.03 20:18:54.434,0.82898,0.82907,1.12,1.12
2017.04.03 20:18:55.024,0.82899,0.82907,1.00,1.00
2017.04.03 20:18:58.076,0.82898,0.82907,2.25,1.00
2017.04.03 20:18:59.575,0.82898,0.82908,2.62,1.00
2017.04.03 20:19:06.738,0.82899,0.82909,3.37,1.00
2017.04.03 20:19:08.345,0.829,0.8291,1.50,1.12
2017.04.03 20:19:08.885,0.829,0.8291,1.50,1.12
2017.04.03 20:19:09.710,0.829,0.8291,1.12,1.37
2017.04.03 20:19:27.465,0.829,0.8291,1.50,1.12
2017.04.03 20:19:29.344,0.82901,0.8291,1.00,1.75
2017.04.03 20:19:29.707,0.82899,0.82909,2.62,1.50
2017.04.03 20:19:30.319,0.82899,0.82909,3.00,1.12
2017.04.03 20:19:31.246,0.82901,0.82909,1.87,1.50
2017.04.03 20:19:31.566,0.82903,0.82911,1.00,1.00
2017.04.03 20:19:32.212,0.82901,0.82911,3.00,1.50
2017.04.03 20:19:34.698,0.82902,0.82912,1.12,1.12
2017.04.03 20:19:35.244,0.82902,0.82912,1.87,1.00
2017.04.03 20:19:39.650,0.82904,0.82914,1.50,2.17
2017.04.03 20:19:40.156,0.82905,0.82915,1.50,2.92
2017.04.03 20:19:56.028,0.82905,0.82913,1.50,1.00
2017.04.03 20:20:00.336,0.82905,0.82914,1.00,1.87
2017.04.03 20:20:00.884,0.82904,0.82913,1.00,1.12
2017.04.03 20:20:00.985,0.82904,0.82914,1.87,1.50
2017.04.03 20:20:01.388,0.82906,0.82916,1.87,1.50
2017.04.03 20:20:01.981,0.82906,0.82916,1.87,1.12
2017.04.03 20:20:03.876,0.82907,0.82916,1.00,1.12
2017.04.03 20:20:08.784,0.82906,0.82916,1.87,1.87
2017.04.03 20:20:11.549,0.82905,0.82914,1.50,1.00
2017.04.03 20:20:12.073,0.82905,0.82914,1.00,1.12
2017.04.03 20:20:18.872,0.82905,0.82913,1.00,1.00
2017.04.03 20:20:30.452,0.82905,0.82911,1.00,1.00
2017.04.03 20:20:31.054,0.82904,0.82911,1.00,1.00
2017.04.03 20:20:31.106,0.82904,0.82913,1.00,1.00
2017.04.03 20:20:41.957,0.82904,0.82913,1.50,1.00
2017.04.03 20:20:55.876,0.82905,0.82913,1.00,1.50
2017.04.03 20:20:56.079,0.82903,0.82911,1.12,1.00
2017.04.03 20:20:56.895,0.82902,0.8291,3.00,1.00
2017.04.03 20:20:57.538,0.82902,0.82911,2.25,1.12
2017.04.03 20:21:03.959,0.82903,0.82911,1.75,1.12
2017.04.03 20:21:07.384,0.82904,0.82912,2.25,1.00
2017.04.03 20:21:08.578,0.82904,0.82912,1.50,1.00
2017.04.03 20:21:09.109,0.82903,0.82913,1.12,1.12
2017.04.03 20:21:09.946,0.82903,0.82913,1.12,1.50
2017.04.03 20:21:19.191,0.82903,0.82913,1.87,1.12
2017.04.03 20:21:20.005,0.82903,0.82913,1.87,1.50
2017.04.03 20:21:30.888,0.82902,0.82908,1.12,1.00
2017.04.03 20:21:31.191,0.82897,0.82905,1.37,1.12
2017.04.03 20:21:34.045,0.82898,0.82906,1.37,1.00
2017.04.03 20:21:45.545,0.82897,0.82907,1.50,1.12
2017.04.03 20:21:49.746,0.82897,0.82907,2.25,1.50
2017.04.03 20:21:50.288,0.82897,0.82906,1.87,1.37
2017.04.03 20:21:55.944,0.82897,0.82906,1.50,1.12
2017.04.03 20:21:57.464,0.82899,0.82907,1.12,1.75
2017.04.03 20:21:57.666,0.82899,0.82907,1.12,1.12
2017.04.03 20:22:01.336,0.82899,0.82907,1.50,1.12
2017.04.03 20:22:07.246,0.82897,0.82908,2.62,1.50
2017.04.03 20:22:07.398,0.82898,0.82908,1.12,1.50
2017.04.03 20:22:17.917,0.82898,0.82905,1.12,1.00
2017.04.03 20:22:18.020,0.82895,0.82904,3.37,1.00
2017.04.03 20:22:18.686,0.82896,0.82905,1.75,1.00
2017.04.03 20:22:19.318,0.82896,0.82906,2.25,1.50
2017.04.03 20:22:21.490,0.82895,0.82905,2.62,1.00
2017.04.03 20:22:24.659,0.82898,0.82905,1.00,1.72
2017.04.03 20:22:26.390,0.82898,0.82905,1.12,1.00
2017.04.03 20:22:29.349,0.82898,0.82907,1.75,1.50
2017.04.03 20:22:29.860,0.829,0.82907,1.50,1.12
2017.04.03 20:22:34.143,0.829,0.82906,1.50,1.00
2017.04.03 20:22:40.342,0.829,0.82907,1.50,1.12
2017.04.03 20:22:42.625,0.829,0.82907,1.50,1.50
2017.04.03 20:22:47.429,0.829,0.82907,1.50,1.12
2017.04.03 20:23:04.850,0.829,0.82907,1.00,1.12
2017.04.03 20:23:19.510,0.82897,0.82907,2.62,1.12
2017.04.03 20:23:19.871,0.82897,0.82907,6.00,1.12
2017.04.03 20:23:27.482,0.82897,0.82907,6.75,1.37
2017.04.03 20:23:29.689,0.82897,0.82907,7.12,1.50
2017.04.03 20:23:38.177,0.82897,0.82906,4.50,1.37
2017.04.03 20:23:38.698,0.829,0.82906,1.00,1.87
2017.04.03 20:23:41.732,0.82897,0.82905,4.50,1.00
2017.04.03 20:23:49.724,0.829,0.82905,1.00,1.50
2017.04.03 20:23:53.320,0.82897,0.82904,1.50,1.12
2017.04.03 20:23:53.831,0.82899,0.82904,1.00,1.12
2017.04.03 20:24:02.204,0.82897,0.82905,1.50,1.37
2017.04.03 20:24:04.569,0.82895,0.82903,4.12,1.00
2017.04.03 20:24:04.670,0.82895,0.82903,1.12,1.00
2017.04.03 20:24:07.327,0.82895,0.82904,1.50,1.00
2017.04.03 20:24:10.131,0.82895,0.82903,2.25,1.00
2017.04.03 20:24:12.821,0.82895,0.82904,1.50,1.00
2017.04.03 20:24:15.783,0.82896,0.82904,1.00,1.00
2017.04.03 20:24:19.445,0.82895,0.82904,2.25,1.00
2017.04.03 20:24:39.542,0.82894,0.82901,1.37,1.00
2017.04.03 20:24:39.744,0.82892,0.829,1.00,1.37
2017.04.03 20:24:40.199,0.82893,0.82903,1.50,1.87
2017.04.03 20:24:40.300,0.82893,0.82903,1.00,1.50
2017.04.03 20:24:45.138,0.82894,0.82902,1.00,1.00
2017.04.03 20:24:46.094,0.82893,0.82903,1.00,1.50
2017.04.03 20:24:50.474,0.82893,0.82902,1.87,1.12
2017.04.03 20:24:50.727,0.82892,0.82901,1.87,1.50
2017.04.03 20:24:51.485,0.82892,0.82901,1.50,1.50
2017.04.03 20:24:52.380,0.82893,0.82903,2.25,3.37
2017.04.03 20:24:52.695,0.82895,0.82903,1.12,1.00
2017.04.03 20:24:53.354,0.82895,0.82904,1.00,1.50
2017.04.03 20:24:56.402,0.82893,0.82903,3.00,1.00
2017.04.03 20:25:04.254,0.82895,0.82905,1.00,1.75
2017.04.03 20:25:04.451,0.82896,0.82905,1.50,1.00
2017.04.03 20:25:07.440,0.82896,0.82905,1.50,1.00
2017.04.03 20:25:09.421,0.82896,0.82903,1.50,1.00
2017.04.03 20:25:10.023,0.82896,0.82903,1.50,1.00
2017.04.03 20:25:19.171,0.82894,0.82903,3.30,1.00
2017.04.03 20:25:26.481,0.82894,0.82904,2.17,1.12
2017.04.03 20:25:33.318,0.82894,0.82903,2.17,1.00
2017.04.03 20:25:44.265,0.82894,0.82903,2.62,1.00
2017.04.03 20:25:46.025,0.82894,0.82904,2.62,1.12
2017.04.03 20:25:47.699,0.82894,0.82904,2.62,1.50
2017.04.03 20:25:58.777,0.82894,0.82904,1.87,1.50
2017.04.03 20:26:00.703,0.82894,0.82904,1.87,1.12
2017.04.03 20:26:01.211,0.82895,0.82904,1.00,1.00
2017.04.03 20:26:11.275,0.82895,0.82903,1.50,1.00
2017.04.03 20:26:12.499,0.82895,0.82904,1.00,1.00
2017.04.03 20:26:13.188,0.82896,0.82904,1.00,1.00
2017.04.03 20:26:16.085,0.82896,0.82905,1.00,1.50
2017.04.03 20:26:16.773,0.82896,0.82904,1.00,1.00
2017.04.03 20:26:17.317,0.82893,0.82903,4.87,1.50
2017.04.03 20:26:18.242,0.82894,0.82902,1.00,1.50
2017.04.03 20:26:18.643,0.82894,0.82903,3.75,1.87
2017.04.03 20:26:18.694,0.82894,0.82903,3.75,1.50
2017.04.03 20:26:19.813,0.82895,0.82903,1.87,1.12
2017.04.03 20:26:22.061,0.82895,0.82905,3.00,2.25
2017.04.03 20:26:22.576,0.82895,0.82905,3.00,1.87
2017.04.03 20:26:28.022,0.82895,0.82903,2.25,1.00
2017.04.03 20:26:31.812,0.82895,0.82905,1.50,1.87
2017.04.03 20:26:37.925,0.82896,0.82903,1.12,1.00
2017.04.03 20:26:38.814,0.82896,0.82904,1.12,1.00
2017.04.03 20:26:42.009,0.82896,0.82906,1.50,1.00
2017.04.03 20:26:42.795,0.82896,0.82904,1.12,1.12
2017.04.03 20:26:43.558,0.82897,0.82904,1.00,1.00
2017.04.03 20:26:45.124,0.82897,0.82906,1.50,1.37
2017.04.03 20:26:45.631,0.82897,0.82906,1.87,1.12
2017.04.03 20:26:47.814,0.82898,0.82909,1.87,4.12
2017.04.03 20:26:48.117,0.82901,0.82907,1.12,1.00
2017.04.03 20:26:48.825,0.82901,0.82908,1.12,1.12
2017.04.03 20:26:51.759,0.829,0.82908,1.75,1.12
2017.04.03 20:26:52.012,0.82903,0.82911,1.12,1.50
2017.04.03 20:26:52.554,0.82903,0.82911,1.12,1.50
2017.04.03 20:26:55.854,0.82904,0.82911,1.00,1.00
2017.04.03 20:26:55.956,0.82902,0.82911,1.12,1.00
2017.04.03 20:26:56.008,0.82902,0.82911,1.12,1.50
2017.04.03 20:27:01.909,0.82902,0.82911,1.12,1.50
2017.04.03 20:27:07.433,0.82901,0.8291,1.00,1.12
2017.04.03 20:27:07.765,0.82898,0.82907,1.87,1.00
2017.04.03 20:27:08.070,0.82895,0.82906,4.87,3.75
2017.04.03 20:27:08.121,0.82895,0.82905,4.87,1.00
2017.04.03 20:27:08.626,0.82895,0.82904,4.50,1.00
2017.04.03 20:27:09.433,0.82896,0.82904,1.00,1.50
2017.04.03 20:27:11.484,0.82897,0.82904,1.00,1.50
2017.04.03 20:27:17.532,0.82897,0.82905,1.00,1.75
2017.04.03 20:27:18.020,0.82895,0.82903,1.50,1.12
2017.04.03 20:27:18.172,0.82895,0.82904,1.50,5.25
2017.04.03 20:27:20.171,0.82895,0.82903,1.00,4.50
2017.04.03 20:27:20.778,0.82892,0.829,2.62,1.12
2017.04.03 20:27:20.931,0.82894,0.82901,1.00,1.87
2017.04.03 20:27:21.234,0.82894,0.82898,1.00,1.00
2017.04.03 20:27:21.694,0.82894,0.82902,1.00,1.12
2017.04.03 20:27:22.236,0.82894,0.82902,1.00,1.37
2017.04.03 20:27:27.496,0.82894,0.82902,1.00,3.00
2017.04.03 20:27:29.799,0.82894,0.82902,1.00,1.12
2017.04.03 20:27:34.188,0.82894,0.82903,1.00,1.50
2017.04.03 20:27:37.859,0.82894,0.829,1.00,1.00
2017.04.03 20:27:38.213,0.82894,0.82903,1.50,1.12
2017.04.03 20:27:50.869,0.82894,0.82904,3.37,1.50
2017.04.03 20:27:52.014,0.82896,0.82906,1.50,1.50
2017.04.03 20:27:52.709,0.82896,0.82904,1.12,1.00
2017.04.03 20:28:27.015,0.82894,0.82902,2.62,1.00
2017.04.03 20:28:30.232,0.82893,0.829,1.50,1.00
2017.04.03 20:28:30.283,0.82893,0.82902,1.75,1.50
2017.04.03 20:28:31.278,0.82893,0.82902,1.87,1.50
2017.04.03 20:28:32.696,0.82893,0.82902,1.12,1.00
2017.04.03 20:28:33.360,0.82893,0.82902,1.50,1.00
2017.04.03 20:28:34.401,0.82896,0.82902,1.00,1.00
2017.04.03 20:28:34.934,0.82896,0.82903,1.00,1.00
2017.04.03 20:28:35.510,0.82896,0.82902,1.00,1.00
2017.04.03 20:28:37.625,0.82896,0.82904,1.50,1.00
2017.04.03 20:28:37.676,0.82899,0.82906,1.00,1.87
2017.04.03 20:28:37.727,0.82899,0.82906,1.00,1.12
2017.04.03 20:28:38.333,0.82899,0.82904,1.00,1.00
2017.04.03 20:28:38.586,0.82897,0.82904,1.00,1.00
2017.04.03 20:28:39.133,0.82897,0.82903,1.00,1.00
2017.04.03 20:28:40.239,0.82897,0.82904,1.00,1.00
2017.04.03 20:28:41.297,0.82897,0.82906,1.00,1.12
2017.04.03 20:28:42.824,0.82897,0.82904,1.00,1.00
2017.04.03 20:28:43.663,0.82897,0.82906,1.00,1.12
2017.04.03 20:28:43.889,0.82897,0.82904,1.00,1.00
2017.04.03 20:28:44.901,0.82897,0.82905,1.00,1.12
2017.04.03 20:28:45.428,0.82897,0.82903,1.00,1.00
2017.04.03 20:28:45.734,0.82894,0.829,1.00,1.00
2017.04.03 20:28:46.957,0.82896,0.82903,1.00,2.25
2017.04.03 20:28:47.009,0.82896,0.82904,1.00,1.50
2017.04.03 20:28:47.590,0.82896,0.82904,1.12,1.00
2017.04.03 20:28:48.331,0.82896,0.82903,1.12,1.00
2017.04.03 20:28:48.848,0.82893,0.82902,3.37,1.12
2017.04.03 20:28:49.000,0.82893,0.82902,1.00,1.00
2017.04.03 20:28:49.891,0.82893,0.82901,1.00,1.00
2017.04.03 20:28:51.934,0.82893,0.82901,1.00,1.37
2017.04.03 20:28:52.474,0.82893,0.82901,1.00,1.37
2017.04.03 20:28:52.525,0.82893,0.82901,1.00,1.12
2017.04.03 20:28:53.030,0.82893,0.82901,1.00,1.37
2017.04.03 20:28:53.636,0.82893,0.82901,1.00,1.12
2017.04.03 20:28:54.149,0.82893,0.82901,1.00,1.37
2017.04.03 20:28:54.655,0.82893,0.82901,1.00,1.12
2017.04.03 20:28:55.434,0.82893,0.82901,1.00,1.37
2017.04.03 20:28:55.977,0.82893,0.82901,1.00,1.00
2017.04.03 20:29:00.270,0.82893,0.82901,1.00,1.37
2017.04.03 20:29:00.824,0.82893,0.82901,1.00,1.00
2017.04.03 20:29:01.128,0.82893,0.82901,1.50,1.00
2017.04.03 20:29:02.444,0.82895,0.82903,1.12,1.12
2017.04.03 20:29:04.922,0.82895,0.82902,1.12,1.00
2017.04.03 20:29:09.680,0.82895,0.82902,1.50,1.00
2017.04.03 20:29:11.036,0.82896,0.82903,1.00,1.37
2017.04.03 20:29:11.138,0.82893,0.82903,2.25,1.37
2017.04.03 20:29:11.665,0.82893,0.82903,2.25,1.50
2017.04.03 20:29:11.716,0.82893,0.82903,2.25,1.50
2017.04.03 20:29:12.020,0.82897,0.82906,1.00,1.00
2017.04.03 20:29:12.071,0.82897,0.82906,1.50,1.00
2017.04.03 20:29:12.576,0.82897,0.82907,4.50,1.00
2017.04.03 20:29:13.182,0.82897,0.82907,2.62,1.00
2017.04.03 20:29:13.233,0.82897,0.82907,2.25,1.00
2017.04.03 20:29:14.034,0.82897,0.82907,2.62,1.12
2017.04.03 20:29:14.539,0.82897,0.82907,2.62,1.00
2017.04.03 20:29:15.897,0.82899,0.82907,1.00,1.12
2017.04.03 20:29:16.517,0.82898,0.82907,1.75,1.00
2017.04.03 20:29:16.860,0.82897,0.82904,1.00,1.00
2017.04.03 20:29:17.365,0.82896,0.82904,1.87,1.00
2017.04.03 20:29:17.917,0.82896,0.82905,1.50,1.00
2017.04.03 20:29:21.065,0.82896,0.82905,1.87,1.12
2017.04.03 20:29:21.586,0.82896,0.82905,2.25,1.50
2017.04.03 20:29:21.993,0.82898,0.82906,1.00,1.00
2017.04.03 20:29:22.145,0.82898,0.82909,2.25,2.25
2017.04.03 20:29:22.197,0.829,0.82909,1.37,1.50
2017.04.03 20:29:22.551,0.82899,0.8291,2.25,1.12
2017.04.03 20:29:22.963,0.82899,0.8291,2.25,1.37
2017.04.03 20:29:23.969,0.82901,0.8291,1.00,1.00
2017.04.03 20:29:24.337,0.82901,0.8291,4.12,1.00
2017.04.03 20:29:25.025,0.82901,0.82909,3.00,1.00
2017.04.03 20:29:25.076,0.82901,0.82909,1.00,1.00
2017.04.03 20:29:25.178,0.82901,0.82909,4.87,1.00
2017.04.03 20:29:25.713,0.82902,0.82912,2.62,1.87
2017.04.03 20:29:27.140,0.82903,0.82913,1.87,1.12
2017.04.03 20:29:27.695,0.82904,0.82912,1.12,1.00
2017.04.03 20:29:29.768,0.82904,0.82912,1.50,1.00
2017.04.03 20:29:31.083,0.82904,0.82912,1.50,1.37
2017.04.03 20:29:31.593,0.82903,0.82912,1.50,1.12
2017.04.03 20:29:32.098,0.82902,0.82912,1.12,1.50
2017.04.03 20:29:32.250,0.82903,0.82912,1.50,1.50
2017.04.03 20:29:32.810,0.82903,0.8291,1.37,1.00
2017.04.03 20:29:32.962,0.82904,0.82913,1.50,1.00
2017.04.03 20:29:33.063,0.82905,0.82915,1.50,1.12
2017.04.03 20:29:33.114,0.82905,0.82915,2.62,1.37
2017.04.03 20:29:33.785,0.82905,0.82915,1.87,1.37
2017.04.03 20:29:34.058,0.82906,0.82916,2.62,1.50
2017.04.03 20:29:34.566,0.82906,0.82916,2.62,1.00
2017.04.03 20:29:35.072,0.82906,0.82915,3.75,1.00
2017.04.03 20:29:35.393,0.82906,0.82916,1.00,1.00
2017.04.03 20:29:35.495,0.82906,0.82916,1.75,1.00
2017.04.03 20:29:38.231,0.82908,0.82915,1.00,1.12
2017.04.03 20:29:38.982,0.82907,0.82915,1.00,1.12
2017.04.03 20:29:41.003,0.82907,0.82913,1.00,1.00
2017.04.03 20:29:41.220,0.82905,0.82913,1.00,1.00
2017.04.03 20:29:41.892,0.82905,0.82914,1.87,1.12
2017.04.03 20:29:42.147,0.82906,0.82916,1.87,1.00
2017.04.03 20:29:42.665,0.82906,0.82916,1.87,1.00
2017.04.03 20:29:43.134,0.82906,0.82915,1.50,1.50
2017.04.03 20:29:43.643,0.82907,0.82915,1.00,1.00
2017.04.03 20:29:44.177,0.82907,0.82916,1.00,1.00
2017.04.03 20:29:48.643,0.82907,0.82914,1.00,1.00
2017.04.03 20:29:51.010,0.82907,0.82915,1.00,1.00
2017.04.03 20:29:51.559,0.82905,0.82915,2.62,1.00
2017.04.03 20:29:52.003,0.82908,0.82916,1.50,1.00
2017.04.03 20:29:52.306,0.82908,0.82918,2.62,1.12
2017.04.03 20:29:53.611,0.82908,0.82917,1.50,1.12
2017.04.03 20:29:53.933,0.82906,0.82914,1.12,1.00
2017.04.03 20:29:54.609,0.82906,0.82915,1.00,1.00
2017.04.03 20:29:56.115,0.82905,0.82915,1.12,1.50
2017.04.03 20:30:00.112,0.82905,0.82916,2.62,3.75
2017.04.03 20:30:00.274,0.82907,0.82916,1.00,1.12
2017.04.03 20:30:01.141,0.82907,0.82915,1.00,1.00
2017.04.03 20:30:02.085,0.82906,0.82916,1.00,1.12
2017.04.03 20:30:03.675,0.82906,0.82915,1.00,1.00
2017.04.03 20:30:05.093,0.82905,0.82915,1.50,1.00
2017.04.03 20:30:06.098,0.82905,0.82915,1.87,1.00
2017.04.03 20:30:06.774,0.82905,0.82915,1.50,1.00
2017.04.03 20:30:10.295,0.82906,0.82916,1.00,1.50
2017.04.03 20:30:12.211,0.82905,0.82915,1.50,1.00
2017.04.03 20:30:12.800,0.82907,0.82915,1.00,1.00
2017.04.03 20:30:18.410,0.82907,0.82913,1.00,1.00
2017.04.03 20:30:19.013,0.82905,0.82913,1.50,1.00
2017.04.03 20:30:22.505,0.82905,0.82914,1.00,1.00
2017.04.03 20:30:29.524,0.82904,0.82914,1.00,1.50
2017.04.03 20:30:33.109,0.82904,0.82914,1.87,1.00
2017.04.03 20:30:33.658,0.82905,0.82915,1.12,1.00
2017.04.03 20:30:36.729,0.82906,0.82916,1.87,1.00
2017.04.03 20:30:37.255,0.82906,0.82916,1.50,1.00
2017.04.03 20:30:37.766,0.82906,0.82915,1.00,1.00
2017.04.03 20:30:38.401,0.82905,0.82915,1.12,1.00
2017.04.03 20:30:49.402,0.82905,0.82915,1.00,1.50
2017.04.03 20:30:52.320,0.82905,0.82913,1.00,1.00
2017.04.03 20:30:58.727,0.82905,0.82913,1.37,1.00
2017.04.03 20:30:59.566,0.82905,0.82913,1.12,1.00
2017.04.03 20:31:00.639,0.82903,0.82913,2.62,1.00
2017.04.03 20:31:01.012,0.82902,0.8291,1.37,1.00
2017.04.03 20:31:01.063,0.829,0.8291,1.37,1.00
2017.04.03 20:31:01.569,0.82899,0.82909,1.87,1.00
2017.04.03 20:31:04.526,0.829,0.8291,1.00,1.00
2017.04.03 20:31:04.829,0.82899,0.82909,1.00,1.37
2017.04.03 20:31:05.133,0.82897,0.82905,1.00,1.12
2017.04.03 20:31:05.646,0.82895,0.82905,1.37,1.12
2017.04.03 20:31:06.042,0.82898,0.82905,1.00,1.12
2017.04.03 20:31:06.587,0.82895,0.82905,1.37,1.12
2017.04.03 20:31:10.450,0.82895,0.82905,1.12,1.12
2017.04.03 20:31:12.554,0.82896,0.82906,1.00,1.50
2017.04.03 20:31:15.268,0.82895,0.82905,1.12,1.12
2017.04.03 20:31:17.974,0.82895,0.82905,1.87,1.87
2017.04.03 20:31:18.278,0.82897,0.82905,1.00,1.00
2017.04.03 20:31:20.359,0.82897,0.82905,1.00,1.75
2017.04.03 20:31:20.512,0.82896,0.82906,1.00,1.50
2017.04.03 20:31:21.413,0.82895,0.82905,1.12,1.12
2017.04.03 20:31:23.602,0.82895,0.82905,1.37,1.12
2017.04.03 20:31:31.927,0.82896,0.82906,1.50,1.12
2017.04.03 20:31:31.978,0.82899,0.82908,1.00,1.50
2017.04.03 20:31:32.282,0.82905,0.82913,1.00,1.50
2017.04.03 20:31:33.061,0.82904,0.82912,1.00,1.00
2017.04.03 20:31:33.587,0.82903,0.82912,1.00,1.00
2017.04.03 20:31:35.053,0.82902,0.8291,1.00,1.00
2017.04.03 20:31:35.104,0.829,0.82909,1.00,1.00
2017.04.03 20:31:35.641,0.82899,0.82909,1.87,1.00
2017.04.03 20:31:38.972,0.82899,0.82908,1.00,1.00
2017.04.03 20:31:39.944,0.82899,0.82909,1.50,1.00
2017.04.03 20:31:43.817,0.82898,0.82908,1.50,1.00
2017.04.03 20:31:43.868,0.829,0.82908,1.00,1.00
2017.04.03 20:31:45.150,0.82898,0.82908,1.50,1.00
2017.04.03 20:31:46.330,0.82899,0.82908,1.00,1.00
2017.04.03 20:31:52.443,0.82899,0.82909,1.50,1.00
2017.04.03 20:31:59.570,0.82897,0.82907,1.87,1.00
2017.04.03 20:32:00.095,0.82897,0.82907,1.00,1.00
2017.04.03 20:32:01.700,0.82898,0.82908,1.12,1.00
2017.04.03 20:32:02.204,0.82899,0.82909,1.00,1.00
2017.04.03 20:32:08.876,0.82898,0.82908,1.50,1.00
2017.04.03 20:32:09.850,0.82899,0.82909,1.00,1.12
2017.04.03 20:32:10.666,0.82898,0.82906,1.00,1.00
2017.04.03 20:32:11.172,0.82897,0.82907,1.00,1.00
2017.04.03 20:32:11.731,0.829,0.82908,1.00,1.87
2017.04.03 20:32:11.833,0.829,0.8291,1.00,1.50
2017.04.03 20:32:12.677,0.82899,0.82909,1.12,1.00
2017.04.03 20:32:16.806,0.82899,0.82908,1.12,1.00
2017.04.03 20:32:18.945,0.82899,0.82909,1.12,1.00
2017.04.03 20:32:28.671,0.82899,0.82908,1.00,1.00
2017.04.03 20:32:29.916,0.82899,0.82909,1.87,1.12
2017.04.03 20:32:30.815,0.82898,0.82908,1.50,1.12
2017.04.03 20:32:31.404,0.82899,0.82908,1.12,1.00
2017.04.03 20:32:35.116,0.82899,0.82909,1.00,1.50
2017.04.03 20:32:37.394,0.82899,0.82909,1.00,1.87
2017.04.03 20:32:37.899,0.82899,0.82909,1.00,1.50
2017.04.03 20:32:38.796,0.82898,0.82908,1.50,1.00
2017.04.03 20:32:42.395,0.82898,0.82908,1.50,1.12
2017.04.03 20:32:43.244,0.82899,0.82909,1.37,1.87
2017.04.03 20:32:44.456,0.82899,0.82909,1.37,1.12
2017.04.03 20:32:45.332,0.82899,0.82909,1.12,1.12
2017.04.03 20:32:48.028,0.82899,0.82909,1.37,1.12
2017.04.03 20:32:53.308,0.82899,0.82909,1.12,1.12
2017.04.03 20:32:57.713,0.82899,0.82909,1.00,1.87
2017.04.03 20:32:58.387,0.82898,0.82908,1.50,1.12
2017.04.03 20:32:58.910,0.82899,0.82909,1.00,1.12
2017.04.03 20:33:09.600,0.82899,0.82909,1.37,1.12
2017.04.03 20:33:16.440,0.82899,0.82909,1.12,1.00
2017.04.03 20:33:17.284,0.82899,0.82909,1.37,1.00
2017.04.03 20:33:17.808,0.829,0.8291,1.00,1.00
2017.04.03 20:33:18.470,0.82899,0.82909,1.50,1.00
2017.04.03 20:33:20.481,0.82901,0.82909,1.00,1.00
2017.04.03 20:33:22.280,0.82898,0.82908,1.37,1.00
2017.04.03 20:33:22.331,0.82898,0.82908,1.00,1.12
2017.04.03 20:33:22.836,0.82899,0.82907,1.00,1.00
2017.04.03 20:33:23.570,0.82899,0.82909,1.00,1.50
2017.04.03 20:33:24.094,0.82899,0.82909,1.00,1.00
2017.04.03 20:33:24.880,0.829,0.8291,1.00,1.50
2017.04.03 20:33:31.956,0.82899,0.82909,1.50,1.00
2017.04.03 20:33:33.367,0.829,0.8291,1.00,1.12
2017.04.03 20:33:34.410,0.82899,0.82909,1.50,1.00
2017.04.03 20:33:35.511,0.829,0.8291,1.00,1.12
2017.04.03 20:33:41.923,0.829,0.82908,1.00,1.00
2017.04.03 20:33:42.212,0.829,0.8291,1.00,1.87
2017.04.03 20:33:42.878,0.82899,0.82909,1.37,1.00
2017.04.03 20:33:43.466,0.82899,0.82909,1.12,1.00
2017.04.03 20:33:44.315,0.82902,0.82909,1.00,1.00
2017.04.03 20:33:44.366,0.82899,0.82909,1.12,1.00
2017.04.03 20:33:50.639,0.82897,0.82907,3.75,1.00
2017.04.03 20:33:50.840,0.82897,0.82906,1.00,1.00
2017.04.03 20:33:51.604,0.82897,0.82905,1.00,1.00
2017.04.03 20:33:52.738,0.82897,0.82906,1.00,1.00
2017.04.03 20:33:54.562,0.82897,0.82905,1.00,1.00
2017.04.03 20:33:55.166,0.82896,0.82905,1.12,1.00
2017.04.03 20:34:03.467,0.82895,0.82905,1.12,1.00
2017.04.03 20:34:05.070,0.82894,0.82902,1.50,1.00
2017.04.03 20:34:05.222,0.82894,0.82904,1.12,1.50
2017.04.03 20:34:05.424,0.82894,0.82904,1.50,1.00
2017.04.03 20:34:06.020,0.82895,0.82905,1.37,1.00
2017.04.03 20:34:06.335,0.82898,0.82905,1.00,1.00
2017.04.03 20:34:06.840,0.82897,0.82907,2.25,1.00
2017.04.03 20:34:06.941,0.82897,0.82907,3.00,1.00
2017.04.03 20:34:07.144,0.82897,0.82907,2.25,1.00
2017.04.03 20:34:17.532,0.82897,0.82907,1.87,1.00
2017.04.03 20:34:18.480,0.82897,0.82907,1.87,1.00
2017.04.03 20:34:19.134,0.82897,0.82906,1.37,1.00
2017.04.03 20:34:25.073,0.82896,0.82906,1.37,1.00
2017.04.03 20:34:26.874,0.82896,0.82906,1.37,1.00
2017.04.03 20:34:26.925,0.82896,0.82906,1.00,1.00
2017.04.03 20:34:32.807,0.82902,0.82907,1.00,1.00
2017.04.03 20:34:32.909,0.82902,0.82908,1.00,1.00
2017.04.03 20:34:33.117,0.82907,0.82912,1.12,1.87
2017.04.03 20:34:33.168,0.82907,0.82917,2.25,1.87
2017.04.03 20:34:33.674,0.82907,0.82917,1.00,1.00
2017.04.03 20:34:36.132,0.82909,0.82917,1.00,1.00
2017.04.03 20:34:56.151,0.82906,0.82915,1.50,1.00
2017.04.03 20:34:58.986,0.82908,0.82915,1.00,1.00
2017.04.03 20:35:01.040,0.82908,0.82916,1.87,1.87
2017.04.03 20:35:02.815,0.82908,0.82918,1.12,1.50
2017.04.03 20:35:07.775,0.82907,0.82917,1.87,1.12
2017.04.03 20:35:13.953,0.82907,0.82917,3.00,1.00
2017.04.03 20:35:14.543,0.82909,0.82917,1.00,1.00
2017.04.03 20:35:16.354,0.82907,0.82917,3.00,1.00
2017.04.03 20:35:19.260,0.82908,0.82917,1.50,1.00
2017.04.03 20:35:26.207,0.82909,0.82915,1.12,1.00
2017.04.03 20:35:26.511,0.82907,0.82917,4.12,1.00
2017.04.03 20:35:27.036,0.82908,0.82916,1.50,1.00
2017.04.03 20:35:27.553,0.82908,0.82916,1.00,1.00
2017.04.03 20:35:27.966,0.82908,0.82918,1.50,3.37
2017.04.03 20:35:29.003,0.82908,0.82917,1.00,1.00
2017.04.03 20:35:30.189,0.82907,0.82917,1.87,1.12
2017.04.03 20:35:31.374,0.82908,0.82917,1.00,1.00
2017.04.03 20:35:31.914,0.82907,0.82917,1.87,1.00
2017.04.03 20:35:40.573,0.82908,0.82917,1.00,1.00
2017.04.03 20:35:40.714,0.82908,0.82916,1.00,1.87
2017.04.03 20:35:41.258,0.82908,0.82916,1.00,1.00
2017.04.03 20:35:41.309,0.82905,0.82915,1.50,1.12
2017.04.03 20:35:42.023,0.82905,0.82914,1.00,1.00
2017.04.03 20:35:42.552,0.82905,0.82913,1.00,1.00
2017.04.03 20:35:49.677,0.82906,0.82914,1.00,1.00
2017.04.03 20:35:49.778,0.82907,0.82917,1.00,1.50
2017.04.03 20:35:50.294,0.82906,0.82916,1.00,1.12
2017.04.03 20:35:50.843,0.82905,0.82914,1.00,1.00
2017.04.03 20:35:54.145,0.82905,0.82913,1.00,1.00
2017.04.03 20:35:54.994,0.82905,0.82914,1.00,1.12
2017.04.03 20:35:59.563,0.82905,0.82912,1.00,1.00
2017.04.03 20:35:59.867,0.82902,0.8291,1.50,1.50
2017.04.03 20:36:05.762,0.82901,0.82909,2.25,1.00
2017.04.03 20:36:15.200,0.82899,0.82909,3.00,1.00
2017.04.03 20:36:19.933,0.82902,0.82911,1.87,1.12
2017.04.03 20:36:20.514,0.82902,0.82912,1.50,1.00
2017.04.03 20:36:21.706,0.82902,0.82912,1.87,1.00
2017.04.03 20:36:30.341,0.82902,0.82912,1.50,1.00
2017.04.03 20:36:34.100,0.82901,0.8291,1.37,1.00
2017.04.03 20:36:34.354,0.829,0.8291,1.12,1.00
2017.04.03 20:36:34.455,0.82903,0.82911,1.00,1.00
2017.04.03 20:36:36.088,0.82903,0.82913,1.00,1.00
2017.04.03 20:36:47.355,0.82903,0.82913,1.00,1.87
2017.04.03 20:36:47.894,0.82903,0.82913,1.00,1.87
2017.04.03 20:36:50.107,0.82902,0.82912,1.37,1.00
2017.04.03 20:36:54.345,0.82902,0.82912,1.12,1.00
2017.04.03 20:36:55.589,0.82902,0.82912,1.37,1.00
2017.04.03 20:36:55.691,0.829,0.8291,1.87,1.37
2017.04.03 20:36:55.856,0.82902,0.82912,1.12,1.12
2017.04.03 20:37:01.007,0.82904,0.82912,1.00,1.00
2017.04.03 20:37:01.543,0.82903,0.82911,1.00,1.00
2017.04.03 20:37:05.882,0.82901,0.82911,1.50,1.00
2017.04.03 20:37:11.577,0.82902,0.82912,1.00,1.00
2017.04.03 20:37:13.467,0.82902,0.8291,1.00,1.00
2017.04.03 20:37:17.408,0.82901,0.82912,1.87,1.00
2017.04.03 20:37:19.545,0.82903,0.82911,1.00,1.00
2017.04.03 20:37:25.556,0.82901,0.82911,1.50,1.00
2017.04.03 20:37:27.161,0.82901,0.8291,1.00,1.00
2017.04.03 20:37:27.668,0.82901,0.82909,1.00,1.00
2017.04.03 20:37:54.596,0.82901,0.82908,1.00,1.00
2017.04.03 20:37:57.821,0.82901,0.82909,1.00,1.50
2017.04.03 20:38:00.847,0.82901,0.82908,1.00,1.00
2017.04.03 20:38:00.995,0.82898,0.82908,2.25,1.50
2017.04.03 20:38:01.500,0.82899,0.82908,1.37,1.00
2017.04.03 20:38:02.814,0.829,0.82909,1.00,1.50
2017.04.03 20:38:31.843,0.82903,0.82911,1.00,1.00
2017.04.03 20:38:31.995,0.82903,0.82913,1.12,1.12
2017.04.03 20:38:36.890,0.82903,0.82911,1.00,1.00
2017.04.03 20:38:37.193,0.82903,0.82913,1.00,1.87
2017.04.03 20:38:38.557,0.82904,0.82914,1.00,1.50
2017.04.03 20:38:43.627,0.82903,0.82913,1.00,1.12
2017.04.03 20:38:46.764,0.82907,0.82916,2.85,1.12
2017.04.03 20:38:47.109,0.82913,0.82921,1.00,1.00
2017.04.03 20:38:47.871,0.82913,0.82923,1.00,2.25
2017.04.03 20:38:49.757,0.82913,0.82921,1.00,1.00
2017.04.03 20:38:52.176,0.82913,0.82921,1.00,1.75
2017.04.03 20:38:52.278,0.82913,0.82921,1.00,1.12
2017.04.03 20:38:53.334,0.82912,0.82922,1.00,1.50
2017.04.03 20:38:55.714,0.82916,0.82923,1.37,1.12
2017.04.03 20:38:55.766,0.82916,0.82925,1.37,1.75
2017.04.03 20:38:55.817,0.82916,0.82926,1.00,1.50
2017.04.03 20:38:56.150,0.82918,0.82928,1.50,2.62
2017.04.03 20:38:56.656,0.82918,0.82928,1.00,2.25
2017.04.03 20:38:57.166,0.82918,0.82928,1.37,1.87
2017.04.03 20:38:57.668,0.82918,0.82928,1.12,1.87
2017.04.03 20:38:58.217,0.82917,0.82927,1.00,1.12
2017.04.03 20:38:58.723,0.82918,0.82928,1.00,1.50
2017.04.03 20:38:59.187,0.82917,0.82928,1.37,2.62
2017.04.03 20:38:59.238,0.82917,0.82928,1.50,1.00
2017.04.03 20:38:59.773,0.82917,0.82929,1.50,2.62
2017.04.03 20:39:00.338,0.82918,0.82929,1.00,3.00
2017.04.03 20:39:00.389,0.82916,0.82927,1.12,3.37
2017.04.03 20:39:00.896,0.82917,0.82926,1.00,1.00
2017.04.03 20:39:01.351,0.82919,0.82928,1.00,1.12
2017.04.03 20:39:02.615,0.82917,0.82929,1.37,2.62
2017.04.03 20:39:02.956,0.82917,0.82929,1.50,2.25
2017.04.03 20:39:03.007,0.82917,0.82929,1.50,1.87
2017.04.03 20:39:03.312,0.82917,0.82928,1.37,2.62
2017.04.03 20:39:03.617,0.82918,0.82927,1.37,1.12
2017.04.03 20:39:03.718,0.82918,0.82927,1.12,1.12
2017.04.03 20:39:04.967,0.82916,0.82928,1.12,1.50
2017.04.03 20:39:05.017,0.82919,0.82927,1.00,1.00
2017.04.03 20:39:05.676,0.82916,0.82926,1.12,1.00
2017.04.03 20:39:05.931,0.82918,0.82928,1.00,1.12
2017.04.03 20:39:06.304,0.82916,0.82928,1.00,1.37
2017.04.03 20:39:06.608,0.82916,0.82928,3.00,2.25
2017.04.03 20:39:07.125,0.82916,0.82928,1.87,2.62
2017.04.03 20:39:07.932,0.82917,0.82927,1.00,1.50
2017.04.03 20:39:08.438,0.82917,0.82929,1.75,2.25
2017.04.03 20:39:08.540,0.82918,0.82929,1.00,1.87
2017.04.03 20:39:09.149,0.82917,0.82928,1.50,1.00
2017.04.03 20:39:10.198,0.82918,0.82928,1.00,1.75
2017.04.03 20:39:10.732,0.82917,0.82928,1.00,1.37
2017.04.03 20:39:11.652,0.82918,0.82928,1.00,1.37
2017.04.03 20:39:12.316,0.82919,0.82927,1.00,1.12
2017.04.03 20:39:12.419,0.82917,0.82927,1.00,1.87
2017.04.03 20:39:13.293,0.82916,0.82926,1.00,1.12
2017.04.03 20:39:14.338,0.82917,0.82927,1.00,2.62
2017.04.03 20:39:22.433,0.82918,0.82928,1.50,1.30
2017.04.03 20:39:22.535,0.82922,0.8293,1.00,1.05
2017.04.03 20:39:22.586,0.82922,0.82932,1.12,1.75
2017.04.03 20:39:22.637,0.82921,0.82931,1.00,1.00
2017.04.03 20:39:22.688,0.8292,0.82928,1.00,1.00
2017.04.03 20:39:22.840,0.82917,0.82927,1.50,1.00
2017.04.03 20:39:23.687,0.82919,0.82927,1.00,1.00
2017.04.03 20:39:26.076,0.82917,0.82927,1.00,1.42
2017.04.03 20:39:28.524,0.82916,0.82926,1.00,1.05
2017.04.03 20:39:32.870,0.82915,0.82925,1.00,1.12
2017.04.03 20:39:32.971,0.82913,0.82923,1.87,1.12
2017.04.03 20:39:33.517,0.82912,0.82922,1.00,1.12
2017.04.03 20:39:34.084,0.82911,0.82921,1.12,1.00
2017.04.03 20:39:34.953,0.82913,0.82921,1.00,1.00
2017.04.03 20:39:35.749,0.82913,0.82923,1.00,1.42
2017.04.03 20:39:38.553,0.82912,0.82923,1.00,1.50
2017.04.03 20:39:39.085,0.82912,0.82923,1.00,1.50
2017.04.03 20:39:43.488,0.82912,0.82922,1.00,1.37
2017.04.03 20:39:45.134,0.82912,0.82922,1.00,1.12
2017.04.03 20:39:45.924,0.82913,0.82923,1.12,1.37
2017.04.03 20:39:49.386,0.82911,0.82921,1.75,1.00
2017.04.03 20:39:54.346,0.8291,0.8292,1.75,1.12
2017.04.03 20:39:54.886,0.82911,0.82921,1.75,1.00
2017.04.03 20:39:58.823,0.82909,0.8292,1.87,1.00
2017.04.03 20:39:59.801,0.82908,0.82919,1.87,1.00
2017.04.03 20:40:03.464,0.82907,0.82915,1.75,1.00
2017.04.03 20:40:03.616,0.82905,0.82913,1.50,1.00
2017.04.03 20:40:04.126,0.82905,0.82913,1.00,1.00
2017.04.03 20:40:04.455,0.82903,0.82914,1.50,1.00
2017.04.03 20:40:05.488,0.82904,0.82914,1.00,1.00
2017.04.03 20:40:05.711,0.82903,0.82912,1.00,1.00
2017.04.03 20:40:08.255,0.82903,0.82911,1.00,1.00
2017.04.03 20:40:08.407,0.829,0.8291,1.00,1.00
2017.04.03 20:40:08.678,0.82903,0.82911,1.00,1.00
2017.04.03 20:40:08.830,0.82903,0.82913,1.12,1.00
2017.04.03 20:40:10.969,0.82903,0.82911,1.00,1.00
2017.04.03 20:40:11.070,0.82901,0.8291,1.12,1.00
2017.04.03 20:40:11.578,0.82901,0.82909,1.00,1.00
2017.04.03 20:40:11.629,0.82904,0.82912,1.00,1.00
2017.04.03 20:40:11.932,0.82902,0.8291,1.00,1.00
2017.04.03 20:40:12.452,0.82901,0.8291,1.50,1.00
2017.04.03 20:40:12.812,0.82903,0.82914,1.00,2.62
2017.04.03 20:40:12.862,0.82903,0.82911,1.00,1.00
2017.04.03 20:40:13.379,0.82904,0.82911,1.00,1.00
2017.04.03 20:40:13.731,0.82902,0.82911,1.00,1.50
2017.04.03 20:40:14.258,0.82902,0.8291,1.00,1.00
2017.04.03 20:40:19.660,0.82906,0.82911,1.00,1.50
2017.04.03 20:40:19.976,0.82903,0.8291,1.50,1.00
2017.04.03 20:40:20.655,0.82902,0.82909,1.00,1.50
2017.04.03 20:40:23.030,0.829,0.82909,1.12,1.50
2017.04.03 20:40:23.434,0.82901,0.82909,1.37,1.50
2017.04.03 20:40:23.738,0.82904,0.82911,1.00,1.50
2017.04.03 20:40:24.636,0.82901,0.8291,1.87,1.00
2017.04.03 20:40:24.737,0.82901,0.8291,1.12,1.12
2017.04.03 20:40:24.790,0.82901,0.82908,1.00,1.00
2017.04.03 20:40:25.309,0.82902,0.82909,1.00,1.50
2017.04.03 20:40:26.880,0.82902,0.8291,1.00,2.25
2017.04.03 20:40:27.491,0.82903,0.8291,1.00,1.50
2017.04.03 20:40:32.810,0.82902,0.8291,1.12,1.50
2017.04.03 20:40:33.225,0.82904,0.8291,1.00,1.00
2017.04.03 20:40:33.737,0.82904,0.82911,1.00,1.00
2017.04.03 20:40:34.281,0.82905,0.82912,1.00,1.50
2017.04.03 20:40:34.793,0.82906,0.82911,1.00,1.00
2017.04.03 20:40:35.632,0.82905,0.82911,1.00,1.00
2017.04.03 20:40:36.703,0.82904,0.82911,1.12,1.00
2017.04.03 20:40:38.335,0.82903,0.82911,1.12,1.00
2017.04.03 20:40:38.873,0.82903,0.8291,1.00,1.00
2017.04.03 20:40:43.161,0.82903,0.8291,3.00,1.00
2017.04.03 20:40:43.666,0.82905,0.82911,1.12,1.00
2017.04.03 20:40:44.218,0.82905,0.8291,1.12,1.00
2017.04.03 20:40:49.695,0.82903,0.82911,2.62,1.00
2017.04.03 20:40:58.882,0.82904,0.82911,1.00,1.50
2017.04.03 20:41:11.587,0.82904,0.8291,1.00,1.00
2017.04.03 20:41:12.433,0.82904,0.82911,1.00,1.50
2017.04.03 20:41:13.289,0.82904,0.8291,1.00,1.00
2017.04.03 20:41:13.895,0.82904,0.82911,1.00,1.50
2017.04.03 20:41:13.997,0.82901,0.8291,1.00,1.00
2017.04.03 20:41:14.250,0.82901,0.82908,1.00,1.00
2017.04.03 20:41:14.402,0.82899,0.82907,1.00,1.12
2017.04.03 20:41:14.593,0.82897,0.82905,1.50,1.00
2017.04.03 20:41:14.897,0.82897,0.82901,1.00,1.00
2017.04.03 20:41:15.465,0.82897,0.82903,1.12,1.00
2017.04.03 20:41:18.869,0.82898,0.82905,1.00,1.00
2017.04.03 20:41:19.071,0.82898,0.82903,1.00,1.00
2017.04.03 20:41:19.557,0.82898,0.82905,1.00,1.00
2017.04.03 20:41:20.187,0.82898,0.82903,1.00,1.00
2017.04.03 20:41:20.558,0.82898,0.82905,1.00,1.00
2017.04.03 20:41:20.800,0.82898,0.82903,1.00,1.00
2017.04.03 20:41:21.206,0.82898,0.82905,1.00,1.00
2017.04.03 20:41:21.394,0.82896,0.82905,1.00,1.00
2017.04.03 20:41:23.145,0.82899,0.82907,1.12,1.50
2017.04.03 20:41:23.651,0.829,0.82908,1.00,1.00
2017.04.03 20:41:24.277,0.829,0.82906,1.50,1.00
2017.04.03 20:41:25.985,0.829,0.82907,2.62,1.00
2017.04.03 20:41:26.913,0.829,0.82908,2.62,1.00
2017.04.03 20:41:31.748,0.829,0.82907,2.62,1.00
2017.04.03 20:41:32.285,0.829,0.82906,2.62,1.00
2017.04.03 20:41:32.456,0.82899,0.82908,1.50,1.12
2017.04.03 20:41:32.507,0.82899,0.82906,1.50,1.00
2017.04.03 20:41:33.311,0.82897,0.82905,1.12,1.00
2017.04.03 20:41:33.513,0.82896,0.82902,1.50,1.00
2017.04.03 20:41:34.210,0.82899,0.82903,1.00,1.00
2017.04.03 20:41:34.311,0.82899,0.82905,1.00,1.00
2017.04.03 20:41:37.295,0.82899,0.82904,1.00,1.00
2017.04.03 20:41:38.572,0.829,0.82904,1.00,1.00
2017.04.03 20:41:38.623,0.82902,0.82906,1.00,1.00
2017.04.03 20:41:38.799,0.82902,0.8291,1.50,1.00
2017.04.03 20:41:44.579,0.82902,0.82907,1.50,1.00
2017.04.03 20:41:44.732,0.829,0.82907,1.50,1.50
2017.04.03 20:41:49.318,0.82899,0.82906,1.75,1.00
2017.04.03 20:41:50.087,0.82899,0.82905,1.75,1.00
2017.04.03 20:42:00.114,0.82899,0.82905,1.00,1.00
2017.04.03 20:42:00.334,0.82897,0.82905,1.00,1.00
2017.04.03 20:42:15.909,0.82897,0.82906,1.00,1.50
2017.04.03 20:42:16.816,0.82897,0.82905,1.00,1.00
2017.04.03 20:42:23.183,0.82896,0.82905,1.00,1.50
2017.04.03 20:42:23.234,0.82896,0.82903,1.00,1.00
2017.04.03 20:42:23.436,0.82893,0.82901,1.12,1.00
2017.04.03 20:42:23.538,0.82893,0.82899,1.12,1.00
2017.04.03 20:42:24.178,0.82893,0.829,1.12,1.00
2017.04.03 20:42:26.340,0.82893,0.82899,1.12,1.00
2017.04.03 20:42:27.747,0.82893,0.829,1.12,1.00
2017.04.03 20:42:28.893,0.82893,0.82899,1.12,1.00
2017.04.03 20:42:30.258,0.82894,0.82899,1.00,1.00
2017.04.03 20:42:31.475,0.82896,0.829,1.00,1.00
2017.04.03 20:42:31.576,0.82896,0.82901,1.00,1.00
2017.04.03 20:42:32.070,0.82896,0.82902,1.87,1.00
2017.04.03 20:42:32.764,0.82896,0.82903,1.87,1.00
2017.04.03 20:42:32.865,0.82896,0.82903,1.00,1.50
2017.04.03 20:42:33.109,0.82895,0.82901,1.00,1.00
2017.04.03 20:42:33.614,0.82895,0.829,1.00,1.50
2017.04.03 20:42:35.477,0.82895,0.82899,1.00,1.00
2017.04.03 20:42:35.638,0.82892,0.82897,1.00,1.00
2017.04.03 20:42:35.744,0.82891,0.82895,1.00,1.00
2017.04.03 20:42:36.310,0.82892,0.82896,1.00,1.00
2017.04.03 20:42:37.594,0.82891,0.82895,1.00,1.00
2017.04.03 20:42:43.651,0.8289,0.82896,1.12,1.50
2017.04.03 20:42:45.478,0.82891,0.82895,1.00,1.00
2017.04.03 20:42:51.666,0.82889,0.82897,4.87,2.25
2017.04.03 20:42:56.967,0.82891,0.82895,1.00,1.00
2017.04.03 20:42:57.656,0.82894,0.82898,1.00,1.00
2017.04.03 20:42:57.707,0.82894,0.82898,1.00,1.00
2017.04.03 20:42:57.809,0.82897,0.82901,1.00,1.00
2017.04.03 20:42:57.910,0.82901,0.82906,1.00,1.00
2017.04.03 20:42:58.004,0.82903,0.82909,1.37,1.00
2017.04.03 20:42:58.105,0.82903,0.82909,1.00,1.00
2017.04.03 20:42:58.449,0.82901,0.82908,1.12,1.00
2017.04.03 20:42:59.675,0.82901,0.82908,1.50,1.00
2017.04.03 20:42:59.726,0.82899,0.82903,1.00,1.00
2017.04.03 20:42:59.777,0.82897,0.82903,1.00,1.00
2017.04.03 20:43:00.282,0.82896,0.82902,1.00,1.00
2017.04.03 20:43:00.795,0.82896,0.82901,1.00,1.00
2017.04.03 20:43:00.897,0.82892,0.829,2.25,1.00
2017.04.03 20:43:01.200,0.82894,0.829,1.00,1.00
2017.04.03 20:43:01.523,0.82896,0.82901,1.00,1.00
2017.04.03 20:43:03.203,0.82896,0.829,1.00,1.00
2017.04.03 20:43:05.606,0.82895,0.82901,1.30,1.00
2017.04.03 20:43:10.830,0.82896,0.82903,1.05,1.00
2017.04.03 20:43:13.921,0.82893,0.82902,4.80,1.50
2017.04.03 20:43:13.972,0.82893,0.82902,1.05,1.50
2017.04.03 20:43:14.023,0.82893,0.829,1.05,1.00
2017.04.03 20:43:14.335,0.82894,0.82901,1.30,1.00
2017.04.03 20:43:14.758,0.82895,0.82903,1.05,1.00
2017.04.03 20:43:16.715,0.82896,0.82903,1.00,1.00
2017.04.03 20:43:17.374,0.82896,0.82904,1.30,1.00
2017.04.03 20:43:22.146,0.82896,0.82903,1.42,1.00
2017.04.03 20:43:23.414,0.82896,0.82904,1.42,1.00
2017.04.03 20:43:28.619,0.82896,0.82903,1.42,1.00
2017.04.03 20:43:41.092,0.82896,0.82903,1.00,1.00
2017.04.03 20:43:41.330,0.82896,0.82901,1.00,1.00
2017.04.03 20:43:44.767,0.82896,0.829,1.00,1.00
2017.04.03 20:43:56.672,0.82896,0.82901,1.00,1.00
2017.04.03 20:44:00.377,0.82896,0.82903,1.00,1.00
2017.04.03 20:44:08.920,0.82896,0.82901,1.50,1.00
2017.04.03 20:44:13.558,0.82896,0.82902,1.50,1.00
2017.04.03 20:44:13.863,0.82892,0.82896,1.00,1.50
2017.04.03 20:44:15.540,0.82892,0.82896,1.00,1.50
2017.04.03 20:44:16.746,0.8289,0.82896,1.37,1.50
2017.04.03 20:44:17.517,0.8289,0.82894,1.00,1.00
2017.04.03 20:44:20.074,0.82888,0.82894,1.37,1.00
2017.04.03 20:44:25.068,0.82888,0.82895,2.25,1.00
2017.04.03 20:44:25.270,0.8289,0.82896,1.37,1.00
2017.04.03 20:44:26.276,0.82891,0.82895,1.00,1.00
2017.04.03 20:44:27.776,0.82888,0.82895,1.37,1.50
2017.04.03 20:44:29.082,0.82887,0.82895,1.12,1.50
2017.04.03 20:44:29.486,0.82889,0.82893,1.00,1.00
2017.04.03 20:44:29.843,0.82891,0.82895,1.00,1.00
2017.04.03 20:44:30.764,0.8289,0.82895,1.00,1.00
2017.04.03 20:44:33.661,0.82889,0.82895,1.00,1.00
2017.04.03 20:44:34.251,0.82888,0.82894,1.37,1.00
2017.04.03 20:44:35.529,0.82888,0.82895,1.87,1.00
2017.04.03 20:44:36.184,0.82888,0.82895,1.87,1.00
2017.04.03 20:44:39.996,0.82889,0.82893,1.00,1.00
2017.04.03 20:44:40.149,0.82887,0.82892,1.00,1.50
2017.04.03 20:44:41.614,0.82887,0.82892,2.25,1.00
2017.04.03 20:44:41.737,0.82888,0.82895,1.12,1.50
2017.04.03 20:44:41.838,0.82889,0.82893,1.00,1.00
2017.04.03 20:44:47.353,0.82889,0.82895,1.37,1.00
2017.04.03 20:44:47.903,0.82887,0.82894,3.37,1.00
2017.04.03 20:44:48.638,0.82889,0.82895,1.37,1.00
2017.04.03 20:44:54.643,0.82887,0.82896,3.37,1.00
2017.04.03 20:44:55.769,0.82887,0.82895,3.37,1.00
2017.04.03 20:44:57.935,0.8289,0.82896,1.00,1.00
2017.04.03 20:44:58.465,0.82888,0.82895,1.12,1.00
2017.04.03 20:44:59.106,0.82888,0.82896,1.12,1.00
2017.04.03 20:45:00.083,0.82889,0.82896,1.12,1.00
2017.04.03 20:45:02.993,0.8289,0.82897,3.00,1.00
2017.04.03 20:45:03.146,0.82891,0.82898,1.12,1.00
2017.04.03 20:45:03.828,0.82891,0.82897,1.00,1.00
2017.04.03 20:45:05.917,0.82891,0.82898,1.12,1.00
2017.04.03 20:45:08.350,0.82891,0.82895,1.00,1.00
2017.04.03 20:45:08.440,0.82888,0.82897,1.50,1.00
2017.04.03 20:45:08.591,0.82888,0.82895,1.00,1.00
2017.04.03 20:45:09.135,0.82887,0.82895,2.62,1.00
2017.04.03 20:45:12.533,0.82887,0.82895,1.37,1.00
2017.04.03 20:45:12.634,0.82887,0.82895,2.25,1.00
2017.04.03 20:45:14.213,0.82891,0.82895,1.00,1.00
2017.04.03 20:45:14.389,0.82891,0.82897,1.00,1.00
2017.04.03 20:45:14.761,0.82891,0.82895,1.00,1.00
2017.04.03 20:45:15.357,0.82891,0.82897,1.00,1.00
2017.04.03 20:45:16.989,0.8289,0.82897,1.00,1.00
2017.04.03 20:45:18.338,0.8289,0.82896,1.00,1.00
2017.04.03 20:45:19.029,0.82888,0.82896,1.50,1.00
2017.04.03 20:45:19.633,0.82887,0.82895,1.87,1.00
2017.04.03 20:45:22.885,0.82889,0.82893,1.00,1.00
2017.04.03 20:45:25.690,0.82887,0.82894,3.37,1.00
2017.04.03 20:45:26.819,0.82887,0.82893,1.87,1.00
2017.04.03 20:45:30.211,0.82887,0.82893,1.12,1.00
2017.04.03 20:45:30.565,0.82887,0.82895,1.87,1.00
2017.04.03 20:45:30.941,0.82888,0.82895,1.12,1.00
2017.04.03 20:45:34.592,0.82888,0.82896,1.75,1.00
2017.04.03 20:45:36.692,0.82888,0.82894,1.75,1.00
2017.04.03 20:45:36.873,0.82888,0.82896,1.75,1.00
2017.04.03 20:45:37.554,0.82888,0.82895,1.75,1.00
2017.04.03 20:45:44.078,0.82887,0.82895,2.25,1.00
2017.04.03 20:45:44.639,0.82887,0.82895,1.87,1.00
2017.04.03 20:45:46.340,0.82887,0.82895,1.12,1.00
2017.04.03 20:45:46.695,0.82887,0.82893,1.12,1.00
2017.04.03 20:45:46.898,0.82888,0.82895,1.00,1.00
2017.04.03 20:45:49.741,0.82887,0.82895,3.75,1.00
2017.04.03 20:45:50.219,0.82887,0.82895,1.12,1.00
2017.04.03 20:45:50.722,0.82886,0.82894,1.50,1.00
2017.04.03 20:45:51.277,0.82887,0.82894,1.00,1.00
2017.04.03 20:45:54.833,0.82887,0.82894,1.50,1.00
2017.04.03 20:45:55.461,0.82887,0.82895,1.50,1.00
2017.04.03 20:45:56.452,0.82887,0.82895,1.87,1.00
2017.04.03 20:46:00.723,0.82888,0.82895,1.37,1.00
2017.04.03 20:46:00.875,0.82886,0.82892,3.75,1.37
2017.04.03 20:46:00.926,0.82885,0.82892,1.50,1.87
2017.04.03 20:46:00.977,0.82883,0.82891,1.37,1.37
2017.04.03 20:46:01.028,0.82882,0.82891,1.50,1.37
2017.04.03 20:46:01.181,0.82882,0.82888,1.00,1.00
2017.04.03 20:46:01.716,0.82882,0.82889,1.00,1.00
2017.04.03 20:46:02.772,0.82882,0.82888,1.50,1.00
2017.04.03 20:46:03.409,0.82882,0.82889,1.50,1.00
2017.04.03 20:46:05.475,0.82882,0.82888,1.50,1.00
2017.04.03 20:46:06.017,0.82883,0.82888,1.00,1.00
2017.04.03 20:46:06.661,0.82881,0.82888,1.50,1.00
2017.04.03 20:46:07.230,0.82882,0.82888,1.00,1.00
2017.04.03 20:46:07.899,0.82882,0.82887,1.00,1.00
2017.04.03 20:46:08.528,0.82882,0.82888,1.00,1.00
2017.04.03 20:46:15.461,0.82883,0.82888,1.00,1.00
2017.04.03 20:46:16.066,0.82882,0.82888,1.00,1.00
2017.04.03 20:46:22.278,0.8288,0.82888,2.25,1.50
2017.04.03 20:46:22.430,0.8288,0.82886,1.00,1.00
2017.04.03 20:46:22.733,0.8288,0.82884,1.00,1.00
2017.04.03 20:46:22.936,0.8288,0.82886,1.00,1.00
2017.04.03 20:46:23.191,0.8288,0.82884,1.00,1.00
2017.04.03 20:46:23.242,0.82878,0.82884,1.00,1.00
2017.04.03 20:46:23.585,0.82878,0.82886,1.00,1.00
2017.04.03 20:46:27.413,0.82878,0.82887,1.00,1.00
2017.04.03 20:46:28.545,0.82878,0.82885,1.00,1.00
2017.04.03 20:46:29.822,0.82882,0.82887,1.00,1.00
2017.04.03 20:46:29.923,0.82882,0.8289,1.00,1.00
2017.04.03 20:46:30.025,0.82886,0.82891,1.00,1.00
2017.04.03 20:46:30.126,0.82886,0.82894,1.00,1.00
2017.04.03 20:46:30.834,0.82885,0.82893,1.12,1.00
2017.04.03 20:46:31.036,0.82884,0.8289,1.00,1.00
2017.04.03 20:46:31.562,0.82884,0.82889,1.00,1.00
2017.04.03 20:46:32.106,0.82884,0.8289,1.00,1.00
2017.04.03 20:46:35.422,0.82882,0.8289,1.12,1.00
2017.04.03 20:46:37.520,0.82882,0.82889,1.00,1.00
2017.04.03 20:46:38.067,0.82883,0.82889,1.00,1.00
2017.04.03 20:46:38.574,0.82883,0.8289,1.00,1.00
2017.04.03 20:46:39.163,0.82882,0.8289,1.00,1.00
2017.04.03 20:46:41.248,0.82882,0.82889,1.00,1.00
2017.04.03 20:46:41.517,0.82882,0.82891,1.00,1.00
2017.04.03 20:46:42.111,0.82882,0.82889,1.00,1.00
2017.04.03 20:46:42.344,0.82882,0.82891,1.00,1.00
2017.04.03 20:46:43.257,0.82882,0.8289,1.00,1.00
2017.04.03 20:46:44.713,0.82882,0.82889,1.00,1.00
2017.04.03 20:46:45.232,0.82882,0.8289,1.00,1.00
2017.04.03 20:46:47.158,0.82882,0.82888,1.00,1.00
2017.04.03 20:46:48.548,0.8288,0.82888,1.00,1.50
2017.04.03 20:46:52.511,0.8288,0.82888,1.50,1.50
2017.04.03 20:46:55.569,0.8288,0.82887,1.50,1.00
2017.04.03 20:46:56.746,0.8288,0.82888,1.50,1.50
2017.04.03 20:47:00.073,0.82878,0.82887,1.12,1.00
2017.04.03 20:47:00.910,0.82878,0.82886,1.00,1.00
2017.04.03 20:47:01.435,0.82878,0.82885,1.00,1.00
2017.04.03 20:47:08.852,0.82877,0.82885,1.00,1.50
2017.04.03 20:47:08.954,0.82876,0.82883,1.00,1.00
2017.04.03 20:47:09.578,0.82875,0.82883,1.00,1.00
2017.04.03 20:47:18.245,0.82875,0.82882,1.00,1.00
2017.04.03 20:47:26.126,0.82874,0.82882,1.00,1.00
2017.04.03 20:47:26.929,0.82874,0.82881,1.00,1.00
2017.04.03 20:47:29.204,0.82873,0.82881,1.00,1.00
2017.04.03 20:47:29.505,0.82878,0.82886,1.00,1.00
2017.04.03 20:47:30.013,0.82878,0.82885,1.00,1.00
2017.04.03 20:47:33.711,0.82878,0.82886,1.00,1.00
2017.04.03 20:47:37.145,0.82879,0.82886,1.00,1.00
2017.04.03 20:47:45.372,0.82879,0.82887,1.00,1.00
2017.04.03 20:47:48.435,0.82877,0.82887,1.00,1.50
2017.04.03 20:47:48.487,0.82879,0.82887,1.00,1.12
2017.04.03 20:47:48.584,0.82877,0.82886,1.00,1.00
2017.04.03 20:47:48.635,0.82879,0.82886,1.00,1.00
2017.04.03 20:47:49.591,0.82878,0.82886,1.00,1.00
2017.04.03 20:47:50.221,0.82878,0.82885,1.00,1.00
2017.04.03 20:47:52.593,0.82878,0.82884,1.00,1.00
2017.04.03 20:47:53.430,0.82876,0.82884,1.00,1.00
2017.04.03 20:47:53.582,0.82876,0.82882,1.00,1.00
2017.04.03 20:47:54.395,0.82875,0.82882,1.05,1.00
2017.04.03 20:48:00.721,0.82876,0.82882,1.00,1.00
2017.04.03 20:48:04.066,0.82874,0.82882,1.30,1.00
2017.04.03 20:48:04.859,0.82874,0.82881,1.30,1.00
2017.04.03 20:48:05.525,0.82874,0.82881,1.00,1.00
2017.04.03 20:48:09.526,0.82873,0.82881,1.05,1.00
2017.04.03 20:48:11.731,0.82873,0.82882,1.05,1.50
2017.04.03 20:48:13.634,0.82873,0.82882,1.50,1.50
2017.04.03 20:48:14.861,0.82873,0.82882,1.00,1.50
2017.04.03 20:48:15.469,0.82873,0.82883,1.00,2.62
2017.04.03 20:48:20.562,0.82873,0.82883,1.50,1.50
2017.04.03 20:48:23.569,0.8287,0.8288,1.50,1.50
2017.04.03 20:48:32.849,0.8287,0.82879,1.50,1.00
2017.04.03 20:48:37.313,0.8287,0.82879,1.00,1.00
2017.04.03 20:48:40.013,0.82864,0.82874,1.75,1.87
2017.04.03 20:48:40.107,0.82864,0.82873,1.00,1.12
2017.04.03 20:48:40.158,0.82862,0.8287,1.00,1.12
2017.04.03 20:48:40.675,0.8286,0.8287,1.50,2.62
2017.04.03 20:48:41.542,0.8286,0.8287,1.50,1.87
2017.04.03 20:48:42.056,0.8286,0.8287,1.50,2.62
2017.04.03 20:48:44.378,0.8286,0.8287,1.50,1.87
2017.04.03 20:48:45.806,0.8286,0.8287,1.75,1.87
2017.04.03 20:48:50.196,0.8286,0.8287,1.50,1.87
2017.04.03 20:48:50.942,0.82862,0.8287,1.00,1.87
2017.04.03 20:48:51.043,0.82862,0.82872,1.50,1.50
2017.04.03 20:48:51.609,0.82862,0.82872,1.00,1.87
2017.04.03 20:48:52.150,0.82861,0.82871,1.00,1.00
2017.04.03 20:48:59.943,0.82859,0.82869,1.87,1.00
2017.04.03 20:49:00.979,0.82859,0.82869,1.50,1.00
2017.04.03 20:49:04.932,0.82859,0.82869,1.87,1.12
2017.04.03 20:49:08.175,0.8286,0.8287,1.12,2.62
2017.04.03 20:49:08.694,0.82859,0.82869,1.87,1.00
2017.04.03 20:49:09.496,0.82861,0.82869,1.12,1.00
2017.04.03 20:49:10.346,0.82862,0.82871,1.87,1.12
2017.04.03 20:49:10.498,0.82864,0.82873,1.00,1.12
2017.04.03 20:49:10.549,0.82862,0.82872,1.87,1.50
2017.04.03 20:49:11.131,0.82862,0.82872,1.50,3.37
2017.04.03 20:49:13.026,0.82862,0.82872,1.12,1.12
2017.04.03 20:49:13.128,0.82866,0.82873,1.00,1.00
2017.04.03 20:49:13.277,0.82862,0.82873,4.50,1.50
2017.04.03 20:49:13.530,0.82862,0.82873,1.12,2.62
2017.04.03 20:49:15.061,0.82863,0.82873,1.12,1.87
2017.04.03 20:49:15.112,0.82866,0.82874,1.37,1.00
2017.04.03 20:49:15.315,0.82866,0.82876,1.37,1.00
2017.04.03 20:49:16.700,0.82865,0.82875,1.12,1.00
2017.04.03 20:49:17.097,0.82865,0.82872,1.00,1.00
2017.04.03 20:49:17.199,0.82862,0.82871,1.00,1.00
2017.04.03 20:49:17.294,0.8286,0.8287,1.00,1.00
2017.04.03 20:49:17.346,0.82859,0.82868,1.00,1.00
2017.04.03 20:49:17.548,0.82857,0.82867,1.00,1.00
2017.04.03 20:49:18.179,0.82856,0.82867,1.12,1.50
2017.04.03 20:49:22.389,0.82856,0.82866,1.00,1.00
2017.04.03 20:49:26.060,0.82857,0.82866,1.00,1.50
2017.04.03 20:49:26.112,0.82857,0.82866,2.62,1.00
2017.04.03 20:49:26.213,0.82859,0.82868,1.50,1.50
2017.04.03 20:49:27.074,0.82859,0.82869,1.50,1.87
2017.04.03 20:49:27.613,0.82858,0.82869,1.12,1.87
2017.04.03 20:49:29.061,0.82862,0.82869,1.00,1.12
2017.04.03 20:49:29.340,0.82866,0.82874,1.00,1.00
2017.04.03 20:49:30.252,0.82866,0.82876,1.00,3.00
2017.04.03 20:49:31.272,0.82866,0.82875,1.00,1.00
2017.04.03 20:49:31.801,0.82865,0.82877,1.87,2.25
2017.04.03 20:49:35.011,0.82866,0.82875,1.00,1.00
2017.04.03 20:49:35.062,0.82864,0.82875,1.12,1.00
2017.04.03 20:49:38.948,0.82862,0.82873,1.00,1.87
2017.04.03 20:49:39.252,0.82859,0.82868,1.00,1.00
2017.04.03 20:49:40.092,0.8286,0.82869,1.00,1.00
2017.04.03 20:49:40.193,0.82858,0.82869,1.00,1.00
2017.04.03 20:49:40.295,0.82856,0.82867,1.12,1.00
2017.04.03 20:49:40.801,0.82855,0.82866,1.37,1.00
2017.04.03 20:49:41.148,0.82859,0.82867,1.12,1.00
2017.04.03 20:49:41.592,0.82857,0.82867,1.12,1.00
2017.04.03 20:49:41.694,0.82857,0.82866,1.00,1.37
2017.04.03 20:49:41.892,0.82853,0.82863,1.12,1.12
2017.04.03 20:49:41.943,0.82851,0.82863,1.00,1.12
2017.04.03 20:49:41.994,0.82851,0.82861,1.00,1.87
2017.04.03 20:49:42.146,0.8285,0.82861,1.00,1.87
2017.04.03 20:49:42.198,0.82853,0.82861,1.00,1.00
2017.04.03 20:49:42.357,0.82851,0.82862,1.00,1.50
2017.04.03 20:49:42.459,0.82849,0.82858,1.50,1.00
2017.04.03 20:49:42.763,0.82849,0.82858,1.00,1.12
2017.04.03 20:49:43.314,0.82848,0.82858,1.00,1.12
2017.04.03 20:49:43.650,0.8285,0.82859,1.00,3.37
2017.04.03 20:49:45.328,0.82849,0.82859,1.00,3.00
2017.04.03 20:49:47.729,0.82848,0.82859,1.00,4.87
2017.04.03 20:49:47.831,0.82846,0.82858,1.50,3.37
2017.04.03 20:49:48.336,0.82847,0.82858,2.25,2.62
2017.04.03 20:49:48.539,0.82853,0.82859,1.00,1.50
2017.04.03 20:49:48.729,0.82854,0.82862,1.50,1.00
2017.04.03 20:49:48.939,0.82851,0.8286,1.12,2.25
2017.04.03 20:49:49.040,0.82851,0.82859,1.00,1.00
2017.04.03 20:49:51.252,0.8285,0.82859,1.00,1.00
2017.04.03 20:49:51.798,0.82849,0.82859,1.50,2.25
2017.04.03 20:49:52.333,0.82849,0.82858,1.37,1.00
2017.04.03 20:49:52.435,0.82852,0.82858,1.00,1.00
2017.04.03 20:49:52.839,0.82849,0.82859,1.12,1.12
2017.04.03 20:49:52.941,0.82852,0.82859,1.00,1.00
2017.04.03 20:49:53.666,0.82847,0.82859,1.87,1.12
2017.04.03 20:49:54.021,0.82847,0.82857,1.12,1.00
2017.04.03 20:49:54.324,0.82849,0.82859,1.12,1.00
2017.04.03 20:49:54.838,0.82848,0.82858,1.37,1.50
2017.04.03 20:49:55.343,0.82848,0.82858,1.12,1.50
2017.04.03 20:49:55.950,0.82848,0.82857,1.12,1.00
2017.04.03 20:49:58.226,0.82848,0.82858,1.12,2.25
2017.04.03 20:49:58.531,0.82852,0.82859,1.00,1.00
2017.04.03 20:49:59.189,0.8285,0.82859,1.00,1.00
2017.04.03 20:49:59.735,0.8285,0.82861,1.00,2.62
2017.04.03 20:50:00.919,0.82852,0.8286,1.00,1.12
2017.04.03 20:50:02.281,0.8285,0.82861,1.00,2.62
2017.04.03 20:50:02.789,0.82849,0.8286,1.00,1.12
2017.04.03 20:50:03.339,0.82848,0.82859,1.00,1.00
2017.04.03 20:50:03.845,0.82849,0.82859,1.00,1.00
2017.04.03 20:50:04.594,0.82849,0.8286,1.00,1.50
2017.04.03 20:50:05.022,0.82852,0.8286,1.00,1.00
2017.04.03 20:50:05.670,0.82851,0.82859,1.00,1.00
2017.04.03 20:50:05.721,0.82849,0.82859,1.00,1.00
2017.04.03 20:50:06.244,0.82847,0.82857,1.50,1.00
2017.04.03 20:50:06.762,0.82847,0.82858,1.00,1.50
2017.04.03 20:50:07.293,0.82847,0.82857,1.50,1.00
2017.04.03 20:50:07.808,0.82848,0.82857,1.00,1.00
2017.04.03 20:50:08.440,0.82847,0.82857,1.50,1.00
2017.04.03 20:50:08.975,0.82848,0.82857,1.50,1.00
2017.04.03 20:50:09.478,0.82852,0.82858,1.00,1.50
2017.04.03 20:50:09.529,0.82852,0.8286,1.00,4.12
2017.04.03 20:50:09.833,0.8285,0.8286,1.00,1.00
2017.04.03 20:50:10.036,0.82853,0.8286,1.00,1.00
2017.04.03 20:50:11.295,0.8285,0.8286,1.00,1.00
2017.04.03 20:50:11.954,0.82848,0.82858,1.50,1.00
2017.04.03 20:50:13.550,0.82848,0.82856,1.00,1.00
2017.04.03 20:50:14.790,0.82848,0.82857,1.00,1.50
2017.04.03 20:50:15.296,0.82847,0.82857,1.00,1.00
2017.04.03 20:50:15.843,0.82848,0.82858,1.12,1.00
2017.04.03 20:50:16.347,0.82849,0.82859,1.00,1.00
2017.04.03 20:50:16.830,0.82847,0.82857,1.00,1.00
2017.04.03 20:50:19.200,0.82849,0.82858,1.00,1.00
2017.04.03 20:50:19.497,0.8285,0.8286,1.12,1.00
2017.04.03 20:50:21.105,0.82849,0.82859,1.00,1.00
2017.04.03 20:50:21.861,0.82848,0.82858,1.00,1.00
2017.04.03 20:50:22.410,0.82847,0.82857,1.12,1.00
2017.04.03 20:50:25.597,0.82847,0.82857,1.37,1.00
2017.04.03 20:50:25.905,0.8285,0.82858,1.00,1.50
2017.04.03 20:50:26.058,0.8285,0.8286,1.12,1.00
2017.04.03 20:50:27.012,0.82848,0.82858,1.12,1.00
2017.04.03 20:50:27.652,0.82849,0.82859,1.12,1.00
2017.04.03 20:50:29.233,0.8285,0.8286,1.00,1.50
2017.04.03 20:50:29.738,0.82849,0.82859,1.12,1.00
2017.04.03 20:50:30.060,0.82852,0.82859,1.00,1.00
2017.04.03 20:50:31.141,0.82849,0.82859,1.00,1.00
2017.04.03 20:50:31.926,0.8285,0.8286,1.00,1.00
2017.04.03 20:50:32.028,0.8285,0.82858,1.00,1.00
2017.04.03 20:50:32.937,0.8285,0.8286,1.00,1.00
2017.04.03 20:50:40.435,0.8285,0.82861,1.12,1.00
2017.04.03 20:50:40.963,0.8285,0.8286,1.37,1.00
2017.04.03 20:50:41.500,0.8285,0.82861,1.12,1.00
2017.04.03 20:50:44.416,0.8285,0.8286,1.00,1.00
2017.04.03 20:50:44.991,0.82849,0.82859,1.12,1.00
2017.04.03 20:50:45.982,0.8285,0.8286,1.00,1.00
2017.04.03 20:50:46.905,0.82849,0.8286,1.00,1.00
2017.04.03 20:50:47.443,0.8285,0.8286,1.00,1.00
2017.04.03 20:50:47.996,0.82849,0.82859,1.12,1.00
2017.04.03 20:50:48.148,0.8285,0.8286,1.37,1.00
2017.04.03 20:50:48.413,0.82849,0.8286,1.00,1.00
2017.04.03 20:50:48.919,0.82849,0.8286,1.50,1.00
2017.04.03 20:50:51.165,0.8285,0.82861,1.12,1.00
2017.04.03 20:50:52.272,0.8285,0.82861,1.12,1.50
2017.04.03 20:50:55.411,0.8285,0.82861,1.50,1.87
2017.04.03 20:50:55.513,0.8285,0.82861,1.50,2.62
2017.04.03 20:50:56.105,0.8285,0.8286,1.00,1.00
2017.04.03 20:50:59.364,0.8285,0.8286,1.50,1.00
2017.04.03 20:50:59.947,0.8285,0.8286,1.12,1.00
2017.04.03 20:51:00.452,0.82849,0.82859,1.87,1.00
2017.04.03 20:51:01.015,0.8285,0.8286,1.00,1.00
2017.04.03 20:51:01.289,0.82849,0.82857,1.50,1.00
2017.04.03 20:51:01.443,0.82849,0.82859,1.50,1.00
2017.04.03 20:51:02.041,0.8285,0.8286,2.25,1.00
2017.04.03 20:51:02.574,0.82851,0.82861,1.00,1.00
2017.04.03 20:51:02.676,0.8285,0.82859,1.12,1.00
2017.04.03 20:51:03.181,0.8285,0.8286,1.00,1.12
2017.04.03 20:51:03.686,0.82851,0.82859,1.00,1.00
2017.04.03 20:51:04.219,0.82849,0.82859,1.50,1.00
2017.04.03 20:51:05.455,0.82849,0.8286,1.37,1.00
2017.04.03 20:51:05.961,0.82851,0.82861,1.12,1.00
2017.04.03 20:51:12.204,0.82851,0.82862,1.50,1.00
2017.04.03 20:51:13.184,0.82852,0.8286,1.00,1.00
2017.04.03 20:51:22.593,0.8285,0.82861,1.87,1.00
2017.04.03 20:51:24.878,0.8285,0.82861,1.87,1.00
2017.04.03 20:51:25.408,0.82852,0.82861,1.00,1.00
