2017.05.19 10:00:00.185,0.82056,0.82065,1.00,1.00
2017.05.19 10:00:00.542,0.82057,0.82066,1.37,1.00
2017.05.19 10:00:01.255,0.82057,0.82067,1.37,1.00
2017.05.19 10:00:01.561,0.82056,0.82065,1.50,1.95
2017.05.19 10:00:02.113,0.82055,0.82065,1.00,1.95
2017.05.19 10:00:02.648,0.82056,0.82065,1.50,1.95
2017.05.19 10:00:02.954,0.82058,0.82067,1.00,1.10
2017.05.19 10:00:03.503,0.82056,0.82067,3.00,1.10
2017.05.19 10:00:03.975,0.82056,0.82065,2.25,1.00
2017.05.19 10:00:04.483,0.82055,0.82064,1.00,1.95
2017.05.19 10:00:05.256,0.82054,0.82063,1.12,1.10
2017.05.19 10:00:05.562,0.82053,0.8206,1.12,1.00
2017.05.19 10:00:05.867,0.82053,0.82059,1.00,2.32
2017.05.19 10:00:06.251,0.82052,0.82057,1.00,2.70
2017.05.19 10:00:06.708,0.82046,0.82056,1.20,1.00
2017.05.19 10:00:07.166,0.82048,0.82056,1.00,1.50
2017.05.19 10:00:07.524,0.82046,0.82055,1.50,1.50
2017.05.19 10:00:07.627,0.82045,0.82053,1.50,1.00
2017.05.19 10:00:07.933,0.82048,0.82055,1.00,1.00
2017.05.19 10:00:08.132,0.82049,0.82058,1.00,1.10
2017.05.19 10:00:08.641,0.82051,0.82057,1.00,1.00
2017.05.19 10:00:08.795,0.82051,0.82059,1.00,1.57
2017.05.19 10:00:10.693,0.82051,0.8206,1.00,1.00
2017.05.19 10:00:11.210,0.82052,0.8206,1.00,1.20
2017.05.19 10:00:11.778,0.82052,0.82058,1.00,1.00
2017.05.19 10:00:11.831,0.82048,0.82056,2.25,1.50
2017.05.19 10:00:12.352,0.82048,0.82056,1.50,1.50
2017.05.19 10:00:12.900,0.82048,0.82055,1.00,1.00
2017.05.19 10:00:14.175,0.82047,0.82055,1.50,1.00
2017.05.19 10:00:14.712,0.82047,0.82056,1.00,2.32
2017.05.19 10:00:15.222,0.82047,0.82055,1.50,1.00
2017.05.19 10:00:15.833,0.82047,0.82056,1.00,2.32
2017.05.19 10:00:16.833,0.82048,0.82056,1.00,2.32
2017.05.19 10:00:16.936,0.82051,0.82056,1.00,1.12
2017.05.19 10:00:17.139,0.82051,0.82058,1.00,1.00
2017.05.19 10:00:17.675,0.82051,0.82059,1.00,1.00
2017.05.19 10:00:18.046,0.82053,0.82061,1.50,1.20
2017.05.19 10:00:18.557,0.82052,0.82058,1.00,1.00
2017.05.19 10:00:18.659,0.8205,0.82058,1.12,1.50
2017.05.19 10:00:19.574,0.8205,0.82059,1.50,1.50
2017.05.19 10:00:20.466,0.82052,0.8206,1.00,2.25
2017.05.19 10:00:21.321,0.82054,0.82061,1.00,1.12
2017.05.19 10:00:21.474,0.82054,0.82063,1.87,1.50
2017.05.19 10:00:21.938,0.82057,0.82064,1.00,1.00
2017.05.19 10:00:22.192,0.82058,0.82066,1.00,1.00
2017.05.19 10:00:22.803,0.8206,0.82066,1.50,1.00
2017.05.19 10:00:23.436,0.8206,0.82068,1.00,1.95
2017.05.19 10:00:23.999,0.8206,0.82067,1.00,1.00
2017.05.19 10:00:25.858,0.82059,0.82067,1.50,1.00
2017.05.19 10:00:26.499,0.8206,0.82069,1.50,2.25
2017.05.19 10:00:26.551,0.82063,0.82069,1.00,1.00
2017.05.19 10:00:26.806,0.82067,0.82076,1.50,1.87
2017.05.19 10:00:27.335,0.82068,0.82075,1.50,1.00
2017.05.19 10:00:27.949,0.82069,0.82075,1.00,1.00
2017.05.19 10:00:28.275,0.82069,0.82077,1.00,1.50
2017.05.19 10:00:28.809,0.8207,0.82078,1.50,1.00
2017.05.19 10:00:29.340,0.8207,0.82079,1.00,1.12
2017.05.19 10:00:29.884,0.82071,0.82079,1.00,1.87
2017.05.19 10:00:30.030,0.82073,0.82079,1.00,1.87
2017.05.19 10:00:30.558,0.82074,0.8208,1.00,1.00
2017.05.19 10:00:30.877,0.82076,0.8208,1.00,1.00
2017.05.19 10:00:31.397,0.82075,0.82081,1.00,1.00
2017.05.19 10:00:31.708,0.82075,0.82083,1.75,1.20
2017.05.19 10:00:32.286,0.82076,0.82084,1.75,1.00
2017.05.19 10:00:33.454,0.82078,0.82085,1.50,1.50
2017.05.19 10:00:33.759,0.82079,0.82087,1.75,1.50
2017.05.19 10:00:34.174,0.82083,0.82088,1.00,1.00
2017.05.19 10:00:34.276,0.82081,0.8209,1.75,1.50
2017.05.19 10:00:35.178,0.82082,0.82089,1.12,1.00
2017.05.19 10:00:35.331,0.82082,0.82087,1.00,1.00
2017.05.19 10:00:37.171,0.82083,0.82087,1.00,1.00
2017.05.19 10:00:38.560,0.82082,0.82087,1.00,1.00
2017.05.19 10:00:42.349,0.8208,0.82087,2.25,1.00
2017.05.19 10:00:42.819,0.82082,0.82089,2.25,1.00
2017.05.19 10:00:42.921,0.82086,0.8209,1.00,1.87
2017.05.19 10:00:43.695,0.82086,0.82092,1.00,1.00
2017.05.19 10:00:44.288,0.82083,0.82092,3.00,1.50
2017.05.19 10:00:45.450,0.82083,0.82092,2.17,1.00
2017.05.19 10:00:46.399,0.82083,0.82092,1.29,1.00
2017.05.19 10:00:46.451,0.82082,0.82088,1.42,1.00
2017.05.19 10:00:47.259,0.82079,0.82088,4.42,1.00
2017.05.19 10:00:47.570,0.82081,0.82088,1.29,1.00
2017.05.19 10:00:47.724,0.82081,0.8209,1.42,1.00
2017.05.19 10:00:48.248,0.82082,0.8209,1.67,1.00
2017.05.19 10:00:50.046,0.82082,0.8209,2.17,1.00
2017.05.19 10:00:51.236,0.82084,0.82092,1.29,1.00
2017.05.19 10:00:51.388,0.82086,0.82094,1.29,2.62
2017.05.19 10:00:51.724,0.82086,0.82094,2.17,1.00
2017.05.19 10:00:52.181,0.82089,0.82097,1.29,3.07
2017.05.19 10:00:52.683,0.82089,0.82096,1.29,1.00
2017.05.19 10:00:53.202,0.82089,0.82096,1.29,1.10
2017.05.19 10:00:53.714,0.82089,0.82095,1.29,1.00
2017.05.19 10:00:54.241,0.82089,0.82097,1.79,2.25
2017.05.19 10:00:55.507,0.82089,0.82097,1.79,2.25
2017.05.19 10:00:56.018,0.82089,0.82097,1.79,2.25
2017.05.19 10:00:56.342,0.82089,0.82097,1.50,2.25
2017.05.19 10:00:56.850,0.82089,0.82098,1.50,1.00
2017.05.19 10:00:57.072,0.82088,0.82095,1.87,1.00
2017.05.19 10:00:57.531,0.82086,0.82093,1.37,1.00
2017.05.19 10:00:57.836,0.82085,0.82091,1.00,1.00
2017.05.19 10:00:58.206,0.82084,0.82094,1.87,3.00
2017.05.19 10:00:58.309,0.82086,0.82094,1.00,1.50
2017.05.19 10:00:58.636,0.82087,0.82096,1.12,1.87
2017.05.19 10:00:59.144,0.82088,0.82096,1.12,1.00
2017.05.19 10:00:59.654,0.82089,0.82095,1.00,1.00
2017.05.19 10:01:00.000,0.82088,0.82097,1.00,1.50
2017.05.19 10:01:00.103,0.8209,0.82098,1.00,1.50
2017.05.19 10:01:00.635,0.82091,0.82097,1.00,1.00
2017.05.19 10:01:01.832,0.82092,0.821,1.00,2.25
2017.05.19 10:01:02.371,0.82093,0.821,1.00,1.00
2017.05.19 10:01:02.812,0.82091,0.821,2.25,1.10
2017.05.19 10:01:03.725,0.82092,0.82098,1.00,1.00
2017.05.19 10:01:04.221,0.82094,0.821,1.00,1.00
2017.05.19 10:01:04.272,0.82094,0.82102,1.00,2.25
2017.05.19 10:01:04.788,0.82094,0.82103,2.25,1.00
2017.05.19 10:01:04.890,0.82094,0.82101,1.50,1.00
2017.05.19 10:01:05.191,0.82093,0.82099,1.00,1.00
2017.05.19 10:01:05.343,0.82094,0.82102,1.00,2.32
2017.05.19 10:01:05.496,0.82096,0.82103,1.00,1.50
2017.05.19 10:01:05.801,0.82092,0.82097,2.62,1.00
2017.05.19 10:01:05.992,0.82088,0.82097,2.25,1.50
2017.05.19 10:01:06.043,0.82088,0.82097,2.62,1.00
2017.05.19 10:01:06.603,0.82089,0.82098,1.50,1.00
2017.05.19 10:01:08.848,0.8209,0.82098,1.00,1.00
2017.05.19 10:01:09.357,0.8209,0.82099,2.62,1.00
2017.05.19 10:01:10.480,0.82091,0.821,1.00,1.50
2017.05.19 10:01:11.078,0.82091,0.82099,1.00,1.00
2017.05.19 10:01:12.060,0.82091,0.82099,1.37,1.00
2017.05.19 10:01:14.075,0.82092,0.821,1.00,1.50
2017.05.19 10:01:14.786,0.82091,0.821,3.07,1.50
2017.05.19 10:01:15.503,0.82092,0.82098,1.00,1.00
2017.05.19 10:01:16.693,0.82093,0.821,1.50,1.87
2017.05.19 10:01:17.288,0.82094,0.82102,1.00,1.12
2017.05.19 10:01:17.799,0.82094,0.82103,1.50,1.00
2017.05.19 10:01:18.326,0.82095,0.82103,1.00,1.50
2017.05.19 10:01:18.834,0.82095,0.82102,2.62,1.00
2017.05.19 10:01:19.436,0.82096,0.82102,1.00,1.00
2017.05.19 10:01:19.979,0.82096,0.82103,1.00,1.12
2017.05.19 10:01:21.048,0.82096,0.82104,1.50,1.00
2017.05.19 10:01:21.466,0.82098,0.82106,1.00,1.50
2017.05.19 10:01:22.190,0.82098,0.82105,1.00,1.00
2017.05.19 10:01:22.902,0.82099,0.82105,1.00,1.00
2017.05.19 10:01:23.090,0.821,0.82108,1.87,1.12
2017.05.19 10:01:23.594,0.82101,0.8211,1.00,1.87
2017.05.19 10:01:24.618,0.821,0.82109,1.87,1.12
2017.05.19 10:01:25.828,0.82102,0.8211,1.00,1.37
2017.05.19 10:01:26.407,0.82101,0.8211,1.87,1.95
2017.05.19 10:01:27.063,0.82101,0.82111,2.62,1.50
2017.05.19 10:01:27.598,0.82102,0.82111,1.12,1.10
2017.05.19 10:01:27.911,0.82104,0.82112,1.50,1.00
2017.05.19 10:01:28.115,0.82104,0.82114,2.25,1.57
2017.05.19 10:01:28.714,0.82105,0.82114,1.00,1.57
2017.05.19 10:01:29.069,0.82104,0.82112,1.87,1.00
2017.05.19 10:01:29.273,0.82102,0.82111,1.50,1.50
2017.05.19 10:01:30.304,0.82103,0.82111,1.00,1.50
2017.05.19 10:01:31.314,0.82102,0.82111,3.00,1.00
2017.05.19 10:01:31.989,0.82103,0.82111,1.00,1.00
2017.05.19 10:01:33.742,0.82105,0.82112,1.50,1.12
2017.05.19 10:01:34.267,0.82105,0.82113,1.50,1.00
2017.05.19 10:01:35.626,0.82105,0.82111,2.25,1.00
2017.05.19 10:01:36.130,0.82105,0.82113,2.62,1.00
2017.05.19 10:01:37.167,0.82105,0.82113,3.37,1.00
2017.05.19 10:01:37.985,0.82105,0.82113,4.50,1.00
2017.05.19 10:01:41.181,0.82107,0.82113,1.00,1.00
2017.05.19 10:01:43.644,0.82104,0.82112,2.92,1.00
2017.05.19 10:01:44.416,0.82104,0.82112,1.00,1.00
2017.05.19 10:01:44.467,0.82103,0.8211,1.79,1.00
2017.05.19 10:01:44.786,0.82102,0.82107,1.00,1.00
2017.05.19 10:01:44.938,0.82098,0.82106,2.54,1.00
2017.05.19 10:01:45.487,0.82098,0.82105,1.29,1.00
2017.05.19 10:01:46.067,0.82098,0.82105,1.00,1.00
2017.05.19 10:01:46.562,0.82099,0.82107,2.17,1.00
2017.05.19 10:01:47.071,0.821,0.82107,1.00,1.00
2017.05.19 10:01:47.299,0.82102,0.8211,1.00,3.07
2017.05.19 10:01:47.401,0.82107,0.82112,1.00,1.12
2017.05.19 10:01:47.800,0.82105,0.82113,1.04,1.00
2017.05.19 10:01:49.292,0.82106,0.82112,1.00,1.00
2017.05.19 10:01:50.254,0.82106,0.82113,1.00,1.50
2017.05.19 10:01:51.296,0.82105,0.82113,1.87,1.00
2017.05.19 10:01:51.833,0.82105,0.82114,1.12,1.00
2017.05.19 10:01:52.206,0.82107,0.82115,1.00,1.50
2017.05.19 10:01:53.809,0.82107,0.82113,1.12,1.00
2017.05.19 10:01:54.347,0.82106,0.82114,1.00,1.50
2017.05.19 10:01:55.489,0.82106,0.82113,1.00,1.00
2017.05.19 10:01:56.155,0.82105,0.82113,1.87,1.00
2017.05.19 10:01:56.657,0.82105,0.82112,1.87,1.00
2017.05.19 10:01:57.248,0.82106,0.82112,1.50,1.00
2017.05.19 10:01:58.200,0.82107,0.82113,1.00,1.00
2017.05.19 10:02:00.758,0.82108,0.82115,1.00,1.57
2017.05.19 10:02:01.062,0.82109,0.82117,1.00,1.87
2017.05.19 10:02:01.113,0.82111,0.82117,1.00,1.12
2017.05.19 10:02:01.678,0.82111,0.82118,1.00,2.70
2017.05.19 10:02:02.054,0.82109,0.82115,1.00,1.00
2017.05.19 10:02:02.155,0.82106,0.82114,1.12,1.00
2017.05.19 10:02:03.049,0.82105,0.82113,1.50,1.00
2017.05.19 10:02:03.657,0.82106,0.82114,1.00,1.00
2017.05.19 10:02:03.814,0.82104,0.82112,1.50,1.50
2017.05.19 10:02:04.124,0.82102,0.8211,1.00,1.00
2017.05.19 10:02:04.685,0.82104,0.82111,1.00,1.00
2017.05.19 10:02:05.344,0.82104,0.8211,1.00,1.00
2017.05.19 10:02:07.108,0.82102,0.8211,1.12,1.00
2017.05.19 10:02:07.615,0.82103,0.82111,1.00,1.00
2017.05.19 10:02:08.126,0.82104,0.82112,1.00,1.00
2017.05.19 10:02:08.812,0.82104,0.8211,1.00,1.00
2017.05.19 10:02:09.017,0.82102,0.8211,1.00,1.10
2017.05.19 10:02:09.618,0.82101,0.8211,1.00,1.20
2017.05.19 10:02:10.551,0.82101,0.82109,1.50,1.00
2017.05.19 10:02:10.704,0.82101,0.82105,1.00,1.00
2017.05.19 10:02:10.962,0.82096,0.82105,1.87,1.87
2017.05.19 10:02:11.496,0.82097,0.82105,1.00,1.12
2017.05.19 10:02:13.221,0.82099,0.82105,1.00,1.00
2017.05.19 10:02:13.734,0.82097,0.82105,1.50,1.00
2017.05.19 10:02:14.215,0.82097,0.82101,1.00,1.00
2017.05.19 10:02:14.367,0.82094,0.82102,1.37,1.50
2017.05.19 10:02:14.672,0.82093,0.82102,1.00,3.45
2017.05.19 10:02:15.303,0.82094,0.821,1.00,1.00
2017.05.19 10:02:15.507,0.82092,0.82099,1.00,1.00
2017.05.19 10:02:16.018,0.82092,0.821,2.25,1.12
2017.05.19 10:02:16.582,0.82092,0.82101,2.25,1.00
2017.05.19 10:02:17.004,0.82096,0.82102,1.00,1.12
2017.05.19 10:02:17.395,0.82094,0.82103,1.87,1.12
2017.05.19 10:02:17.446,0.82093,0.82099,1.00,1.50
2017.05.19 10:02:17.599,0.82086,0.82094,1.12,1.00
2017.05.19 10:02:17.651,0.82083,0.82092,4.87,1.00
2017.05.19 10:02:17.803,0.82082,0.8209,1.12,1.12
2017.05.19 10:02:17.957,0.8208,0.82089,1.87,1.50
2017.05.19 10:02:18.058,0.82079,0.82086,1.00,1.50
2017.05.19 10:02:18.370,0.82077,0.82084,1.12,1.00
2017.05.19 10:02:18.781,0.82075,0.82083,1.95,1.00
2017.05.19 10:02:19.294,0.82075,0.82084,1.12,1.50
2017.05.19 10:02:19.832,0.82076,0.82084,1.00,1.50
2017.05.19 10:02:20.378,0.82075,0.82084,2.62,1.50
2017.05.19 10:02:20.430,0.82077,0.82084,1.00,1.50
2017.05.19 10:02:20.634,0.82077,0.82086,1.00,1.00
2017.05.19 10:02:21.153,0.82078,0.82087,1.12,1.87
2017.05.19 10:02:21.457,0.8208,0.82087,1.00,1.12
2017.05.19 10:02:21.712,0.82081,0.8209,1.00,1.50
2017.05.19 10:02:22.523,0.82085,0.8209,1.00,1.12
2017.05.19 10:02:22.811,0.8209,0.82098,1.00,1.37
2017.05.19 10:02:23.520,0.82089,0.82098,2.25,1.87
2017.05.19 10:02:24.060,0.8209,0.82098,1.00,1.00
2017.05.19 10:02:24.672,0.8209,0.82099,1.00,2.25
2017.05.19 10:02:25.893,0.82093,0.82099,1.00,1.00
2017.05.19 10:02:26.097,0.82093,0.82102,1.20,2.25
2017.05.19 10:02:26.855,0.82093,0.82099,1.00,1.00
2017.05.19 10:02:27.008,0.82091,0.82099,1.12,2.32
2017.05.19 10:02:27.581,0.82091,0.821,1.12,1.12
2017.05.19 10:02:28.178,0.82092,0.82101,1.00,1.50
2017.05.19 10:02:29.190,0.82093,0.82102,1.00,2.25
2017.05.19 10:02:31.368,0.82093,0.82101,1.50,1.00
2017.05.19 10:02:31.966,0.82093,0.82102,1.50,1.50
2017.05.19 10:02:32.171,0.82093,0.821,1.87,1.00
2017.05.19 10:02:35.037,0.82093,0.82101,1.50,1.10
2017.05.19 10:02:35.553,0.82094,0.82102,1.00,1.00
2017.05.19 10:02:36.130,0.82094,0.82101,1.00,1.00
2017.05.19 10:02:36.969,0.82092,0.82099,1.50,1.00
2017.05.19 10:02:37.274,0.82091,0.82099,1.50,1.00
2017.05.19 10:02:37.830,0.8209,0.82098,1.00,1.00
2017.05.19 10:02:38.431,0.82089,0.82097,1.50,1.00
2017.05.19 10:02:39.719,0.82088,0.82097,1.12,1.50
2017.05.19 10:02:40.549,0.82087,0.82096,2.25,1.00
2017.05.19 10:02:41.080,0.82089,0.82097,1.00,1.00
2017.05.19 10:02:42.537,0.82089,0.82098,1.00,1.95
2017.05.19 10:02:43.068,0.82089,0.82097,1.50,1.00
2017.05.19 10:02:43.405,0.82085,0.82093,1.00,1.00
2017.05.19 10:02:44.033,0.82085,0.82093,1.00,1.37
2017.05.19 10:02:44.135,0.82083,0.82091,1.50,1.87
2017.05.19 10:02:44.644,0.82082,0.8209,1.00,1.87
2017.05.19 10:02:44.947,0.82081,0.82087,1.00,1.00
2017.05.19 10:02:45.699,0.82079,0.82087,1.37,1.00
2017.05.19 10:02:46.210,0.82079,0.82087,1.00,1.00
2017.05.19 10:02:46.840,0.82079,0.82088,1.00,1.87
2017.05.19 10:02:47.706,0.82081,0.82088,1.00,1.12
2017.05.19 10:02:48.012,0.82083,0.82089,1.00,1.00
2017.05.19 10:02:48.064,0.8208,0.82089,2.25,1.00
2017.05.19 10:02:48.700,0.8208,0.82088,1.00,1.00
2017.05.19 10:02:49.205,0.8208,0.82087,1.00,1.00
2017.05.19 10:02:49.256,0.8208,0.82089,1.50,1.50
2017.05.19 10:02:49.540,0.82082,0.82089,1.00,1.50
2017.05.19 10:02:49.855,0.8208,0.82087,1.87,1.00
2017.05.19 10:02:50.948,0.82079,0.82086,1.50,1.00
2017.05.19 10:02:51.212,0.82076,0.82085,2.25,1.50
2017.05.19 10:02:52.967,0.82077,0.82083,1.12,1.00
2017.05.19 10:02:53.170,0.82078,0.82086,1.00,2.70
2017.05.19 10:02:53.784,0.82078,0.82085,1.12,1.00
2017.05.19 10:02:54.482,0.82079,0.82085,1.00,1.50
2017.05.19 10:02:54.999,0.82079,0.82086,1.00,1.00
2017.05.19 10:02:55.052,0.82081,0.82088,1.00,1.37
2017.05.19 10:02:55.253,0.82082,0.8209,1.00,1.00
2017.05.19 10:02:56.212,0.82084,0.8209,1.00,1.00
2017.05.19 10:02:56.416,0.82085,0.82094,1.00,3.67
2017.05.19 10:02:56.817,0.82085,0.82094,1.12,2.62
2017.05.19 10:02:57.370,0.82085,0.82094,1.37,1.50
2017.05.19 10:02:58.239,0.82084,0.82093,2.32,1.00
2017.05.19 10:02:58.341,0.82086,0.82095,1.12,1.87
2017.05.19 10:02:58.445,0.82088,0.82096,1.50,1.00
2017.05.19 10:02:58.497,0.82089,0.82098,1.50,1.87
2017.05.19 10:02:59.008,0.8209,0.82099,2.25,1.50
2017.05.19 10:02:59.288,0.82092,0.82099,1.00,1.50
2017.05.19 10:03:00.651,0.82091,0.82099,1.12,1.50
2017.05.19 10:03:01.684,0.8209,0.82098,1.50,1.00
2017.05.19 10:03:01.995,0.82089,0.82096,1.12,1.50
2017.05.19 10:03:02.097,0.82087,0.82095,1.00,1.50
2017.05.19 10:03:02.148,0.82085,0.82094,2.25,1.50
2017.05.19 10:03:02.200,0.82085,0.82092,2.25,1.00
2017.05.19 10:03:02.740,0.82084,0.82092,1.12,1.50
2017.05.19 10:03:03.082,0.82083,0.82089,1.00,1.50
2017.05.19 10:03:03.389,0.82081,0.82089,1.00,1.50
2017.05.19 10:03:03.544,0.8208,0.82087,2.62,1.00
2017.05.19 10:03:03.798,0.82077,0.82085,1.50,1.00
2017.05.19 10:03:04.318,0.82077,0.82084,1.00,1.00
2017.05.19 10:03:04.764,0.82077,0.82082,1.00,1.00
2017.05.19 10:03:05.269,0.82076,0.82082,1.00,1.50
2017.05.19 10:03:05.778,0.82075,0.82083,1.12,1.50
2017.05.19 10:03:07.317,0.82075,0.82083,1.50,1.00
2017.05.19 10:03:07.571,0.82077,0.82085,1.00,2.25
2017.05.19 10:03:08.396,0.82079,0.82086,1.00,1.00
2017.05.19 10:03:08.906,0.82079,0.82085,1.00,1.00
2017.05.19 10:03:08.957,0.82077,0.82085,2.25,1.00
2017.05.19 10:03:09.832,0.82078,0.82086,1.00,2.25
2017.05.19 10:03:10.482,0.82078,0.82085,1.50,1.00
2017.05.19 10:03:10.991,0.82077,0.82085,2.25,1.50
2017.05.19 10:03:11.355,0.82079,0.82086,1.00,1.00
2017.05.19 10:03:12.518,0.82079,0.82084,1.00,1.00
2017.05.19 10:03:12.570,0.82077,0.82083,1.00,1.00
2017.05.19 10:03:12.747,0.82076,0.82081,1.00,1.00
2017.05.19 10:03:13.071,0.82075,0.82083,1.00,1.50
2017.05.19 10:03:13.618,0.82077,0.82084,1.00,1.00
2017.05.19 10:03:13.720,0.82078,0.82086,1.00,1.12
2017.05.19 10:03:14.611,0.82079,0.82087,1.00,1.00
2017.05.19 10:03:15.003,0.82081,0.82089,1.00,3.82
2017.05.19 10:03:15.471,0.82079,0.82088,1.50,1.00
2017.05.19 10:03:15.985,0.8208,0.82089,2.25,1.50
2017.05.19 10:03:16.037,0.82082,0.82089,1.00,1.00
2017.05.19 10:03:16.139,0.82082,0.82091,1.00,1.00
2017.05.19 10:03:17.157,0.82084,0.82091,1.00,1.00
2017.05.19 10:03:17.361,0.82086,0.82094,1.50,1.00
2017.05.19 10:03:17.671,0.82087,0.82096,1.00,1.12
2017.05.19 10:03:18.626,0.82088,0.82096,1.00,1.00
2017.05.19 10:03:18.779,0.82092,0.82097,1.00,1.00
2017.05.19 10:03:18.931,0.82093,0.82101,1.87,1.57
2017.05.19 10:03:19.136,0.82091,0.821,1.50,1.20
2017.05.19 10:03:19.289,0.82091,0.821,3.00,1.00
2017.05.19 10:03:19.933,0.82092,0.82101,2.25,1.00
2017.05.19 10:03:20.462,0.82092,0.82101,1.00,1.95
2017.05.19 10:03:20.980,0.82092,0.821,1.00,1.00
2017.05.19 10:03:21.613,0.82093,0.821,1.00,1.00
2017.05.19 10:03:22.176,0.82092,0.821,1.87,1.00
2017.05.19 10:03:23.176,0.82094,0.82102,1.00,1.57
2017.05.19 10:03:23.481,0.82092,0.82101,2.62,1.00
2017.05.19 10:03:23.634,0.82095,0.82102,1.50,1.10
2017.05.19 10:03:23.841,0.82095,0.82104,2.62,1.00
2017.05.19 10:03:25.016,0.82096,0.82105,1.50,1.50
2017.05.19 10:03:25.117,0.82098,0.82105,1.00,1.50
2017.05.19 10:03:25.647,0.82097,0.82105,1.00,1.50
2017.05.19 10:03:26.695,0.82098,0.82105,1.00,1.00
2017.05.19 10:03:26.747,0.82099,0.82107,1.00,1.12
2017.05.19 10:03:27.012,0.82101,0.82109,1.00,3.07
2017.05.19 10:03:27.318,0.82101,0.8211,1.00,1.95
2017.05.19 10:03:27.522,0.82101,0.8211,1.00,2.70
2017.05.19 10:03:27.980,0.82099,0.82106,1.87,1.00
2017.05.19 10:03:28.494,0.82098,0.82107,1.00,1.20
2017.05.19 10:03:29.159,0.82098,0.82105,1.00,1.00
2017.05.19 10:03:29.765,0.82097,0.82105,1.50,1.00
2017.05.19 10:03:31.073,0.82096,0.82104,1.87,1.00
2017.05.19 10:03:31.378,0.82093,0.82102,1.50,1.57
2017.05.19 10:03:31.919,0.82092,0.82101,3.37,1.00
2017.05.19 10:03:32.579,0.82092,0.82101,3.00,1.00
2017.05.19 10:03:33.070,0.82094,0.821,1.00,1.00
2017.05.19 10:03:33.667,0.82093,0.821,1.00,1.00
2017.05.19 10:03:35.561,0.82093,0.82098,1.00,1.00
2017.05.19 10:03:35.714,0.82089,0.82095,1.50,1.00
2017.05.19 10:03:36.223,0.82088,0.82095,2.25,1.00
2017.05.19 10:03:36.523,0.82086,0.82093,1.87,1.00
2017.05.19 10:03:36.880,0.82084,0.82092,1.50,1.00
2017.05.19 10:03:37.188,0.82082,0.8209,4.50,1.00
2017.05.19 10:03:37.290,0.82082,0.8209,1.87,1.00
2017.05.19 10:03:37.935,0.82082,0.82091,1.12,1.95
2017.05.19 10:03:38.093,0.8208,0.8209,3.00,1.95
2017.05.19 10:03:38.612,0.82083,0.8209,1.00,2.32
2017.05.19 10:03:39.131,0.82083,0.8209,1.00,1.00
2017.05.19 10:03:39.922,0.82083,0.82091,1.00,1.12
2017.05.19 10:03:40.229,0.82086,0.82093,1.00,1.00
2017.05.19 10:03:40.746,0.82085,0.82092,1.50,1.00
2017.05.19 10:03:42.367,0.82084,0.82091,1.12,1.00
2017.05.19 10:03:42.890,0.82084,0.8209,1.00,1.00
2017.05.19 10:03:43.257,0.82084,0.82092,1.00,1.12
2017.05.19 10:03:43.664,0.82085,0.8209,1.12,1.00
2017.05.19 10:03:43.898,0.8208,0.82088,1.00,1.50
2017.05.19 10:03:44.105,0.82077,0.82087,2.62,1.95
2017.05.19 10:03:44.461,0.82077,0.82085,1.50,1.00
2017.05.19 10:03:44.978,0.82078,0.82085,1.00,1.00
2017.05.19 10:03:48.753,0.82077,0.82085,1.00,1.00
2017.05.19 10:03:49.214,0.82076,0.82081,1.00,1.00
2017.05.19 10:03:49.316,0.82074,0.82081,1.87,1.00
2017.05.19 10:03:49.839,0.82073,0.8208,1.12,1.00
2017.05.19 10:03:51.396,0.82073,0.82081,1.00,1.50
2017.05.19 10:03:51.599,0.82075,0.82082,1.50,1.37
2017.05.19 10:03:51.752,0.82077,0.82085,2.25,1.50
2017.05.19 10:03:51.956,0.82078,0.82087,1.87,1.12
2017.05.19 10:03:52.108,0.8208,0.82087,1.00,1.00
2017.05.19 10:03:52.312,0.82082,0.8209,1.00,1.57
2017.05.19 10:03:52.943,0.82083,0.82091,1.00,1.87
2017.05.19 10:03:53.604,0.82082,0.82091,1.87,1.87
2017.05.19 10:03:53.984,0.82084,0.82091,1.00,1.12
2017.05.19 10:03:54.366,0.82085,0.82093,1.50,1.00
2017.05.19 10:03:54.926,0.82085,0.82094,3.37,1.50
2017.05.19 10:03:56.036,0.82086,0.82094,1.00,1.00
2017.05.19 10:03:58.455,0.82087,0.82094,1.00,1.00
2017.05.19 10:03:58.742,0.82087,0.82096,1.00,2.32
2017.05.19 10:04:00.109,0.82088,0.82096,1.50,1.57
2017.05.19 10:04:00.364,0.82089,0.82098,1.50,1.00
2017.05.19 10:04:00.893,0.82089,0.82099,1.50,2.32
2017.05.19 10:04:01.557,0.82088,0.82095,2.25,1.00
2017.05.19 10:04:01.761,0.82085,0.82093,1.00,1.95
2017.05.19 10:04:02.015,0.82085,0.82093,1.00,2.70
2017.05.19 10:04:02.117,0.82085,0.82093,1.50,1.10
2017.05.19 10:04:02.649,0.82085,0.82094,1.50,1.00
2017.05.19 10:04:03.205,0.82085,0.82093,1.00,1.00
2017.05.19 10:04:03.725,0.82085,0.82094,1.00,2.70
2017.05.19 10:04:03.980,0.82083,0.82092,1.87,1.57
2017.05.19 10:04:05.988,0.82085,0.82092,1.00,1.00
2017.05.19 10:04:06.244,0.82086,0.82095,1.12,1.95
2017.05.19 10:04:07.062,0.82086,0.82093,1.12,1.00
2017.05.19 10:04:07.749,0.82084,0.82092,2.62,1.00
2017.05.19 10:04:07.893,0.82084,0.82092,1.87,1.00
2017.05.19 10:04:08.913,0.82084,0.82091,1.00,1.00
2017.05.19 10:04:09.268,0.82082,0.82091,1.50,1.00
2017.05.19 10:04:10.129,0.82083,0.82092,1.00,1.95
2017.05.19 10:04:10.332,0.82083,0.8209,1.00,1.00
2017.05.19 10:04:11.444,0.82083,0.82091,1.00,1.50
2017.05.19 10:04:12.544,0.82081,0.82089,2.62,1.00
2017.05.19 10:04:12.954,0.82081,0.82087,2.25,1.00
2017.05.19 10:04:13.503,0.82081,0.82086,1.00,1.12
2017.05.19 10:04:13.706,0.82076,0.82085,2.25,1.00
2017.05.19 10:04:14.223,0.82075,0.82081,1.12,1.00
2017.05.19 10:04:14.376,0.82072,0.8208,1.00,1.57
2017.05.19 10:04:14.650,0.82069,0.82077,1.37,1.00
2017.05.19 10:04:14.701,0.82068,0.82077,1.50,1.00
2017.05.19 10:04:15.122,0.82067,0.82075,3.37,2.70
2017.05.19 10:04:15.173,0.82065,0.82075,1.50,3.45
2017.05.19 10:04:15.376,0.82066,0.82076,2.62,2.25
2017.05.19 10:04:15.957,0.82065,0.82075,3.00,1.00
2017.05.19 10:04:16.507,0.82065,0.82074,1.50,1.00
2017.05.19 10:04:17.034,0.82066,0.82075,2.25,1.00
2017.05.19 10:04:17.086,0.82066,0.82077,3.00,2.25
2017.05.19 10:04:17.188,0.82067,0.82077,2.25,2.25
2017.05.19 10:04:17.383,0.82067,0.82077,1.50,2.25
2017.05.19 10:04:18.646,0.82067,0.82075,2.62,1.00
2017.05.19 10:04:19.188,0.82066,0.82075,1.12,1.50
2017.05.19 10:04:19.736,0.82067,0.82075,1.00,1.00
2017.05.19 10:04:20.294,0.82068,0.82075,1.00,1.00
2017.05.19 10:04:20.888,0.82068,0.82075,1.37,1.00
2017.05.19 10:04:21.598,0.82068,0.82076,1.37,1.00
2017.05.19 10:04:21.873,0.82065,0.82074,1.00,1.87
2017.05.19 10:04:21.975,0.82064,0.82072,1.00,1.00
2017.05.19 10:04:22.773,0.82065,0.82072,1.00,1.00
2017.05.19 10:04:24.469,0.82065,0.82073,1.00,1.57
2017.05.19 10:04:25.002,0.82065,0.82072,1.00,1.00
2017.05.19 10:04:26.906,0.82065,0.82073,1.00,1.57
2017.05.19 10:04:29.686,0.82063,0.82073,1.00,2.32
2017.05.19 10:04:29.788,0.82063,0.82071,1.00,1.00
2017.05.19 10:04:30.204,0.82061,0.82071,1.50,1.20
2017.05.19 10:04:30.306,0.8206,0.82069,1.87,1.12
2017.05.19 10:04:30.629,0.82063,0.82073,1.00,5.32
2017.05.19 10:04:30.680,0.82063,0.82073,1.00,3.07
2017.05.19 10:04:30.732,0.82063,0.8207,1.00,1.00
2017.05.19 10:04:31.081,0.82066,0.82071,1.00,1.00
2017.05.19 10:04:31.132,0.82066,0.82074,1.50,1.00
2017.05.19 10:04:31.742,0.82066,0.82075,1.50,1.00
2017.05.19 10:04:32.995,0.82067,0.82075,1.00,1.00
2017.05.19 10:04:33.098,0.82069,0.82078,1.00,2.25
2017.05.19 10:04:33.443,0.82073,0.8208,1.00,1.10
2017.05.19 10:04:33.959,0.82072,0.82082,1.50,3.82
2017.05.19 10:04:34.596,0.82073,0.82082,1.00,3.82
2017.05.19 10:04:39.443,0.82072,0.82082,1.12,1.95
2017.05.19 10:04:40.787,0.82072,0.82082,1.50,1.57
2017.05.19 10:04:41.313,0.82072,0.82081,1.50,1.00
2017.05.19 10:04:41.822,0.82071,0.8208,2.62,1.00
2017.05.19 10:04:46.820,0.82072,0.82081,1.00,1.87
2017.05.19 10:04:47.321,0.82073,0.82081,1.00,1.50
2017.05.19 10:04:47.682,0.82071,0.82079,1.50,1.50
2017.05.19 10:04:48.037,0.82071,0.82081,1.95,1.87
2017.05.19 10:04:48.762,0.82072,0.82081,1.00,1.50
2017.05.19 10:04:49.513,0.82071,0.8208,3.00,1.00
2017.05.19 10:04:50.468,0.82071,0.82081,2.54,1.50
2017.05.19 10:04:53.517,0.82071,0.8208,1.87,1.00
2017.05.19 10:04:56.413,0.8207,0.82078,2.54,1.00
2017.05.19 10:04:56.668,0.82067,0.82076,1.42,1.50
2017.05.19 10:04:58.687,0.82068,0.82076,1.00,1.50
2017.05.19 10:04:59.691,0.82067,0.82076,1.00,1.50
2017.05.19 10:05:02.336,0.82066,0.82076,3.29,1.50
2017.05.19 10:05:02.439,0.82066,0.82074,1.87,1.00
2017.05.19 10:05:02.756,0.82061,0.8207,1.12,1.87
2017.05.19 10:05:02.807,0.8206,0.82068,1.50,1.00
2017.05.19 10:05:03.163,0.82059,0.82068,1.50,1.50
2017.05.19 10:05:03.372,0.82059,0.82066,1.00,1.00
2017.05.19 10:05:04.038,0.82059,0.82068,1.12,1.50
2017.05.19 10:05:04.682,0.82059,0.82068,1.37,1.50
2017.05.19 10:05:05.783,0.82058,0.82066,2.70,1.00
2017.05.19 10:05:05.936,0.82057,0.82066,4.20,1.00
2017.05.19 10:05:06.677,0.82057,0.82064,3.00,1.00
2017.05.19 10:05:06.729,0.82057,0.82066,3.00,1.50
2017.05.19 10:05:06.883,0.82058,0.82066,1.57,1.50
2017.05.19 10:05:07.722,0.82059,0.82067,1.10,1.00
2017.05.19 10:05:09.518,0.8206,0.82067,1.00,1.00
2017.05.19 10:05:09.773,0.82062,0.8207,1.12,1.00
2017.05.19 10:05:10.531,0.82062,0.82071,1.12,1.50
2017.05.19 10:05:11.288,0.82062,0.82071,1.87,1.00
2017.05.19 10:05:12.133,0.82062,0.82072,2.32,1.50
2017.05.19 10:05:14.034,0.82063,0.82071,1.12,1.00
2017.05.19 10:05:14.765,0.82063,0.8207,1.12,1.00
2017.05.19 10:05:15.224,0.82061,0.82068,3.37,1.00
2017.05.19 10:05:15.423,0.82058,0.82067,5.32,1.00
2017.05.19 10:05:15.577,0.82058,0.82066,1.12,1.00
2017.05.19 10:05:17.394,0.82057,0.82066,1.12,1.50
2017.05.19 10:05:19.271,0.82058,0.82066,1.00,1.00
2017.05.19 10:05:20.628,0.82058,0.82065,1.12,1.00
2017.05.19 10:05:21.116,0.82058,0.82067,1.12,1.50
2017.05.19 10:05:21.847,0.82058,0.82066,1.12,1.00
2017.05.19 10:05:22.507,0.82059,0.82067,1.00,1.12
2017.05.19 10:05:22.743,0.82062,0.82066,1.00,1.00
2017.05.19 10:05:22.896,0.82062,0.82069,1.00,1.50
2017.05.19 10:05:23.252,0.8206,0.8207,1.00,2.25
2017.05.19 10:05:23.517,0.82062,0.82069,1.00,1.00
2017.05.19 10:05:24.032,0.82062,0.82068,1.00,1.00
2017.05.19 10:05:24.083,0.8206,0.8207,1.87,2.25
2017.05.19 10:05:24.607,0.8206,0.82069,1.50,1.00
2017.05.19 10:05:24.873,0.82059,0.82067,2.25,1.00
2017.05.19 10:05:24.924,0.82058,0.82067,1.50,1.00
2017.05.19 10:05:25.229,0.82057,0.82067,1.50,1.50
2017.05.19 10:05:25.331,0.82057,0.82065,1.50,1.00
2017.05.19 10:05:25.839,0.82058,0.82065,1.00,1.50
2017.05.19 10:05:26.187,0.82054,0.82061,1.37,1.00
2017.05.19 10:05:26.442,0.82053,0.82061,1.00,1.00
2017.05.19 10:05:27.001,0.82053,0.82061,3.07,1.00
2017.05.19 10:05:27.556,0.82055,0.82063,1.12,1.50
2017.05.19 10:05:28.117,0.82054,0.82062,1.37,1.00
2017.05.19 10:05:29.726,0.82059,0.82063,1.00,1.50
2017.05.19 10:05:29.777,0.82057,0.82063,1.00,1.50
2017.05.19 10:05:30.292,0.82056,0.82064,1.50,1.00
2017.05.19 10:05:30.796,0.82059,0.82065,1.00,1.00
2017.05.19 10:05:30.948,0.82059,0.82067,1.00,2.25
2017.05.19 10:05:31.458,0.82057,0.82066,1.75,2.25
2017.05.19 10:05:31.658,0.82056,0.82064,5.17,1.00
2017.05.19 10:05:31.711,0.82056,0.82064,3.29,1.00
2017.05.19 10:05:32.201,0.82058,0.82064,1.00,1.50
2017.05.19 10:05:34.367,0.82058,0.82065,1.00,1.00
2017.05.19 10:05:35.854,0.82057,0.82065,1.50,1.50
2017.05.19 10:05:36.160,0.82055,0.82063,1.87,1.00
2017.05.19 10:05:37.518,0.82056,0.82064,1.00,1.50
2017.05.19 10:05:37.841,0.82059,0.82065,1.42,1.00
2017.05.19 10:05:38.146,0.82061,0.82068,1.00,1.00
2017.05.19 10:05:38.716,0.82061,0.82067,1.00,1.00
2017.05.19 10:05:39.251,0.8206,0.82067,1.04,1.00
2017.05.19 10:05:42.564,0.8206,0.82068,1.12,1.00
2017.05.19 10:05:42.666,0.82062,0.82069,1.00,1.00
2017.05.19 10:05:43.202,0.82062,0.8207,1.00,2.25
2017.05.19 10:05:43.560,0.82065,0.82072,1.00,1.00
2017.05.19 10:05:43.866,0.82067,0.82075,1.29,1.00
2017.05.19 10:05:44.393,0.82069,0.82075,1.00,1.00
2017.05.19 10:05:44.955,0.8207,0.82076,1.00,1.00
2017.05.19 10:05:46.224,0.8207,0.82077,1.00,1.00
2017.05.19 10:05:46.531,0.82074,0.82081,1.12,1.37
2017.05.19 10:05:47.038,0.82074,0.82081,1.12,1.00
2017.05.19 10:05:47.640,0.82075,0.82081,1.00,1.00
2017.05.19 10:05:48.156,0.82075,0.82082,1.00,1.87
2017.05.19 10:05:48.764,0.82074,0.82082,1.00,1.12
2017.05.19 10:05:49.422,0.82074,0.82081,1.00,1.00
2017.05.19 10:05:51.555,0.82073,0.82081,2.17,1.00
2017.05.19 10:05:53.074,0.82073,0.8208,1.42,1.00
2017.05.19 10:05:54.078,0.82074,0.8208,1.00,1.00
2017.05.19 10:05:54.703,0.82074,0.82081,1.00,1.00
2017.05.19 10:05:56.129,0.82075,0.82081,1.00,1.00
2017.05.19 10:05:56.181,0.82076,0.82083,1.00,1.00
2017.05.19 10:05:56.283,0.82079,0.82084,1.00,1.50
2017.05.19 10:05:57.170,0.82079,0.82086,1.50,1.00
2017.05.19 10:05:59.641,0.8208,0.82086,1.00,1.00
2017.05.19 10:05:59.744,0.82084,0.82088,1.00,1.00
2017.05.19 10:05:59.847,0.82082,0.82089,1.50,1.00
2017.05.19 10:06:00.433,0.82083,0.8209,1.00,1.00
2017.05.19 10:06:00.484,0.82083,0.82087,1.00,1.00
2017.05.19 10:06:01.208,0.82083,0.82088,1.00,1.00
2017.05.19 10:06:02.261,0.82084,0.8209,1.00,1.00
2017.05.19 10:06:04.424,0.82083,0.8209,1.00,1.00
2017.05.19 10:06:05.167,0.82083,0.82089,1.37,1.00
2017.05.19 10:06:05.794,0.82083,0.8209,1.37,1.00
2017.05.19 10:06:07.157,0.82083,0.82089,1.37,1.00
2017.05.19 10:06:07.817,0.82083,0.82089,1.12,1.00
2017.05.19 10:06:08.539,0.82084,0.82089,1.00,1.00
2017.05.19 10:06:09.056,0.82084,0.8209,1.12,1.50
2017.05.19 10:06:09.367,0.82089,0.82093,1.00,1.50
2017.05.19 10:06:09.469,0.82089,0.82095,1.00,1.50
2017.05.19 10:06:10.340,0.82089,0.82096,1.00,1.00
2017.05.19 10:06:13.990,0.82089,0.82095,1.00,1.00
2017.05.19 10:06:19.225,0.82089,0.82096,1.00,1.00
2017.05.19 10:06:21.344,0.82091,0.82097,1.00,1.50
2017.05.19 10:06:21.765,0.82093,0.82098,1.00,1.00
2017.05.19 10:06:21.816,0.82093,0.821,1.00,1.00
2017.05.19 10:06:22.347,0.82094,0.821,1.50,1.00
2017.05.19 10:06:22.855,0.82094,0.82101,1.00,1.00
2017.05.19 10:06:23.366,0.82093,0.821,1.00,1.00
2017.05.19 10:06:23.877,0.82093,0.82099,3.00,1.00
2017.05.19 10:06:24.567,0.82092,0.82099,1.50,1.00
2017.05.19 10:06:24.709,0.82092,0.82099,1.50,1.00
2017.05.19 10:06:25.912,0.82092,0.82099,1.50,1.00
2017.05.19 10:06:26.305,0.82096,0.82101,1.00,1.50
2017.05.19 10:06:26.356,0.82097,0.82104,1.00,1.00
2017.05.19 10:06:27.654,0.82097,0.82103,1.00,1.00
2017.05.19 10:06:30.202,0.82097,0.82104,1.00,1.00
2017.05.19 10:06:31.829,0.82096,0.82103,1.50,1.00
2017.05.19 10:06:31.931,0.82096,0.82101,1.50,1.00
2017.05.19 10:06:32.135,0.82094,0.821,1.00,1.00
2017.05.19 10:06:33.235,0.82093,0.82101,1.37,1.00
2017.05.19 10:06:33.800,0.82093,0.821,1.37,1.00
2017.05.19 10:06:34.557,0.82093,0.82101,1.37,1.00
2017.05.19 10:06:36.948,0.82093,0.821,1.37,1.00
2017.05.19 10:06:38.089,0.82093,0.82099,1.37,1.00
2017.05.19 10:06:38.600,0.82093,0.82099,1.04,1.00
2017.05.19 10:06:39.157,0.82092,0.82098,1.00,1.00
2017.05.19 10:06:40.297,0.82092,0.82099,1.50,1.00
2017.05.19 10:06:40.836,0.82093,0.82099,1.12,1.00
2017.05.19 10:06:41.265,0.82095,0.821,1.00,1.00
2017.05.19 10:06:41.367,0.82096,0.82102,1.00,1.00
2017.05.19 10:06:41.469,0.82098,0.82102,1.00,1.00
2017.05.19 10:06:41.571,0.82099,0.82105,1.00,1.50
2017.05.19 10:06:46.009,0.82099,0.82104,1.00,1.00
2017.05.19 10:06:46.061,0.82097,0.82101,1.00,1.00
2017.05.19 10:06:46.316,0.82094,0.821,1.12,1.00
2017.05.19 10:06:46.622,0.82092,0.82098,1.50,1.00
2017.05.19 10:06:47.146,0.8209,0.82098,1.50,1.50
2017.05.19 10:06:47.681,0.8209,0.82097,1.50,1.00
2017.05.19 10:06:48.192,0.8209,0.82098,1.00,1.50
2017.05.19 10:06:48.469,0.8209,0.82094,1.00,1.00
2017.05.19 10:06:48.673,0.82085,0.82092,3.00,1.50
2017.05.19 10:06:48.724,0.82085,0.82092,1.00,1.50
2017.05.19 10:06:48.877,0.82083,0.82091,1.50,1.00
2017.05.19 10:06:49.245,0.82085,0.8209,1.00,1.00
2017.05.19 10:06:49.799,0.82085,0.82091,1.00,1.50
2017.05.19 10:06:50.786,0.82083,0.82091,1.12,1.50
2017.05.19 10:06:51.290,0.82083,0.8209,1.00,1.00
2017.05.19 10:06:53.503,0.82082,0.82087,1.12,1.00
2017.05.19 10:06:53.606,0.8208,0.82086,1.00,1.00
2017.05.19 10:06:53.657,0.82078,0.82086,1.12,1.00
2017.05.19 10:06:54.558,0.82078,0.82085,1.00,1.00
2017.05.19 10:06:55.073,0.82078,0.82085,1.37,1.00
2017.05.19 10:06:58.268,0.8208,0.82086,1.00,1.50
2017.05.19 10:06:58.319,0.82082,0.82086,1.00,1.00
2017.05.19 10:06:58.371,0.82082,0.82088,1.00,1.50
2017.05.19 10:06:58.472,0.82083,0.8209,1.00,1.12
2017.05.19 10:06:59.023,0.82084,0.82091,1.20,1.50
2017.05.19 10:07:00.223,0.82084,0.8209,2.70,1.00
2017.05.19 10:07:00.736,0.82085,0.82091,1.00,1.87
2017.05.19 10:07:01.465,0.82082,0.82089,1.50,1.00
2017.05.19 10:07:01.983,0.82082,0.82089,1.00,1.00
2017.05.19 10:07:02.922,0.8208,0.82084,1.00,1.00
2017.05.19 10:07:03.125,0.82075,0.82083,3.45,1.00
2017.05.19 10:07:03.227,0.82076,0.82083,1.00,1.00
2017.05.19 10:07:03.384,0.82076,0.82081,1.37,1.00
2017.05.19 10:07:03.639,0.82068,0.82075,1.50,1.00
2017.05.19 10:07:03.741,0.82069,0.82077,1.00,1.50
2017.05.19 10:07:03.843,0.82072,0.82079,1.00,1.87
2017.05.19 10:07:04.097,0.8207,0.82077,1.57,1.00
2017.05.19 10:07:05.704,0.8207,0.82076,1.12,1.00
2017.05.19 10:07:09.020,0.8207,0.82075,1.12,1.00
2017.05.19 10:07:09.568,0.8207,0.82076,1.00,1.00
2017.05.19 10:07:10.088,0.8207,0.82075,1.00,1.00
2017.05.19 10:07:10.621,0.82069,0.82075,1.87,1.00
2017.05.19 10:07:11.206,0.82069,0.82076,1.00,1.00
2017.05.19 10:07:11.409,0.82072,0.82077,1.00,1.00
2017.05.19 10:07:11.910,0.82072,0.82078,1.00,1.50
2017.05.19 10:07:12.482,0.82074,0.82078,1.00,1.00
2017.05.19 10:07:12.634,0.82074,0.8208,1.00,1.00
2017.05.19 10:07:13.434,0.82074,0.82081,1.00,1.00
2017.05.19 10:07:15.741,0.82074,0.8208,1.00,1.00
2017.05.19 10:07:16.360,0.82074,0.82079,1.00,1.00
2017.05.19 10:07:17.180,0.82074,0.82081,1.00,1.12
2017.05.19 10:07:17.905,0.82073,0.82081,1.87,1.00
2017.05.19 10:07:18.334,0.82075,0.8208,1.00,1.00
2017.05.19 10:07:18.864,0.82077,0.82082,1.00,1.50
2017.05.19 10:07:19.017,0.82075,0.82082,1.50,1.00
2017.05.19 10:07:20.942,0.82077,0.82083,1.00,1.00
2017.05.19 10:07:21.487,0.82076,0.82082,1.50,1.00
2017.05.19 10:07:21.692,0.82073,0.82079,1.50,1.00
2017.05.19 10:07:21.845,0.82072,0.82077,1.37,1.00
2017.05.19 10:07:22.368,0.82072,0.82077,1.00,1.00
2017.05.19 10:07:22.976,0.82072,0.82078,1.00,1.00
2017.05.19 10:07:23.501,0.82073,0.82079,1.00,1.00
2017.05.19 10:07:24.643,0.82074,0.82079,1.00,1.00
2017.05.19 10:07:25.379,0.82073,0.82079,1.50,1.00
2017.05.19 10:07:27.007,0.82072,0.82078,1.50,1.00
2017.05.19 10:07:27.663,0.82072,0.82078,1.00,1.00
2017.05.19 10:07:28.373,0.82071,0.82076,1.12,1.00
2017.05.19 10:07:29.049,0.8207,0.82075,1.12,1.00
2017.05.19 10:07:32.830,0.8207,0.82076,1.00,1.50
2017.05.19 10:07:33.341,0.82069,0.82076,1.12,1.50
2017.05.19 10:07:33.956,0.82069,0.82075,1.12,1.00
2017.05.19 10:07:35.657,0.8207,0.82075,1.00,1.00
2017.05.19 10:07:36.216,0.82071,0.82076,1.00,1.00
2017.05.19 10:07:36.737,0.82071,0.82075,1.00,1.00
2017.05.19 10:07:37.442,0.82071,0.82077,1.00,1.50
2017.05.19 10:07:37.645,0.8207,0.82075,1.12,1.00
2017.05.19 10:07:37.747,0.8207,0.82077,1.12,1.50
2017.05.19 10:07:38.291,0.82069,0.82077,1.12,1.50
2017.05.19 10:07:38.824,0.8207,0.82078,1.87,1.50
2017.05.19 10:07:39.368,0.82071,0.82078,1.00,1.00
2017.05.19 10:07:39.617,0.82073,0.82079,1.00,1.50
2017.05.19 10:07:40.648,0.82073,0.8208,1.00,1.00
2017.05.19 10:07:40.953,0.82076,0.82082,1.00,1.00
2017.05.19 10:07:41.486,0.82076,0.82083,1.00,1.00
2017.05.19 10:07:43.037,0.82074,0.82083,1.87,1.00
2017.05.19 10:07:43.620,0.82075,0.82083,1.87,1.00
2017.05.19 10:07:44.152,0.82075,0.82084,1.87,1.87
2017.05.19 10:07:44.658,0.82076,0.82084,1.00,1.12
2017.05.19 10:07:45.184,0.82077,0.82085,1.00,2.25
2017.05.19 10:07:45.490,0.82075,0.82082,1.57,1.00
2017.05.19 10:07:45.745,0.82073,0.82081,3.00,1.00
2017.05.19 10:07:46.254,0.82073,0.82081,1.50,1.50
2017.05.19 10:07:46.817,0.82073,0.82079,1.87,1.00
2017.05.19 10:07:49.317,0.82071,0.82076,1.00,1.00
2017.05.19 10:07:49.624,0.82065,0.82072,1.50,1.00
2017.05.19 10:07:49.828,0.82065,0.82071,1.00,1.50
2017.05.19 10:07:49.879,0.82063,0.8207,1.50,1.00
2017.05.19 10:07:50.509,0.82063,0.8207,1.50,1.00
2017.05.19 10:07:51.547,0.82068,0.82072,1.00,1.00
2017.05.19 10:07:51.649,0.82068,0.82074,1.12,1.00
2017.05.19 10:07:51.802,0.82068,0.82076,1.57,1.50
2017.05.19 10:07:52.312,0.8207,0.82076,1.00,1.00
2017.05.19 10:07:52.887,0.8207,0.82077,1.00,1.00
2017.05.19 10:07:54.243,0.82071,0.82078,1.00,1.00
2017.05.19 10:07:54.984,0.82072,0.82078,1.50,1.00
2017.05.19 10:07:55.541,0.82072,0.82079,2.25,1.00
2017.05.19 10:07:56.042,0.82072,0.82079,3.00,1.00
2017.05.19 10:07:56.545,0.82072,0.82078,2.25,1.00
2017.05.19 10:07:59.310,0.82072,0.82077,1.00,1.00
2017.05.19 10:07:59.819,0.82069,0.82077,3.00,1.00
2017.05.19 10:08:00.226,0.82069,0.82074,1.50,1.00
2017.05.19 10:08:00.430,0.82066,0.82072,1.50,1.00
2017.05.19 10:08:00.777,0.82064,0.82072,2.62,1.50
2017.05.19 10:08:00.930,0.82063,0.8207,1.37,1.00
2017.05.19 10:08:01.031,0.82063,0.8207,1.00,1.50
2017.05.19 10:08:01.133,0.82064,0.82072,1.87,1.50
2017.05.19 10:08:01.235,0.82066,0.82073,1.00,1.00
2017.05.19 10:08:01.794,0.82064,0.82071,2.25,1.00
2017.05.19 10:08:01.933,0.82063,0.82071,1.12,1.00
2017.05.19 10:08:02.458,0.82062,0.8207,1.12,1.50
2017.05.19 10:08:02.992,0.82062,0.82069,1.12,1.00
2017.05.19 10:08:03.590,0.82061,0.82069,1.87,1.50
2017.05.19 10:08:04.133,0.8206,0.82068,3.00,1.50
2017.05.19 10:08:04.719,0.8206,0.82068,1.12,1.00
2017.05.19 10:08:05.235,0.82059,0.82067,2.62,1.00
2017.05.19 10:08:05.743,0.82061,0.82067,1.00,1.00
2017.05.19 10:08:06.022,0.82062,0.82069,1.00,1.00
2017.05.19 10:08:06.529,0.82062,0.82069,1.50,1.00
2017.05.19 10:08:06.827,0.82061,0.82067,1.12,1.00
2017.05.19 10:08:07.236,0.82061,0.82069,1.12,1.50
2017.05.19 10:08:07.493,0.82061,0.82067,1.12,1.00
2017.05.19 10:08:08.153,0.82061,0.82066,1.12,1.00
2017.05.19 10:08:08.204,0.82063,0.82069,1.00,1.00
2017.05.19 10:08:08.255,0.82066,0.82073,1.00,2.25
2017.05.19 10:08:08.764,0.82065,0.82072,1.00,1.00
2017.05.19 10:08:09.445,0.82063,0.82071,3.00,1.00
2017.05.19 10:08:09.753,0.82062,0.82069,1.57,1.00
2017.05.19 10:08:10.061,0.82054,0.82063,2.25,1.50
2017.05.19 10:08:10.417,0.82053,0.82061,2.25,1.00
2017.05.19 10:08:10.946,0.82053,0.8206,1.75,1.00
2017.05.19 10:08:11.620,0.82053,0.82061,1.75,1.50
2017.05.19 10:08:12.650,0.82058,0.82062,1.00,1.00
2017.05.19 10:08:12.804,0.82059,0.82063,1.00,1.00
2017.05.19 10:08:12.855,0.82059,0.82065,1.00,1.00
2017.05.19 10:08:14.225,0.8206,0.82065,1.00,1.00
2017.05.19 10:08:14.377,0.8206,0.82067,1.00,1.50
2017.05.19 10:08:14.891,0.82061,0.82067,1.00,1.50
2017.05.19 10:08:15.044,0.82063,0.82067,1.00,1.00
2017.05.19 10:08:15.095,0.82063,0.8207,1.00,1.50
2017.05.19 10:08:15.937,0.82061,0.8207,1.87,1.00
2017.05.19 10:08:16.439,0.82062,0.82069,1.00,1.00
2017.05.19 10:08:17.810,0.82063,0.82069,1.00,1.00
2017.05.19 10:08:17.861,0.82064,0.82072,1.00,1.04
2017.05.19 10:08:18.369,0.82065,0.82073,1.00,1.50
2017.05.19 10:08:19.261,0.82065,0.82072,1.00,1.00
2017.05.19 10:08:20.209,0.82064,0.82072,1.00,1.50
2017.05.19 10:08:21.969,0.82065,0.82072,1.50,1.00
2017.05.19 10:08:22.071,0.82066,0.82074,1.00,1.50
2017.05.19 10:08:22.428,0.82069,0.82075,1.00,1.00
2017.05.19 10:08:22.821,0.82071,0.82077,1.00,1.50
2017.05.19 10:08:23.381,0.82071,0.82078,1.50,1.50
2017.05.19 10:08:23.923,0.82071,0.82077,1.00,1.00
2017.05.19 10:08:23.975,0.82069,0.82077,1.50,1.29
2017.05.19 10:08:24.128,0.82066,0.82074,3.37,1.00
2017.05.19 10:08:24.179,0.82066,0.82074,1.00,1.50
2017.05.19 10:08:24.535,0.82066,0.82075,1.00,2.25
2017.05.19 10:08:25.042,0.82069,0.82075,1.00,1.00
2017.05.19 10:08:25.351,0.8207,0.82077,1.00,1.95
2017.05.19 10:08:25.402,0.82072,0.82077,1.00,1.00
2017.05.19 10:08:25.555,0.82072,0.82079,1.00,2.70
2017.05.19 10:08:25.964,0.82072,0.82077,1.00,1.00
2017.05.19 10:08:26.322,0.82072,0.82079,1.00,1.12
2017.05.19 10:08:26.505,0.82075,0.8208,1.00,1.87
2017.05.19 10:08:27.540,0.82074,0.8208,1.00,1.87
2017.05.19 10:08:28.093,0.82074,0.82081,1.00,1.00
2017.05.19 10:08:28.434,0.82076,0.82081,1.00,1.00
2017.05.19 10:08:28.740,0.82074,0.82079,1.00,1.00
2017.05.19 10:08:30.345,0.82073,0.82079,1.00,1.10
2017.05.19 10:08:30.911,0.82072,0.82079,1.00,1.87
2017.05.19 10:08:30.963,0.8207,0.82077,1.00,1.00
2017.05.19 10:08:31.468,0.8207,0.82077,1.00,1.87
2017.05.19 10:08:32.469,0.8207,0.82077,1.00,1.50
2017.05.19 10:08:33.204,0.82071,0.82077,1.00,1.00
2017.05.19 10:08:33.255,0.82073,0.82078,1.00,1.50
2017.05.19 10:08:33.791,0.82073,0.82079,1.00,1.12
2017.05.19 10:08:34.313,0.82073,0.8208,1.00,1.95
2017.05.19 10:08:34.767,0.82071,0.82078,1.00,1.00
2017.05.19 10:08:35.023,0.82069,0.82077,1.00,1.00
2017.05.19 10:08:37.935,0.82069,0.82076,1.00,1.00
2017.05.19 10:08:38.850,0.82069,0.82075,1.00,1.00
2017.05.19 10:08:39.379,0.82068,0.82075,1.00,1.00
2017.05.19 10:08:42.380,0.82068,0.82074,1.00,1.00
2017.05.19 10:08:42.963,0.82068,0.82075,1.00,1.50
2017.05.19 10:08:45.165,0.82066,0.82074,1.00,1.00
2017.05.19 10:08:45.762,0.82067,0.82074,1.00,1.00
2017.05.19 10:08:48.827,0.82068,0.82075,1.00,1.00
2017.05.19 10:08:49.354,0.82068,0.82076,1.00,1.12
2017.05.19 10:08:51.443,0.82069,0.82076,1.00,1.12
2017.05.19 10:08:54.612,0.82069,0.82077,1.87,1.95
2017.05.19 10:08:55.157,0.8207,0.82078,1.50,1.50
2017.05.19 10:08:55.482,0.82069,0.82075,1.00,1.00
2017.05.19 10:08:56.029,0.8207,0.82075,1.00,1.00
2017.05.19 10:08:56.802,0.8207,0.82078,1.00,2.32
2017.05.19 10:08:57.310,0.82071,0.82079,1.00,2.32
2017.05.19 10:08:59.142,0.8207,0.82079,1.12,1.00
2017.05.19 10:08:59.194,0.8207,0.82077,1.00,1.00
2017.05.19 10:09:00.812,0.82069,0.82077,1.12,1.00
2017.05.19 10:09:02.162,0.8207,0.82075,1.12,1.00
2017.05.19 10:09:02.213,0.8207,0.82077,1.12,1.10
2017.05.19 10:09:02.264,0.82072,0.82077,1.00,1.00
2017.05.19 10:09:02.519,0.82072,0.82079,1.00,1.95
2017.05.19 10:09:04.306,0.82071,0.82079,1.00,1.50
2017.05.19 10:09:07.190,0.82071,0.8208,1.00,1.20
2017.05.19 10:09:07.511,0.8207,0.82077,1.50,1.00
2017.05.19 10:09:10.192,0.82069,0.82077,1.00,1.50
2017.05.19 10:09:10.497,0.82072,0.82079,1.00,1.00
2017.05.19 10:09:11.241,0.82072,0.8208,1.00,1.57
2017.05.19 10:09:11.791,0.82073,0.8208,1.00,1.50
2017.05.19 10:09:12.339,0.82073,0.82082,1.50,2.70
2017.05.19 10:09:12.653,0.82069,0.82077,2.25,1.12
2017.05.19 10:09:13.161,0.82069,0.82076,1.00,1.12
2017.05.19 10:09:14.159,0.82068,0.82076,1.12,1.87
2017.05.19 10:09:15.502,0.82068,0.82075,1.12,1.00
2017.05.19 10:09:15.813,0.82071,0.82079,1.50,1.95
2017.05.19 10:09:15.915,0.82071,0.82077,1.00,1.00
2017.05.19 10:09:16.220,0.82061,0.82067,1.00,1.00
2017.05.19 10:09:16.271,0.82059,0.82067,1.00,2.25
2017.05.19 10:09:16.424,0.82057,0.82065,2.62,1.10
2017.05.19 10:09:16.833,0.82063,0.82069,1.00,2.32
2017.05.19 10:09:17.138,0.82068,0.82074,1.50,2.25
2017.05.19 10:09:17.189,0.82068,0.82077,2.25,1.45
2017.05.19 10:09:17.291,0.82072,0.82077,1.00,1.47
2017.05.19 10:09:17.445,0.82072,0.8208,1.00,3.75
2017.05.19 10:09:17.971,0.82071,0.82079,1.00,1.50
2017.05.19 10:09:18.517,0.82072,0.82079,1.00,1.12
2017.05.19 10:09:18.670,0.82069,0.82072,2.25,1.00
2017.05.19 10:09:18.722,0.82067,0.82071,2.25,1.00
2017.05.19 10:09:18.776,0.82063,0.8207,1.72,1.57
2017.05.19 10:09:18.828,0.82059,0.82068,3.75,1.87
2017.05.19 10:09:18.992,0.82057,0.82065,1.37,1.00
2017.05.19 10:09:19.043,0.82056,0.82065,1.12,3.07
2017.05.19 10:09:19.196,0.82056,0.82063,1.00,1.00
2017.05.19 10:09:19.857,0.82056,0.82065,1.12,2.32
2017.05.19 10:09:20.666,0.82061,0.82065,1.00,1.00
2017.05.19 10:09:20.717,0.8206,0.82065,1.50,1.00
2017.05.19 10:09:20.768,0.82062,0.82069,1.00,2.62
2017.05.19 10:09:20.921,0.8206,0.82069,1.87,1.57
2017.05.19 10:09:21.424,0.82059,0.82068,1.50,1.57
2017.05.19 10:09:21.987,0.82059,0.82067,1.50,1.00
2017.05.19 10:09:22.841,0.8206,0.82067,1.00,1.00
2017.05.19 10:09:23.063,0.82061,0.82069,1.00,2.32
2017.05.19 10:09:23.115,0.82061,0.82069,1.00,3.45
2017.05.19 10:09:23.269,0.82062,0.82069,1.00,1.50
2017.05.19 10:09:23.474,0.82064,0.82069,1.00,1.00
2017.05.19 10:09:24.001,0.82063,0.82069,1.00,1.00
2017.05.19 10:09:24.053,0.82061,0.8207,1.00,1.50
2017.05.19 10:09:24.104,0.82061,0.8207,1.00,6.00
2017.05.19 10:09:24.352,0.82055,0.82063,1.87,1.57
2017.05.19 10:09:24.404,0.82054,0.82061,3.00,1.00
2017.05.19 10:09:24.456,0.82054,0.82061,1.00,1.00
2017.05.19 10:09:24.559,0.82052,0.82061,1.12,2.32
2017.05.19 10:09:25.067,0.82052,0.8206,1.12,1.00
2017.05.19 10:09:25.441,0.82049,0.8206,3.00,2.70
2017.05.19 10:09:25.621,0.82049,0.82057,1.87,1.00
2017.05.19 10:09:26.140,0.82049,0.82056,1.50,1.00
2017.05.19 10:09:26.444,0.82052,0.82059,1.00,1.00
2017.05.19 10:09:27.015,0.82052,0.82061,1.12,1.50
2017.05.19 10:09:27.270,0.82052,0.82059,1.00,1.00
2017.05.19 10:09:27.785,0.82051,0.82059,1.87,1.00
2017.05.19 10:09:28.393,0.82052,0.82059,1.00,1.00
2017.05.19 10:09:28.900,0.82052,0.8206,1.00,1.20
2017.05.19 10:09:29.358,0.8205,0.82059,1.12,2.70
2017.05.19 10:09:29.871,0.82049,0.82058,1.00,2.32
2017.05.19 10:09:30.419,0.82049,0.82058,1.00,3.07
2017.05.19 10:09:30.956,0.82049,0.82058,1.00,1.95
2017.05.19 10:09:31.688,0.82049,0.82057,1.00,1.00
2017.05.19 10:09:32.123,0.82051,0.82058,1.50,1.12
2017.05.19 10:09:32.679,0.82051,0.82059,1.87,1.50
2017.05.19 10:09:33.634,0.8205,0.82058,1.00,1.00
2017.05.19 10:09:34.366,0.82051,0.82059,1.00,1.95
2017.05.19 10:09:34.825,0.82049,0.82058,1.50,1.12
2017.05.19 10:09:35.532,0.82049,0.82057,1.50,1.00
2017.05.19 10:09:36.062,0.8205,0.82058,1.00,2.25
2017.05.19 10:09:36.578,0.8205,0.82057,1.00,1.00
2017.05.19 10:09:40.468,0.82054,0.82058,1.00,1.12
2017.05.19 10:09:40.519,0.82052,0.82058,1.00,1.12
2017.05.19 10:09:40.826,0.82053,0.82061,1.00,1.00
2017.05.19 10:09:42.556,0.82053,0.8206,1.00,1.00
2017.05.19 10:09:44.168,0.82055,0.8206,1.00,1.00
2017.05.19 10:09:44.506,0.82053,0.82061,1.00,1.50
2017.05.19 10:09:45.380,0.82053,0.8206,1.00,1.00
2017.05.19 10:09:48.445,0.82053,0.82061,1.00,1.87
2017.05.19 10:09:49.055,0.82052,0.82059,1.00,1.50
2017.05.19 10:09:49.945,0.82051,0.82059,1.50,1.50
2017.05.19 10:09:52.408,0.82052,0.82059,1.00,1.00
2017.05.19 10:09:52.719,0.82054,0.82061,1.00,1.50
2017.05.19 10:09:53.198,0.82052,0.8206,1.00,1.00
2017.05.19 10:09:54.657,0.82052,0.82058,1.00,1.00
2017.05.19 10:09:55.199,0.82052,0.82059,1.00,1.00
2017.05.19 10:09:55.860,0.82052,0.8206,1.00,1.00
2017.05.19 10:09:56.323,0.82054,0.82061,1.50,1.12
2017.05.19 10:09:56.475,0.82054,0.82063,3.00,1.00
2017.05.19 10:09:56.742,0.82054,0.82061,1.50,1.00
2017.05.19 10:09:57.250,0.82053,0.82059,1.00,1.00
2017.05.19 10:09:57.555,0.82054,0.82061,1.50,1.00
2017.05.19 10:09:58.062,0.82054,0.82059,1.00,1.00
2017.05.19 10:09:58.215,0.82049,0.82057,1.75,1.00
2017.05.19 10:09:58.319,0.82048,0.82055,1.12,1.00
2017.05.19 10:09:58.624,0.82046,0.82054,1.57,1.50
2017.05.19 10:09:59.681,0.82046,0.82053,1.57,1.00
2017.05.19 10:10:00.524,0.82047,0.82054,1.50,1.00
2017.05.19 10:10:00.678,0.82046,0.82051,1.57,1.00
2017.05.19 10:10:01.192,0.82046,0.82051,1.00,1.00
2017.05.19 10:10:01.490,0.82044,0.82051,2.62,1.00
2017.05.19 10:10:02.007,0.82044,0.82052,1.12,1.50
2017.05.19 10:10:02.517,0.82042,0.8205,1.50,1.00
2017.05.19 10:10:02.823,0.8204,0.82048,1.75,1.50
2017.05.19 10:10:03.645,0.82041,0.82048,1.00,1.50
2017.05.19 10:10:03.956,0.82039,0.82047,2.25,1.00
2017.05.19 10:10:04.472,0.82039,0.82046,1.00,1.50
2017.05.19 10:10:05.085,0.82038,0.82046,1.75,1.50
2017.05.19 10:10:05.684,0.82038,0.82046,1.50,1.50
2017.05.19 10:10:05.889,0.82041,0.82048,1.50,1.75
2017.05.19 10:10:05.941,0.82042,0.82049,1.00,2.25
2017.05.19 10:10:06.103,0.82042,0.8205,1.00,1.50
2017.05.19 10:10:06.155,0.82044,0.8205,1.00,1.50
2017.05.19 10:10:06.460,0.82048,0.82054,1.00,2.62
2017.05.19 10:10:06.562,0.82048,0.82055,1.00,1.87
2017.05.19 10:10:07.141,0.82049,0.82055,1.00,1.12
2017.05.19 10:10:09.138,0.82048,0.82056,1.00,1.37
2017.05.19 10:10:09.696,0.82048,0.82056,1.00,1.00
2017.05.19 10:10:10.179,0.82048,0.82053,1.00,1.00
2017.05.19 10:10:12.841,0.82049,0.82055,1.00,1.12
2017.05.19 10:10:12.944,0.82049,0.82057,1.00,1.87
2017.05.19 10:10:13.612,0.82048,0.82057,1.87,1.87
2017.05.19 10:10:14.137,0.82048,0.82056,1.87,1.00
2017.05.19 10:10:14.654,0.82048,0.82057,1.87,1.87
2017.05.19 10:10:15.297,0.8205,0.82057,1.50,1.87
2017.05.19 10:10:15.806,0.82051,0.82057,1.00,1.00
2017.05.19 10:10:16.383,0.82051,0.82058,1.20,1.00
2017.05.19 10:10:16.727,0.82051,0.8206,2.54,1.50
2017.05.19 10:10:16.829,0.82055,0.82061,1.00,2.25
2017.05.19 10:10:16.931,0.82056,0.82064,1.29,1.12
2017.05.19 10:10:17.035,0.82058,0.82065,1.29,1.12
2017.05.19 10:10:17.194,0.82058,0.82067,1.29,1.12
2017.05.19 10:10:17.880,0.82058,0.82066,1.29,1.00
2017.05.19 10:10:18.185,0.8206,0.82068,1.00,1.12
2017.05.19 10:10:20.945,0.82061,0.82069,1.04,1.50
2017.05.19 10:10:21.581,0.82062,0.8207,1.00,1.00
2017.05.19 10:10:22.625,0.82062,0.8207,1.29,1.12
2017.05.19 10:10:23.091,0.82064,0.82072,1.79,1.12
2017.05.19 10:10:23.615,0.82064,0.82073,1.79,1.00
2017.05.19 10:10:24.780,0.82066,0.82074,1.00,1.50
2017.05.19 10:10:25.320,0.82066,0.82074,1.00,1.20
2017.05.19 10:10:25.625,0.82068,0.82075,1.00,1.87
2017.05.19 10:10:33.393,0.82071,0.82077,1.00,1.50
2017.05.19 10:10:33.597,0.82072,0.8208,1.00,1.50
2017.05.19 10:10:34.122,0.82072,0.8208,1.00,1.00
2017.05.19 10:10:34.581,0.82072,0.82078,1.00,1.00
2017.05.19 10:10:34.887,0.82076,0.8208,1.00,1.00
2017.05.19 10:10:35.236,0.82082,0.8209,1.00,4.87
2017.05.19 10:10:35.287,0.82082,0.8209,1.00,1.12
2017.05.19 10:10:35.796,0.82082,0.8209,1.00,1.57
2017.05.19 10:10:36.202,0.8208,0.82089,1.50,1.00
2017.05.19 10:10:36.842,0.8208,0.82088,1.00,1.00
2017.05.19 10:10:38.573,0.8208,0.82085,1.00,1.00
2017.05.19 10:10:39.157,0.82079,0.82085,1.00,1.00
2017.05.19 10:10:39.604,0.82077,0.82086,1.00,1.00
2017.05.19 10:10:41.447,0.82079,0.82086,1.00,1.00
2017.05.19 10:10:41.813,0.82081,0.82088,1.00,1.10
2017.05.19 10:10:42.357,0.82081,0.82089,1.00,1.20
2017.05.19 10:10:42.866,0.8208,0.82088,1.00,1.00
2017.05.19 10:10:43.516,0.82079,0.82087,1.00,1.12
2017.05.19 10:10:44.341,0.82079,0.82088,1.00,1.87
2017.05.19 10:10:45.423,0.8208,0.82088,1.00,1.50
2017.05.19 10:10:46.186,0.82081,0.82088,1.00,1.00
2017.05.19 10:10:46.944,0.82081,0.82089,2.25,1.50
2017.05.19 10:10:47.245,0.82084,0.8209,1.50,1.00
2017.05.19 10:10:48.107,0.82084,0.82092,1.50,1.00
2017.05.19 10:10:48.764,0.82084,0.8209,1.50,1.00
2017.05.19 10:10:53.659,0.82082,0.82088,1.00,1.00
2017.05.19 10:10:53.762,0.8208,0.82088,1.12,1.00
2017.05.19 10:10:54.331,0.82079,0.82087,1.00,1.00
2017.05.19 10:10:54.929,0.8208,0.82087,1.00,1.00
2017.05.19 10:10:55.541,0.82078,0.82087,1.87,1.50
2017.05.19 10:10:56.314,0.82079,0.82087,1.00,1.00
2017.05.19 10:10:56.365,0.82078,0.82085,1.50,1.00
2017.05.19 10:10:56.679,0.82076,0.82083,1.50,1.00
2017.05.19 10:11:00.261,0.82077,0.82083,1.00,1.00
2017.05.19 10:11:05.155,0.82073,0.82081,1.87,1.00
2017.05.19 10:11:05.670,0.82073,0.8208,1.00,2.62
2017.05.19 10:11:07.916,0.82072,0.8208,1.00,2.62
2017.05.19 10:11:08.463,0.82072,0.82079,1.00,1.00
2017.05.19 10:11:09.187,0.82071,0.82079,1.12,1.00
2017.05.19 10:11:09.713,0.82071,0.82078,1.00,1.00
2017.05.19 10:11:10.228,0.8207,0.82078,1.50,1.00
2017.05.19 10:11:10.330,0.8207,0.82076,1.00,1.00
2017.05.19 10:11:10.432,0.82069,0.82078,1.00,3.00
2017.05.19 10:11:10.755,0.82069,0.82076,1.00,1.00
2017.05.19 10:11:11.414,0.82067,0.82076,1.00,1.50
2017.05.19 10:11:12.500,0.82067,0.82075,1.00,1.00
2017.05.19 10:11:15.904,0.82067,0.82076,1.00,2.62
2017.05.19 10:11:15.956,0.82071,0.82076,1.00,1.00
2017.05.19 10:11:16.008,0.82071,0.82078,1.00,1.00
2017.05.19 10:11:16.061,0.82072,0.8208,1.00,2.25
2017.05.19 10:11:16.163,0.82075,0.8208,1.00,1.00
2017.05.19 10:11:16.266,0.82075,0.82083,1.00,3.00
2017.05.19 10:11:16.471,0.82074,0.82081,1.00,1.00
2017.05.19 10:11:17.732,0.82074,0.82082,1.00,2.25
2017.05.19 10:11:18.902,0.82074,0.82081,1.00,1.00
2017.05.19 10:11:19.700,0.82074,0.82082,1.00,1.50
2017.05.19 10:11:20.225,0.82073,0.82082,1.50,2.25
2017.05.19 10:11:21.668,0.82074,0.82082,1.00,1.50
2017.05.19 10:11:22.578,0.82072,0.82079,1.12,1.00
2017.05.19 10:11:23.121,0.8207,0.82078,1.29,1.12
2017.05.19 10:11:24.557,0.8207,0.82078,1.04,1.87
2017.05.19 10:11:24.865,0.82074,0.82079,1.37,1.00
2017.05.19 10:11:25.070,0.82077,0.82082,1.00,1.00
2017.05.19 10:11:25.172,0.82075,0.82084,1.79,1.50
2017.05.19 10:11:25.224,0.82074,0.82081,2.17,1.00
2017.05.19 10:11:25.724,0.82073,0.82081,1.04,1.00
2017.05.19 10:11:29.126,0.82072,0.8208,2.62,1.00
2017.05.19 10:11:30.203,0.82072,0.8208,1.87,1.87
2017.05.19 10:11:30.905,0.82072,0.8208,1.87,1.87
2017.05.19 10:11:37.401,0.82072,0.8208,1.87,2.32
2017.05.19 10:11:38.316,0.82076,0.8208,1.00,1.50
2017.05.19 10:11:38.623,0.82077,0.82083,1.00,1.12
2017.05.19 10:11:38.835,0.82077,0.82085,1.50,1.12
2017.05.19 10:11:39.386,0.82078,0.82086,1.00,1.10
2017.05.19 10:11:39.887,0.82077,0.82086,1.00,1.10
2017.05.19 10:11:40.679,0.82082,0.82088,1.00,2.70
2017.05.19 10:11:41.214,0.82082,0.82088,1.00,1.00
2017.05.19 10:11:41.417,0.8208,0.82089,1.00,3.00
2017.05.19 10:11:41.923,0.82079,0.82088,1.87,1.00
2017.05.19 10:11:42.421,0.82079,0.82085,1.00,1.00
2017.05.19 10:11:42.626,0.82076,0.82084,1.79,1.00
2017.05.19 10:11:43.314,0.82076,0.82084,1.79,1.00
2017.05.19 10:11:43.817,0.82077,0.82083,1.04,1.00
2017.05.19 10:11:44.636,0.82076,0.82085,1.00,3.07
2017.05.19 10:11:45.028,0.82075,0.82083,1.04,1.00
2017.05.19 10:11:45.596,0.82075,0.82082,1.00,1.00
2017.05.19 10:11:46.104,0.82074,0.82082,1.00,1.00
2017.05.19 10:11:46.621,0.82074,0.82083,1.00,1.87
2017.05.19 10:11:48.560,0.82077,0.82083,1.00,1.00
2017.05.19 10:11:48.714,0.82075,0.82083,1.50,1.00
2017.05.19 10:11:48.918,0.82073,0.82082,1.00,2.25
2017.05.19 10:11:49.020,0.82071,0.8208,1.95,1.00
2017.05.19 10:11:49.595,0.82071,0.82079,1.12,1.00
2017.05.19 10:11:50.862,0.82072,0.8208,1.00,1.87
2017.05.19 10:11:51.370,0.82073,0.82081,1.87,1.00
2017.05.19 10:11:51.885,0.82074,0.82082,1.00,1.00
2017.05.19 10:11:52.396,0.82075,0.82082,1.00,1.00
2017.05.19 10:11:52.922,0.82074,0.82081,1.00,1.00
2017.05.19 10:11:54.235,0.82072,0.8208,1.00,1.00
2017.05.19 10:11:54.662,0.8207,0.82079,1.00,1.00
2017.05.19 10:11:55.913,0.82072,0.8208,1.00,1.95
2017.05.19 10:11:56.519,0.82073,0.82079,1.00,1.00
2017.05.19 10:11:57.602,0.82074,0.8208,1.00,1.10
2017.05.19 10:11:57.949,0.82074,0.82082,1.00,1.50
2017.05.19 10:12:00.213,0.82075,0.82082,1.00,1.00
2017.05.19 10:12:00.743,0.82074,0.82082,1.50,1.00
2017.05.19 10:12:04.219,0.82073,0.82079,1.12,1.50
2017.05.19 10:12:04.473,0.82071,0.82079,1.50,2.25
2017.05.19 10:12:04.985,0.82072,0.82079,1.00,1.00
2017.05.19 10:12:05.517,0.82072,0.8208,1.50,1.00
2017.05.19 10:12:07.694,0.82073,0.8208,1.00,1.00
2017.05.19 10:12:11.540,0.82072,0.8208,1.50,1.00
2017.05.19 10:12:11.643,0.82072,0.82078,1.00,1.00
2017.05.19 10:12:11.925,0.8207,0.82077,1.50,1.00
2017.05.19 10:12:12.440,0.8207,0.82077,1.50,1.00
2017.05.19 10:12:12.845,0.82071,0.82079,1.00,1.12
2017.05.19 10:12:13.424,0.82071,0.82078,1.00,1.00
2017.05.19 10:12:14.245,0.8207,0.82078,1.00,1.50
2017.05.19 10:12:14.854,0.82069,0.82077,2.25,1.00
2017.05.19 10:12:15.867,0.8207,0.82078,2.25,1.00
2017.05.19 10:12:16.425,0.8207,0.82079,2.25,1.95
2017.05.19 10:12:18.029,0.82071,0.82079,1.00,1.50
2017.05.19 10:12:20.730,0.82071,0.82077,1.12,1.00
2017.05.19 10:12:21.287,0.82071,0.82078,1.12,1.00
2017.05.19 10:12:23.252,0.82069,0.82076,1.00,1.00
2017.05.19 10:12:23.761,0.82069,0.82077,1.00,1.00
2017.05.19 10:12:24.323,0.8207,0.82078,1.00,1.00
2017.05.19 10:12:25.204,0.8207,0.82079,1.12,1.95
2017.05.19 10:12:25.977,0.82069,0.82078,3.00,1.50
2017.05.19 10:12:26.284,0.82069,0.82076,1.00,1.00
2017.05.19 10:12:26.490,0.82069,0.82078,1.00,1.87
2017.05.19 10:12:27.287,0.8207,0.82078,1.00,1.87
2017.05.19 10:12:27.826,0.82069,0.82078,1.12,1.50
2017.05.19 10:12:28.338,0.82069,0.82078,3.37,1.12
2017.05.19 10:12:28.870,0.8207,0.82079,3.00,1.37
2017.05.19 10:12:29.537,0.82072,0.82079,1.00,1.37
2017.05.19 10:12:29.792,0.82072,0.82081,1.00,1.87
2017.05.19 10:12:30.916,0.82072,0.8208,1.50,1.00
2017.05.19 10:12:31.031,0.82075,0.82081,1.00,1.00
2017.05.19 10:12:31.084,0.82076,0.82084,1.50,1.50
2017.05.19 10:12:31.701,0.82076,0.82085,1.87,1.50
2017.05.19 10:12:32.401,0.82077,0.82085,1.95,1.00
2017.05.19 10:12:33.004,0.82078,0.82086,1.50,1.00
2017.05.19 10:12:34.244,0.82079,0.82087,1.12,1.50
2017.05.19 10:12:34.780,0.82081,0.82088,1.50,1.12
2017.05.19 10:12:35.035,0.82083,0.82092,2.25,1.87
2017.05.19 10:12:35.545,0.82085,0.82092,1.12,1.12
2017.05.19 10:12:36.104,0.82086,0.82093,1.00,1.00
2017.05.19 10:12:36.156,0.82088,0.82095,1.00,1.12
2017.05.19 10:12:36.462,0.82088,0.82093,1.00,1.00
2017.05.19 10:12:36.513,0.82086,0.82093,2.25,1.00
2017.05.19 10:12:37.074,0.82085,0.82093,1.50,1.00
2017.05.19 10:12:37.125,0.82086,0.82095,2.25,1.12
2017.05.19 10:12:37.228,0.82088,0.82093,1.00,1.00
2017.05.19 10:12:37.432,0.82085,0.82091,1.12,1.00
2017.05.19 10:12:37.534,0.82082,0.82088,1.12,1.00
2017.05.19 10:12:37.738,0.8208,0.82087,1.00,1.00
2017.05.19 10:12:37.942,0.82077,0.82086,1.87,1.00
2017.05.19 10:12:38.464,0.82076,0.82085,1.00,1.00
2017.05.19 10:12:38.710,0.82075,0.82083,1.50,1.00
2017.05.19 10:12:38.863,0.82074,0.82083,1.87,1.50
2017.05.19 10:12:39.068,0.82073,0.82081,1.12,1.04
2017.05.19 10:12:39.380,0.82076,0.82082,1.00,1.00
2017.05.19 10:12:39.432,0.82078,0.82086,1.00,1.04
2017.05.19 10:12:39.940,0.82077,0.82086,1.00,2.54
2017.05.19 10:12:40.315,0.82076,0.82083,1.00,1.04
2017.05.19 10:12:40.468,0.82074,0.82083,1.50,1.04
2017.05.19 10:12:41.446,0.82074,0.82083,1.50,1.79
2017.05.19 10:12:41.955,0.82073,0.82079,1.00,1.10
2017.05.19 10:12:42.228,0.82066,0.82076,2.25,2.24
2017.05.19 10:12:43.239,0.82066,0.82074,2.32,1.00
2017.05.19 10:12:43.341,0.82066,0.82074,1.87,1.00
2017.05.19 10:12:44.362,0.82067,0.82074,1.00,1.00
2017.05.19 10:12:44.413,0.82069,0.82075,1.00,1.00
2017.05.19 10:12:44.515,0.82069,0.82077,1.00,1.20
2017.05.19 10:12:45.025,0.8207,0.82078,1.00,1.00
2017.05.19 10:12:47.041,0.82069,0.82078,1.12,1.79
2017.05.19 10:12:47.572,0.82069,0.82078,1.37,1.79
2017.05.19 10:12:49.566,0.82069,0.82078,1.00,1.04
2017.05.19 10:12:50.113,0.8207,0.82078,1.00,1.04
2017.05.19 10:12:50.891,0.82069,0.82078,1.87,1.04
2017.05.19 10:12:51.805,0.8207,0.82078,1.00,1.79
2017.05.19 10:12:51.856,0.82072,0.82078,1.00,1.00
2017.05.19 10:12:51.907,0.82071,0.8208,1.10,2.54
2017.05.19 10:12:52.264,0.82071,0.8208,2.70,1.50
2017.05.19 10:12:53.432,0.82072,0.8208,1.00,1.12
2017.05.19 10:12:55.527,0.82071,0.8208,1.87,1.87
2017.05.19 10:12:56.167,0.82071,0.82079,1.87,1.00
2017.05.19 10:12:56.706,0.8207,0.82079,1.50,3.00
2017.05.19 10:12:57.419,0.8207,0.82078,1.12,1.12
2017.05.19 10:12:57.838,0.82068,0.82077,1.12,1.87
2017.05.19 10:12:58.428,0.82067,0.82076,1.87,1.00
2017.05.19 10:12:58.967,0.82067,0.82077,1.87,1.12
2017.05.19 10:12:59.069,0.8207,0.82077,1.00,1.87
2017.05.19 10:12:59.481,0.8207,0.82077,1.00,1.12
2017.05.19 10:13:01.819,0.82069,0.82077,1.12,1.87
2017.05.19 10:13:01.870,0.82069,0.82075,1.00,1.00
2017.05.19 10:13:01.972,0.82067,0.82074,1.00,1.00
2017.05.19 10:13:02.074,0.82065,0.82073,1.87,1.00
2017.05.19 10:13:02.620,0.82065,0.82073,1.00,1.87
2017.05.19 10:13:03.442,0.82063,0.82072,1.87,1.12
2017.05.19 10:13:04.085,0.82063,0.82072,1.87,1.87
2017.05.19 10:13:04.665,0.82062,0.82072,1.50,1.50
2017.05.19 10:13:08.179,0.82062,0.82072,1.50,1.12
2017.05.19 10:13:08.281,0.82062,0.82068,1.00,1.00
2017.05.19 10:13:08.469,0.8206,0.82067,1.87,1.00
2017.05.19 10:13:10.645,0.82058,0.82067,2.62,1.00
2017.05.19 10:13:11.154,0.82058,0.82067,1.12,1.12
2017.05.19 10:13:11.587,0.8206,0.82067,1.00,1.12
2017.05.19 10:13:12.581,0.82059,0.82066,1.00,1.00
2017.05.19 10:13:13.775,0.82059,0.82068,1.50,2.25
2017.05.19 10:13:18.682,0.8206,0.82069,1.50,1.87
2017.05.19 10:13:18.784,0.82061,0.8207,1.75,1.50
2017.05.19 10:13:19.191,0.82063,0.82072,1.12,1.12
2017.05.19 10:13:19.294,0.82065,0.82073,1.00,1.12
2017.05.19 10:13:19.905,0.82064,0.82074,1.50,1.20
2017.05.19 10:13:20.434,0.82065,0.82074,1.00,1.20
2017.05.19 10:13:21.449,0.82066,0.82074,1.00,1.12
2017.05.19 10:13:21.750,0.82068,0.82075,1.50,1.00
2017.05.19 10:13:22.899,0.82068,0.82076,1.00,1.00
2017.05.19 10:13:24.557,0.82067,0.82074,1.00,1.10
2017.05.19 10:13:24.659,0.82064,0.82073,1.87,1.00
2017.05.19 10:13:25.196,0.82064,0.82072,1.00,1.00
2017.05.19 10:13:26.007,0.82063,0.82071,1.50,1.00
2017.05.19 10:13:26.548,0.82062,0.82072,3.00,3.07
2017.05.19 10:13:26.600,0.82065,0.82072,1.00,2.25
2017.05.19 10:13:27.055,0.82064,0.82074,1.00,2.70
2017.05.19 10:13:30.392,0.82065,0.82074,1.00,2.25
2017.05.19 10:13:31.466,0.82064,0.82074,1.00,2.25
2017.05.19 10:13:31.646,0.82063,0.82071,2.32,1.00
2017.05.19 10:13:31.849,0.82062,0.8207,1.00,1.00
2017.05.19 10:13:32.343,0.8206,0.82067,1.50,1.00
2017.05.19 10:13:32.548,0.82054,0.82064,4.12,1.50
2017.05.19 10:13:33.081,0.82056,0.82063,1.00,1.00
2017.05.19 10:13:33.589,0.82055,0.82062,1.00,1.00
2017.05.19 10:13:33.786,0.82053,0.82062,1.12,1.00
2017.05.19 10:13:34.303,0.82052,0.82062,1.79,1.12
2017.05.19 10:13:34.776,0.82052,0.8206,1.04,1.50
2017.05.19 10:13:35.359,0.82052,0.82062,1.29,2.62
2017.05.19 10:13:35.461,0.82052,0.8206,1.00,1.00
2017.05.19 10:13:35.765,0.8205,0.82059,1.79,1.00
2017.05.19 10:13:36.020,0.8205,0.8206,2.54,2.70
2017.05.19 10:13:36.529,0.82052,0.82059,1.04,1.00
2017.05.19 10:13:36.635,0.82053,0.82061,1.00,1.20
2017.05.19 10:13:36.839,0.82055,0.82063,1.00,1.87
2017.05.19 10:13:37.043,0.82055,0.82066,1.87,2.70
2017.05.19 10:13:37.145,0.82055,0.82066,2.24,2.32
2017.05.19 10:13:37.556,0.82056,0.82066,2.17,1.87
2017.05.19 10:13:39.256,0.82057,0.82066,1.04,1.00
2017.05.19 10:13:41.708,0.82057,0.82066,1.29,1.00
2017.05.19 10:13:42.282,0.82057,0.82068,1.04,4.20
2017.05.19 10:13:42.801,0.82058,0.82066,1.00,1.00
2017.05.19 10:13:43.408,0.82057,0.82068,1.79,3.45
2017.05.19 10:13:44.275,0.82057,0.82068,1.79,2.32
2017.05.19 10:13:44.938,0.82062,0.82068,1.00,1.50
2017.05.19 10:13:45.468,0.82061,0.82069,1.00,1.57
2017.05.19 10:13:45.621,0.82059,0.82068,1.04,1.12
2017.05.19 10:13:45.977,0.82061,0.82069,1.00,2.25
2017.05.19 10:13:46.080,0.82062,0.8207,1.00,1.87
2017.05.19 10:13:46.588,0.82063,0.82071,1.00,2.25
2017.05.19 10:13:47.112,0.82064,0.82073,1.04,1.87
2017.05.19 10:13:48.064,0.82064,0.82072,1.04,1.00
2017.05.19 10:13:48.318,0.82062,0.8207,1.79,1.00
2017.05.19 10:13:48.471,0.82062,0.82072,1.79,1.87
2017.05.19 10:13:48.623,0.82061,0.82071,2.17,1.00
2017.05.19 10:13:48.881,0.82062,0.8207,1.00,2.70
2017.05.19 10:13:49.389,0.82062,0.8207,1.00,3.45
2017.05.19 10:13:49.440,0.8206,0.8207,1.79,3.45
2017.05.19 10:13:51.099,0.8206,0.8207,1.50,1.12
2017.05.19 10:13:54.018,0.82059,0.82069,2.54,1.00
2017.05.19 10:13:54.222,0.82059,0.82068,1.00,1.00
2017.05.19 10:13:54.797,0.82058,0.82067,1.79,1.00
2017.05.19 10:13:55.001,0.82057,0.82065,1.42,1.50
2017.05.19 10:13:55.257,0.82055,0.82064,1.42,1.00
2017.05.19 10:13:55.772,0.82054,0.82064,2.17,2.25
2017.05.19 10:13:56.432,0.82054,0.82064,1.42,3.00
2017.05.19 10:13:56.787,0.82056,0.82063,1.00,1.00
2017.05.19 10:13:57.330,0.82056,0.82065,1.42,1.12
2017.05.19 10:13:58.457,0.82056,0.82065,2.25,1.00
2017.05.19 10:13:59.880,0.82057,0.82065,1.75,1.12
2017.05.19 10:14:01.134,0.82057,0.82066,1.75,1.95
2017.05.19 10:14:02.338,0.82059,0.82068,1.87,1.50
2017.05.19 10:14:02.694,0.82061,0.82069,1.00,1.12
2017.05.19 10:14:03.204,0.82061,0.8207,1.50,2.32
2017.05.19 10:14:03.749,0.82061,0.82068,1.00,1.50
2017.05.19 10:14:04.054,0.82059,0.82067,1.00,1.50
2017.05.19 10:14:04.308,0.82058,0.82065,1.00,1.00
2017.05.19 10:14:04.900,0.82058,0.82066,1.00,1.00
2017.05.19 10:14:11.605,0.82058,0.82065,1.12,1.00
2017.05.19 10:14:11.758,0.82056,0.82065,1.00,2.25
2017.05.19 10:14:12.233,0.82056,0.82063,1.00,1.00
2017.05.19 10:14:12.538,0.82056,0.82061,1.00,1.00
2017.05.19 10:14:12.589,0.82054,0.82061,1.00,1.00
2017.05.19 10:14:13.688,0.82053,0.82061,1.12,1.00
2017.05.19 10:14:14.230,0.82052,0.82061,1.50,1.00
2017.05.19 10:14:14.768,0.82052,0.82061,1.87,1.00
2017.05.19 10:14:15.471,0.82052,0.8206,1.87,1.00
2017.05.19 10:14:16.105,0.82052,0.8206,1.50,1.00
2017.05.19 10:14:21.013,0.82052,0.82062,1.12,1.87
2017.05.19 10:14:21.790,0.82052,0.82063,2.62,2.70
2017.05.19 10:14:22.362,0.82053,0.82063,1.00,2.62
2017.05.19 10:14:24.631,0.82053,0.82062,1.00,1.00
2017.05.19 10:14:25.504,0.82054,0.82063,1.00,2.25
2017.05.19 10:14:25.762,0.82056,0.82065,1.00,1.87
2017.05.19 10:14:26.068,0.82057,0.82067,1.50,2.25
2017.05.19 10:14:26.255,0.82059,0.82067,1.00,2.25
2017.05.19 10:14:27.226,0.82059,0.82065,1.00,1.00
2017.05.19 10:14:27.277,0.82057,0.82065,1.00,1.00
2017.05.19 10:14:27.820,0.82058,0.82065,1.00,1.00
2017.05.19 10:14:28.258,0.82058,0.82062,1.00,1.00
2017.05.19 10:14:28.311,0.82054,0.82062,1.75,1.00
2017.05.19 10:14:28.514,0.82053,0.82062,1.87,1.50
2017.05.19 10:14:29.470,0.82053,0.82062,1.50,1.50
2017.05.19 10:14:30.704,0.82052,0.82062,1.12,1.00
2017.05.19 10:14:31.728,0.82052,0.82061,1.87,1.00
2017.05.19 10:14:32.338,0.82052,0.82062,1.87,1.50
2017.05.19 10:14:32.864,0.82053,0.82061,1.00,1.87
2017.05.19 10:14:33.378,0.82052,0.8206,1.50,1.00
2017.05.19 10:14:33.916,0.82053,0.8206,1.00,1.00
2017.05.19 10:14:35.144,0.82052,0.8206,1.50,1.00
2017.05.19 10:14:35.297,0.82049,0.82059,1.87,1.50
2017.05.19 10:14:39.925,0.82049,0.82058,2.32,1.00
2017.05.19 10:14:40.475,0.82049,0.82057,2.25,1.00
2017.05.19 10:14:40.977,0.8205,0.82058,1.00,1.50
2017.05.19 10:14:41.333,0.82049,0.82056,1.50,1.00
2017.05.19 10:14:41.968,0.82048,0.82056,1.87,1.00
2017.05.19 10:14:42.575,0.82049,0.82056,1.00,1.00
2017.05.19 10:14:49.035,0.8205,0.82058,1.00,1.00
2017.05.19 10:14:49.239,0.82052,0.8206,1.00,1.00
2017.05.19 10:14:49.649,0.82053,0.82061,1.37,1.00
2017.05.19 10:14:51.569,0.82053,0.82061,1.87,1.50
2017.05.19 10:14:52.975,0.82053,0.8206,1.50,1.00
2017.05.19 10:14:53.027,0.82055,0.82063,1.00,1.00
2017.05.19 10:14:53.129,0.82057,0.82064,1.00,1.12
2017.05.19 10:14:54.742,0.82056,0.82065,3.00,1.00
2017.05.19 10:14:57.570,0.82057,0.82066,1.57,1.00
2017.05.19 10:14:57.875,0.8206,0.82067,1.37,1.50
2017.05.19 10:14:58.281,0.82058,0.82066,1.37,1.50
2017.05.19 10:14:58.827,0.82057,0.82065,1.95,1.00
2017.05.19 10:15:00.195,0.82057,0.82061,1.50,1.00
2017.05.19 10:15:00.349,0.82054,0.82061,1.75,1.50
2017.05.19 10:15:00.451,0.82053,0.82061,1.37,1.50
2017.05.19 10:15:00.994,0.82051,0.8206,5.32,1.00
2017.05.19 10:15:01.381,0.82051,0.8206,1.50,1.50
2017.05.19 10:15:02.150,0.82051,0.8206,1.12,1.50
2017.05.19 10:15:02.662,0.82051,0.82059,1.00,1.00
2017.05.19 10:15:03.192,0.82051,0.8206,1.00,1.50
2017.05.19 10:15:03.665,0.82054,0.8206,1.00,1.00
2017.05.19 10:15:04.416,0.82054,0.82061,1.00,1.50
2017.05.19 10:15:04.634,0.82052,0.82061,1.00,1.50
2017.05.19 10:15:05.439,0.82052,0.8206,1.00,1.00
2017.05.19 10:15:05.753,0.82054,0.82062,1.00,1.00
2017.05.19 10:15:05.805,0.82054,0.82064,2.70,1.87
2017.05.19 10:15:05.958,0.82057,0.82065,1.00,1.50
2017.05.19 10:15:06.562,0.82058,0.82066,1.12,1.00
2017.05.19 10:15:07.072,0.82058,0.82065,1.12,1.00
2017.05.19 10:15:09.382,0.82057,0.82065,1.20,1.50
2017.05.19 10:15:10.192,0.82057,0.82064,1.20,1.00
2017.05.19 10:15:10.952,0.82056,0.82065,2.32,1.50
2017.05.19 10:15:11.489,0.82057,0.82066,1.57,1.50
2017.05.19 10:15:11.793,0.82058,0.82066,1.50,1.50
2017.05.19 10:15:12.301,0.82057,0.82065,1.37,1.50
2017.05.19 10:15:13.028,0.82057,0.82066,1.37,1.50
2017.05.19 10:15:13.547,0.82057,0.82065,1.00,1.00
2017.05.19 10:15:13.907,0.82055,0.82063,1.50,1.00
2017.05.19 10:15:14.532,0.82055,0.82063,1.00,1.50
2017.05.19 10:15:15.374,0.82056,0.82063,1.00,1.00
2017.05.19 10:15:17.267,0.82057,0.82063,1.00,1.50
2017.05.19 10:15:19.762,0.82057,0.82064,1.50,1.00
2017.05.19 10:15:20.120,0.82058,0.82065,1.50,1.00
2017.05.19 10:15:20.690,0.82058,0.82065,1.50,1.00
2017.05.19 10:15:21.531,0.82058,0.82064,1.00,1.00
2017.05.19 10:15:21.582,0.82056,0.82064,1.12,1.50
2017.05.19 10:15:22.106,0.82055,0.82063,1.12,1.00
2017.05.19 10:15:22.209,0.82055,0.82059,1.00,1.00
2017.05.19 10:15:22.260,0.82053,0.82059,1.12,1.00
2017.05.19 10:15:22.456,0.82052,0.82057,1.00,1.00
2017.05.19 10:15:22.711,0.8205,0.82058,1.00,1.12
2017.05.19 10:15:22.833,0.8205,0.82055,1.00,1.00
2017.05.19 10:15:23.036,0.82046,0.82055,3.07,1.00
2017.05.19 10:15:23.858,0.82047,0.82054,1.12,1.00
2017.05.19 10:15:26.388,0.82046,0.82055,1.37,1.00
2017.05.19 10:15:26.841,0.82046,0.82053,1.75,1.00
2017.05.19 10:15:28.315,0.82046,0.82053,1.12,1.00
2017.05.19 10:15:28.845,0.82046,0.82054,1.12,1.00
2017.05.19 10:15:33.283,0.82047,0.82054,1.00,1.50
2017.05.19 10:15:34.472,0.82046,0.82053,1.50,1.00
2017.05.19 10:15:34.726,0.82049,0.82057,1.00,1.87
2017.05.19 10:15:35.210,0.82051,0.82057,1.00,1.00
2017.05.19 10:15:35.734,0.82052,0.82058,1.00,1.00
2017.05.19 10:15:39.816,0.82053,0.82058,1.00,1.00
2017.05.19 10:15:40.534,0.82054,0.82059,1.00,1.00
2017.05.19 10:15:41.042,0.82054,0.8206,1.00,1.00
2017.05.19 10:15:44.092,0.82054,0.82059,1.00,1.00
2017.05.19 10:15:44.144,0.8205,0.82058,2.70,1.00
2017.05.19 10:15:44.297,0.82049,0.82057,1.00,1.50
2017.05.19 10:15:54.143,0.82049,0.82056,1.00,1.50
2017.05.19 10:15:54.195,0.82048,0.82054,1.75,1.00
2017.05.19 10:15:54.298,0.82047,0.82055,1.37,1.50
2017.05.19 10:15:54.800,0.82047,0.82055,1.00,2.25
2017.05.19 10:15:56.577,0.82047,0.82054,1.00,1.00
2017.05.19 10:15:57.813,0.82047,0.82051,1.00,1.00
2017.05.19 10:15:57.966,0.82042,0.8205,2.62,3.00
2017.05.19 10:15:58.017,0.82042,0.8205,1.00,3.00
2017.05.19 10:15:58.544,0.8204,0.82049,3.07,1.00
2017.05.19 10:16:00.699,0.82041,0.8205,1.57,2.25
2017.05.19 10:16:10.213,0.82041,0.82049,1.95,1.00
2017.05.19 10:16:10.787,0.82041,0.82048,1.95,1.00
2017.05.19 10:16:17.244,0.82041,0.82048,2.62,1.00
2017.05.19 10:16:17.451,0.82041,0.82048,1.10,1.00
2017.05.19 10:16:17.779,0.82039,0.82046,2.62,1.79
2017.05.19 10:16:17.941,0.82036,0.82044,2.70,1.00
2017.05.19 10:16:18.043,0.82039,0.82046,1.00,1.00
2017.05.19 10:16:18.298,0.82039,0.82048,2.32,1.00
2017.05.19 10:16:20.131,0.82039,0.82048,1.87,1.50
2017.05.19 10:16:20.630,0.82039,0.82046,1.50,1.00
2017.05.19 10:16:21.164,0.82037,0.82045,2.32,1.00
2017.05.19 10:16:21.667,0.82037,0.82046,2.32,1.00
2017.05.19 10:16:24.330,0.82038,0.82046,1.95,1.00
2017.05.19 10:16:24.911,0.82039,0.82047,1.12,1.00
2017.05.19 10:16:25.592,0.8204,0.82047,1.00,1.00
2017.05.19 10:16:27.826,0.82038,0.82047,3.45,1.00
2017.05.19 10:16:34.197,0.82038,0.82048,2.70,1.50
2017.05.19 10:16:39.161,0.82039,0.82047,1.12,1.00
2017.05.19 10:16:40.063,0.82039,0.82049,1.87,2.25
2017.05.19 10:16:40.996,0.82039,0.82048,1.87,1.00
2017.05.19 10:16:41.605,0.82038,0.82048,1.50,1.10
2017.05.19 10:16:42.038,0.82038,0.82046,1.00,1.00
2017.05.19 10:16:42.343,0.82035,0.82042,1.00,1.00
2017.05.19 10:16:42.487,0.82033,0.82041,1.87,1.00
2017.05.19 10:16:42.690,0.82031,0.82039,1.50,1.00
2017.05.19 10:16:44.278,0.8203,0.82039,1.20,1.00
2017.05.19 10:16:44.596,0.8203,0.82039,1.95,1.00
2017.05.19 10:16:45.102,0.8203,0.82039,1.95,1.00
2017.05.19 10:16:49.089,0.82031,0.82039,1.20,1.50
2017.05.19 10:16:51.009,0.82031,0.8204,1.07,1.50
2017.05.19 10:16:51.549,0.82029,0.82039,6.82,1.00
2017.05.19 10:16:52.057,0.82031,0.8204,1.20,1.50
2017.05.19 10:16:52.704,0.82031,0.82041,1.50,2.25
2017.05.19 10:16:53.011,0.82032,0.82038,1.00,1.00
2017.05.19 10:16:53.063,0.82032,0.8204,1.00,1.00
2017.05.19 10:16:53.540,0.8203,0.82037,3.75,1.50
2017.05.19 10:16:53.744,0.82025,0.82033,1.75,1.00
2017.05.19 10:16:53.846,0.82025,0.82032,1.57,1.00
2017.05.19 10:16:53.958,0.82025,0.8203,1.20,1.00
2017.05.19 10:16:54.010,0.82022,0.82028,1.12,1.00
2017.05.19 10:16:54.061,0.82019,0.82026,2.70,1.00
2017.05.19 10:16:54.113,0.82019,0.82026,1.20,1.00
2017.05.19 10:16:54.164,0.82019,0.82028,2.32,1.50
2017.05.19 10:16:54.697,0.82019,0.82028,1.85,1.50
2017.05.19 10:16:55.286,0.82019,0.82028,1.57,1.50
2017.05.19 10:16:58.617,0.82019,0.82029,2.70,1.00
2017.05.19 10:16:58.821,0.82022,0.82032,2.70,3.00
2017.05.19 10:16:59.024,0.82022,0.82032,4.57,2.25
2017.05.19 10:16:59.387,0.82023,0.8203,1.00,1.00
2017.05.19 10:16:59.540,0.8202,0.82028,3.07,1.00
2017.05.19 10:16:59.817,0.8202,0.82028,3.45,1.00
2017.05.19 10:17:00.591,0.82023,0.82028,1.00,1.00
2017.05.19 10:17:00.693,0.82024,0.8203,1.00,1.00
2017.05.19 10:17:00.744,0.82025,0.82032,1.00,1.12
2017.05.19 10:17:02.214,0.82026,0.82034,1.00,1.67
2017.05.19 10:17:03.241,0.82026,0.82034,1.00,1.50
2017.05.19 10:17:03.343,0.82028,0.82034,1.00,1.50
2017.05.19 10:17:03.447,0.8203,0.82037,1.00,1.05
2017.05.19 10:17:03.498,0.82032,0.82038,1.00,1.80
2017.05.19 10:17:04.102,0.82032,0.82038,1.00,1.42
2017.05.19 10:17:04.477,0.82034,0.82038,1.00,1.00
2017.05.19 10:17:04.698,0.82034,0.8204,1.00,1.50
2017.05.19 10:17:05.555,0.82034,0.82041,1.00,1.87
2017.05.19 10:17:06.073,0.82033,0.82041,1.00,1.87
2017.05.19 10:17:11.613,0.82033,0.82042,1.00,1.87
2017.05.19 10:17:11.967,0.82033,0.82041,1.00,1.67
2017.05.19 10:17:13.469,0.82033,0.82041,1.00,1.50
2017.05.19 10:17:14.102,0.82033,0.82042,1.50,1.00
2017.05.19 10:17:14.639,0.82034,0.82042,1.00,1.42
2017.05.19 10:17:15.655,0.82038,0.82045,1.00,1.05
2017.05.19 10:17:15.758,0.82035,0.82043,1.20,2.17
2017.05.19 10:17:15.809,0.82034,0.8204,1.45,1.00
2017.05.19 10:17:15.963,0.82032,0.82041,1.12,2.17
2017.05.19 10:17:16.116,0.82031,0.82037,2.32,1.00
2017.05.19 10:17:16.320,0.82027,0.82037,3.37,1.42
2017.05.19 10:17:16.371,0.82027,0.82037,1.12,1.42
2017.05.19 10:17:16.877,0.82027,0.82036,1.87,1.00
2017.05.19 10:17:17.511,0.82027,0.82037,1.50,1.42
2017.05.19 10:17:18.037,0.82027,0.82036,2.25,1.00
2017.05.19 10:17:19.266,0.82027,0.82035,1.87,1.00
2017.05.19 10:17:19.793,0.82026,0.82035,1.10,1.00
2017.05.19 10:17:20.307,0.82027,0.82035,1.00,1.00
2017.05.19 10:17:21.267,0.82027,0.82036,1.10,1.50
2017.05.19 10:17:23.856,0.82028,0.82036,1.00,1.00
2017.05.19 10:17:24.656,0.82028,0.82036,1.37,1.00
2017.05.19 10:17:25.554,0.82029,0.82037,1.12,1.50
2017.05.19 10:17:30.328,0.82028,0.82036,1.20,1.00
2017.05.19 10:17:32.038,0.82027,0.82035,1.12,1.00
2017.05.19 10:17:32.242,0.82026,0.82033,1.50,1.00
2017.05.19 10:17:32.344,0.82025,0.82032,1.12,1.00
2017.05.19 10:17:32.877,0.82024,0.82032,1.12,1.50
2017.05.19 10:17:34.882,0.82023,0.82031,1.95,1.00
2017.05.19 10:17:42.452,0.82024,0.82032,1.87,1.50
2017.05.19 10:17:47.926,0.82026,0.82032,1.00,1.00
2017.05.19 10:17:48.028,0.82027,0.82034,1.50,1.00
2017.05.19 10:17:48.079,0.82029,0.82035,1.00,2.62
2017.05.19 10:17:48.232,0.8203,0.82036,1.00,1.00
2017.05.19 10:17:48.334,0.8203,0.82038,1.00,1.87
2017.05.19 10:17:50.465,0.8203,0.82038,1.00,3.37
2017.05.19 10:17:50.999,0.8203,0.82038,1.50,1.50
2017.05.19 10:17:51.658,0.82031,0.82038,1.00,1.00
2017.05.19 10:17:51.709,0.82033,0.82038,1.00,1.00
2017.05.19 10:17:51.811,0.82032,0.8204,1.10,1.87
2017.05.19 10:17:52.014,0.82031,0.82038,2.25,1.00
2017.05.19 10:17:52.116,0.82031,0.82038,1.12,1.50
2017.05.19 10:17:52.624,0.8203,0.82038,1.00,1.50
2017.05.19 10:17:52.827,0.82028,0.82036,1.00,1.00
2017.05.19 10:17:56.818,0.82028,0.82036,1.50,2.25
2017.05.19 10:17:57.406,0.82027,0.82035,1.12,1.00
2017.05.19 10:17:58.271,0.82028,0.82036,1.00,1.00
2017.05.19 10:17:59.271,0.82027,0.82036,1.12,1.50
2017.05.19 10:17:59.939,0.82027,0.82036,1.12,1.50
2017.05.19 10:18:00.322,0.82029,0.82036,1.00,1.50
2017.05.19 10:18:01.032,0.82029,0.82036,1.00,1.50
2017.05.19 10:18:01.553,0.82029,0.82035,1.00,1.00
2017.05.19 10:18:02.267,0.82028,0.82037,1.00,1.87
2017.05.19 10:18:02.775,0.82029,0.82038,1.87,2.62
2017.05.19 10:18:03.722,0.8203,0.82038,1.00,1.87
2017.05.19 10:18:04.226,0.8203,0.82039,1.87,1.87
2017.05.19 10:18:04.790,0.82033,0.82039,1.00,1.00
2017.05.19 10:18:04.944,0.82033,0.82041,1.00,2.62
2017.05.19 10:18:05.554,0.82034,0.82041,1.00,1.00
2017.05.19 10:18:06.213,0.82033,0.82042,1.00,2.62
2017.05.19 10:18:07.564,0.82034,0.82042,1.00,1.12
2017.05.19 10:18:08.490,0.82033,0.82042,2.62,1.12
2017.05.19 10:18:09.788,0.82033,0.82043,3.37,1.87
2017.05.19 10:18:10.327,0.82034,0.82042,1.00,1.00
2017.05.19 10:18:10.595,0.82036,0.82042,1.00,1.50
2017.05.19 10:18:11.532,0.82033,0.82042,2.25,1.50
2017.05.19 10:18:11.728,0.82032,0.8204,1.50,1.00
2017.05.19 10:18:12.415,0.82033,0.82041,1.12,1.00
2017.05.19 10:18:12.948,0.82034,0.82042,1.00,1.12
2017.05.19 10:18:13.502,0.82034,0.82044,1.00,2.70
2017.05.19 10:18:13.853,0.82036,0.82044,1.00,2.25
2017.05.19 10:18:15.304,0.82038,0.82043,1.00,1.00
2017.05.19 10:18:15.678,0.82039,0.82046,1.00,1.00
2017.05.19 10:18:15.882,0.82039,0.82048,1.00,1.87
2017.05.19 10:18:16.389,0.82039,0.82046,1.50,1.00
2017.05.19 10:18:16.905,0.82039,0.82047,1.00,1.00
2017.05.19 10:18:18.371,0.82039,0.82048,1.00,1.12
2017.05.19 10:18:20.195,0.8204,0.82048,1.00,1.12
2017.05.19 10:18:20.719,0.82041,0.82049,1.00,1.87
2017.05.19 10:18:21.598,0.8204,0.82048,3.00,1.00
2017.05.19 10:18:22.216,0.82041,0.82049,1.12,1.12
2017.05.19 10:18:22.574,0.82039,0.82048,2.25,1.10
2017.05.19 10:18:22.676,0.82039,0.82046,1.50,1.00
2017.05.19 10:18:24.374,0.82042,0.82046,1.00,1.00
2017.05.19 10:18:24.527,0.82042,0.82051,1.50,2.25
2017.05.19 10:18:25.065,0.82042,0.82049,1.00,1.00
2017.05.19 10:18:25.421,0.8204,0.82048,1.00,1.50
2017.05.19 10:18:25.472,0.8204,0.82046,1.00,1.00
2017.05.19 10:18:25.982,0.82039,0.82046,1.00,1.00
2017.05.19 10:18:27.402,0.82037,0.82045,1.12,1.00
2017.05.19 10:18:27.504,0.82036,0.82043,1.12,1.00
2017.05.19 10:18:28.043,0.82035,0.82043,1.50,1.00
2017.05.19 10:18:28.619,0.82033,0.82042,3.00,1.00
2017.05.19 10:18:28.874,0.82031,0.8204,1.50,1.00
2017.05.19 10:18:29.410,0.82032,0.8204,1.00,1.00
2017.05.19 10:18:29.959,0.82033,0.8204,1.00,1.00
2017.05.19 10:18:30.291,0.82031,0.8204,1.50,1.50
2017.05.19 10:18:30.797,0.82032,0.8204,1.00,1.50
2017.05.19 10:18:31.339,0.82032,0.82039,1.00,1.50
2017.05.19 10:18:31.390,0.8203,0.82037,1.50,1.00
2017.05.19 10:18:31.898,0.8203,0.82039,1.87,2.25
2017.05.19 10:18:32.226,0.82029,0.82038,2.62,1.12
2017.05.19 10:18:33.126,0.8203,0.82038,1.00,1.50
2017.05.19 10:18:33.614,0.82027,0.82035,4.87,1.00
2017.05.19 10:18:33.665,0.82027,0.82034,1.87,1.00
2017.05.19 10:18:33.869,0.82024,0.82033,1.87,1.00
2017.05.19 10:18:34.123,0.82026,0.82033,1.00,1.20
2017.05.19 10:18:34.639,0.82025,0.82032,1.50,1.00
2017.05.19 10:18:34.945,0.82022,0.8203,2.25,1.00
2017.05.19 10:18:35.364,0.82021,0.8203,1.87,1.12
2017.05.19 10:18:35.874,0.82021,0.82029,1.50,1.00
2017.05.19 10:18:36.559,0.82022,0.82029,1.00,1.00
2017.05.19 10:18:36.763,0.82023,0.82031,1.00,2.25
2017.05.19 10:18:39.937,0.82023,0.82032,1.50,2.70
2017.05.19 10:18:40.439,0.82022,0.82031,1.50,1.87
2017.05.19 10:18:41.943,0.82023,0.82031,1.50,1.87
2017.05.19 10:18:42.488,0.82024,0.82032,1.00,2.25
2017.05.19 10:18:43.060,0.82024,0.82031,1.00,1.00
2017.05.19 10:18:44.149,0.82024,0.8203,1.00,1.00
2017.05.19 10:18:45.016,0.82022,0.82031,2.25,1.00
2017.05.19 10:18:46.011,0.82023,0.82031,1.00,1.20
2017.05.19 10:18:48.082,0.82024,0.82031,1.00,1.20
2017.05.19 10:18:48.588,0.82023,0.8203,1.00,1.12
2017.05.19 10:18:49.536,0.82022,0.8203,1.50,1.87
2017.05.19 10:18:50.140,0.82021,0.82029,1.50,1.50
2017.05.19 10:18:50.650,0.82021,0.82028,1.00,1.00
2017.05.19 10:18:52.863,0.82021,0.8203,1.50,1.87
2017.05.19 10:18:52.965,0.82021,0.82028,1.00,1.00
2017.05.19 10:18:53.942,0.82021,0.82029,1.00,2.25
2017.05.19 10:18:54.477,0.82021,0.82029,1.00,2.25
2017.05.19 10:18:56.786,0.82021,0.82029,1.00,1.50
2017.05.19 10:18:57.091,0.82019,0.82028,1.50,2.32
2017.05.19 10:18:58.017,0.8202,0.82028,1.00,2.32
2017.05.19 10:18:58.322,0.82018,0.82025,1.50,1.50
2017.05.19 10:19:00.297,0.82019,0.82026,1.00,1.00
2017.05.19 10:19:00.450,0.82019,0.82028,1.50,1.50
2017.05.19 10:19:00.968,0.8202,0.82028,2.25,1.00
2017.05.19 10:19:01.491,0.82021,0.82029,1.00,1.12
2017.05.19 10:19:02.147,0.82021,0.82028,1.00,1.00
2017.05.19 10:19:02.654,0.8202,0.82028,1.00,2.62
2017.05.19 10:19:04.561,0.82019,0.82027,2.25,1.00
2017.05.19 10:19:07.058,0.82018,0.82024,1.37,1.00
2017.05.19 10:19:07.160,0.82017,0.82024,1.12,1.00
2017.05.19 10:19:07.364,0.82015,0.82024,1.50,2.25
2017.05.19 10:19:07.466,0.82018,0.82024,1.00,1.00
2017.05.19 10:19:07.771,0.82021,0.82027,1.50,1.00
2017.05.19 10:19:12.621,0.82021,0.82028,1.00,1.12
2017.05.19 10:19:13.141,0.82021,0.8203,1.00,2.70
2017.05.19 10:19:14.194,0.8202,0.82029,1.50,1.10
2017.05.19 10:19:15.714,0.82021,0.82029,1.00,1.10
2017.05.19 10:19:16.255,0.82021,0.8203,1.50,2.70
2017.05.19 10:19:17.067,0.82022,0.8203,1.00,2.70
2017.05.19 10:19:18.113,0.82023,0.8203,1.00,2.70
2017.05.19 10:19:19.267,0.82022,0.82031,1.50,1.87
2017.05.19 10:19:19.573,0.82021,0.82029,1.00,1.57
2017.05.19 10:19:20.802,0.82023,0.82031,1.00,1.50
2017.05.19 10:19:21.259,0.82023,0.82032,1.00,3.45
2017.05.19 10:19:22.726,0.82023,0.82031,1.00,1.00
2017.05.19 10:19:23.230,0.82023,0.8203,1.00,1.00
2017.05.19 10:19:23.767,0.82021,0.82028,1.00,1.00
2017.05.19 10:19:24.106,0.82019,0.82027,1.00,1.57
2017.05.19 10:19:24.698,0.82018,0.82027,1.50,1.95
2017.05.19 10:19:25.217,0.82018,0.82026,1.50,1.00
2017.05.19 10:19:26.279,0.82018,0.82027,1.50,1.20
2017.05.19 10:19:27.573,0.82019,0.82027,1.00,1.00
2017.05.19 10:19:28.456,0.82018,0.82027,3.00,1.00
2017.05.19 10:19:29.457,0.8202,0.82027,1.00,1.00
2017.05.19 10:19:29.986,0.8202,0.82026,1.00,1.00
2017.05.19 10:19:32.507,0.82019,0.82026,1.00,1.00
2017.05.19 10:19:36.029,0.82019,0.82027,1.00,1.00
2017.05.19 10:19:36.679,0.82019,0.82028,1.00,1.50
2017.05.19 10:19:43.277,0.82019,0.82027,1.00,1.00
2017.05.19 10:19:43.823,0.8202,0.82028,1.00,1.50
2017.05.19 10:19:47.229,0.82019,0.82028,1.50,1.50
2017.05.19 10:19:53.295,0.82019,0.82027,1.00,1.00
2017.05.19 10:19:54.032,0.82019,0.82028,1.00,2.25
2017.05.19 10:19:54.367,0.82024,0.82032,1.00,2.62
2017.05.19 10:19:54.419,0.82025,0.82032,1.00,1.87
2017.05.19 10:19:55.143,0.82026,0.82032,1.00,1.12
2017.05.19 10:19:56.238,0.82026,0.82033,1.00,1.00
2017.05.19 10:19:56.758,0.82026,0.82034,1.00,1.00
2017.05.19 10:19:57.755,0.82028,0.82034,1.00,1.12
2017.05.19 10:19:58.305,0.82029,0.82038,1.00,5.25
2017.05.19 10:19:59.051,0.8203,0.82038,1.00,5.25
2017.05.19 10:19:59.205,0.82028,0.82037,2.32,1.75
2017.05.19 10:20:00.663,0.82028,0.82036,2.32,1.00
2017.05.19 10:20:01.421,0.82028,0.82037,2.70,1.04
2017.05.19 10:20:02.124,0.82029,0.82038,1.12,2.25
2017.05.19 10:20:03.880,0.82028,0.82037,3.07,1.00
2017.05.19 10:20:05.807,0.82028,0.82037,2.32,1.00
2017.05.19 10:20:08.130,0.8203,0.82036,1.00,1.00
2017.05.19 10:20:08.637,0.82028,0.82036,2.25,1.00
2017.05.19 10:20:10.078,0.82034,0.82039,1.00,1.37
2017.05.19 10:20:10.180,0.82034,0.82042,1.00,2.25
2017.05.19 10:20:10.838,0.82034,0.82042,1.87,1.00
2017.05.19 10:20:11.382,0.82035,0.82043,1.00,1.50
2017.05.19 10:20:11.930,0.82034,0.82043,1.87,1.50
2017.05.19 10:20:17.531,0.82034,0.82042,1.12,1.00
2017.05.19 10:20:18.176,0.82033,0.82042,2.62,1.00
2017.05.19 10:20:18.715,0.82033,0.82042,2.62,1.00
2017.05.19 10:20:19.318,0.82033,0.82042,2.25,1.00
2017.05.19 10:20:21.088,0.82037,0.82042,1.00,1.00
2017.05.19 10:20:21.190,0.82037,0.82045,1.00,1.87
2017.05.19 10:20:21.693,0.82035,0.82045,3.00,1.50
2017.05.19 10:20:22.136,0.82035,0.82043,1.00,1.00
2017.05.19 10:20:22.441,0.82032,0.8204,4.95,1.00
2017.05.19 10:20:22.493,0.82033,0.8204,1.00,1.00
2017.05.19 10:20:23.009,0.82032,0.8204,2.25,1.00
2017.05.19 10:20:23.674,0.82031,0.8204,1.00,1.87
2017.05.19 10:20:24.251,0.82031,0.82039,1.00,1.00
2017.05.19 10:20:26.284,0.8203,0.82039,1.87,2.25
2017.05.19 10:20:26.386,0.8203,0.82039,2.25,2.25
2017.05.19 10:20:26.927,0.8203,0.82037,1.50,1.00
2017.05.19 10:20:26.978,0.82028,0.82037,2.32,1.00
2017.05.19 10:20:27.377,0.82027,0.82036,1.87,1.00
2017.05.19 10:20:28.065,0.82027,0.82037,2.62,1.87
2017.05.19 10:20:28.575,0.82027,0.82037,2.25,2.62
2017.05.19 10:20:29.729,0.82027,0.82036,2.25,1.00
2017.05.19 10:20:30.261,0.82028,0.82037,1.00,1.87
2017.05.19 10:20:31.419,0.8203,0.82037,1.00,1.50
2017.05.19 10:20:31.725,0.82032,0.82038,1.50,1.00
2017.05.19 10:20:31.827,0.82031,0.8204,3.00,1.00
2017.05.19 10:20:31.878,0.82031,0.82038,1.50,1.10
2017.05.19 10:20:32.135,0.82029,0.82038,2.25,1.00
2017.05.19 10:20:32.660,0.82029,0.82037,1.00,2.25
2017.05.19 10:20:33.103,0.82031,0.82037,1.00,1.50
2017.05.19 10:20:33.306,0.82032,0.82039,1.00,1.12
2017.05.19 10:20:33.408,0.82034,0.8204,1.00,1.12
2017.05.19 10:20:33.604,0.82034,0.82042,1.12,1.87
2017.05.19 10:20:35.903,0.82034,0.82041,1.00,1.00
2017.05.19 10:20:36.541,0.82036,0.82041,1.00,1.00
2017.05.19 10:20:36.744,0.82039,0.82047,1.12,4.50
2017.05.19 10:20:36.795,0.8204,0.82047,1.00,1.87
2017.05.19 10:20:36.847,0.82042,0.82047,1.00,1.12
2017.05.19 10:20:37.398,0.82042,0.8205,1.50,2.25
2017.05.19 10:20:37.500,0.82044,0.8205,1.00,2.25
2017.05.19 10:20:37.552,0.82042,0.82049,1.00,1.00
2017.05.19 10:20:38.720,0.82042,0.82049,1.50,1.00
2017.05.19 10:20:44.199,0.82041,0.82048,1.50,1.00
2017.05.19 10:20:44.250,0.82041,0.82046,1.50,1.00
2017.05.19 10:20:44.657,0.82041,0.82049,1.50,1.12
2017.05.19 10:20:45.188,0.82041,0.82048,1.00,1.12
2017.05.19 10:20:45.619,0.8204,0.82048,1.75,1.12
2017.05.19 10:20:45.721,0.82041,0.82049,1.00,2.25
2017.05.19 10:20:46.237,0.82042,0.82049,1.00,1.00
2017.05.19 10:20:46.768,0.82042,0.82048,1.00,1.00
2017.05.19 10:20:48.084,0.8204,0.82048,2.25,1.00
2017.05.19 10:20:48.441,0.82042,0.8205,1.50,1.50
2017.05.19 10:20:48.916,0.8204,0.82047,1.87,1.00
2017.05.19 10:20:49.223,0.82038,0.82045,1.00,1.10
2017.05.19 10:20:49.325,0.82036,0.82045,1.50,1.47
2017.05.19 10:20:49.842,0.82037,0.82045,1.00,1.12
2017.05.19 10:20:52.529,0.82038,0.82045,1.00,1.87
2017.05.19 10:20:52.739,0.8204,0.82045,1.00,1.00
2017.05.19 10:20:52.841,0.8204,0.82047,1.00,2.25
2017.05.19 10:20:54.749,0.8204,0.82046,1.00,1.00
2017.05.19 10:20:54.953,0.82042,0.82048,1.00,1.12
2017.05.19 10:20:55.462,0.82042,0.82049,1.00,1.50
2017.05.19 10:20:56.415,0.82043,0.8205,1.00,1.12
2017.05.19 10:20:56.821,0.82043,0.82052,1.00,2.32
2017.05.19 10:20:57.357,0.82043,0.82052,1.00,2.32
2017.05.19 10:20:57.926,0.82044,0.82052,1.00,2.32
2017.05.19 10:21:00.051,0.82043,0.82051,1.00,1.12
2017.05.19 10:21:00.256,0.82041,0.8205,1.12,1.50
2017.05.19 10:21:00.358,0.82041,0.82048,1.00,1.00
2017.05.19 10:21:00.817,0.82039,0.82044,1.00,1.00
2017.05.19 10:21:00.919,0.82037,0.82045,1.87,1.45
2017.05.19 10:21:01.132,0.82035,0.82044,1.10,1.00
2017.05.19 10:21:01.387,0.82034,0.82044,2.54,3.37
2017.05.19 10:21:01.489,0.82036,0.82044,1.00,1.50
2017.05.19 10:21:02.030,0.82036,0.82045,1.00,1.50
2017.05.19 10:21:02.826,0.82035,0.82043,1.50,1.00
2017.05.19 10:21:03.439,0.82036,0.82043,1.00,1.00
2017.05.19 10:21:04.062,0.82035,0.82043,1.50,1.50
2017.05.19 10:21:04.610,0.82035,0.82044,1.50,1.12
2017.05.19 10:21:09.600,0.82034,0.82043,2.25,1.00
2017.05.19 10:21:10.550,0.82034,0.82043,1.50,1.37
2017.05.19 10:21:10.703,0.82034,0.82044,1.95,1.12
2017.05.19 10:21:10.806,0.82037,0.82044,1.00,1.87
2017.05.19 10:21:11.185,0.82031,0.8204,1.00,3.00
2017.05.19 10:21:11.841,0.8203,0.82039,2.32,1.12
2017.05.19 10:21:12.410,0.82032,0.82039,1.00,1.00
2017.05.19 10:21:13.526,0.82034,0.82043,1.50,1.50
2017.05.19 10:21:13.577,0.82035,0.82043,1.00,1.50
2017.05.19 10:21:13.679,0.82036,0.82045,1.00,1.12
2017.05.19 10:21:14.486,0.82036,0.82044,1.50,1.00
2017.05.19 10:21:14.904,0.82039,0.82046,1.50,1.00
2017.05.19 10:21:15.108,0.8204,0.82049,1.12,1.50
2017.05.19 10:21:15.617,0.82041,0.82051,1.50,2.62
2017.05.19 10:21:15.719,0.82046,0.82051,1.00,1.12
2017.05.19 10:21:15.876,0.82047,0.82055,1.00,1.00
2017.05.19 10:21:16.408,0.82048,0.82055,1.50,1.00
2017.05.19 10:21:16.663,0.82046,0.82055,2.54,1.00
2017.05.19 10:21:17.201,0.82047,0.82054,1.00,1.50
2017.05.19 10:21:17.392,0.82045,0.82054,3.00,1.50
2017.05.19 10:21:17.443,0.82045,0.82052,1.12,1.50
2017.05.19 10:21:17.952,0.82045,0.82051,1.00,1.00
2017.05.19 10:21:18.377,0.82045,0.82053,1.50,1.87
2017.05.19 10:21:18.957,0.82044,0.82053,1.50,1.87
2017.05.19 10:21:19.339,0.82049,0.82053,1.00,1.12
2017.05.19 10:21:19.492,0.82049,0.82058,2.25,1.00
2017.05.19 10:21:20.035,0.82049,0.82057,1.00,1.87
2017.05.19 10:21:20.239,0.82048,0.82055,1.00,1.50
2017.05.19 10:21:20.764,0.82048,0.82056,1.00,1.00
2017.05.19 10:21:21.330,0.82049,0.82056,1.00,1.00
2017.05.19 10:21:21.941,0.82049,0.82056,1.00,1.50
2017.05.19 10:21:22.580,0.8205,0.82056,1.00,2.25
2017.05.19 10:21:23.261,0.8205,0.82056,1.00,1.00
2017.05.19 10:21:24.169,0.82053,0.82057,1.00,1.12
2017.05.19 10:21:24.325,0.82054,0.82058,1.00,1.00
2017.05.19 10:21:24.377,0.82052,0.82058,1.87,1.00
2017.05.19 10:21:24.685,0.82053,0.8206,1.00,1.50
2017.05.19 10:21:25.241,0.82054,0.8206,1.00,1.00
2017.05.19 10:21:25.763,0.82055,0.8206,1.00,1.00
2017.05.19 10:21:26.251,0.82054,0.82062,1.50,1.57
2017.05.19 10:21:26.373,0.82053,0.8206,2.62,1.00
2017.05.19 10:21:26.904,0.82054,0.82059,1.50,1.00
2017.05.19 10:21:27.928,0.82054,0.8206,1.50,1.00
2017.05.19 10:21:29.240,0.82054,0.82062,2.25,1.00
2017.05.19 10:21:29.887,0.82055,0.82061,1.00,1.00
2017.05.19 10:21:32.338,0.82055,0.8206,1.12,1.00
2017.05.19 10:21:32.893,0.82054,0.8206,1.00,1.00
2017.05.19 10:21:33.422,0.82054,0.82062,1.00,1.50
2017.05.19 10:21:35.903,0.82055,0.82062,1.00,1.00
2017.05.19 10:21:38.045,0.82055,0.82063,1.50,1.50
2017.05.19 10:21:38.607,0.82055,0.82061,1.50,1.00
2017.05.19 10:21:38.915,0.82049,0.82057,1.37,1.95
2017.05.19 10:21:39.068,0.82049,0.82056,1.00,1.00
2017.05.19 10:21:39.595,0.8205,0.82056,1.00,1.50
2017.05.19 10:21:40.361,0.8205,0.82058,1.00,1.50
2017.05.19 10:21:40.514,0.82048,0.82056,1.75,1.00
2017.05.19 10:21:40.799,0.82042,0.8205,1.50,1.00
2017.05.19 10:21:40.951,0.82042,0.82048,1.00,1.00
2017.05.19 10:21:41.256,0.82042,0.82046,1.00,1.00
2017.05.19 10:21:41.358,0.82042,0.82049,1.00,1.00
2017.05.19 10:21:42.161,0.82042,0.8205,1.00,1.50
2017.05.19 10:21:42.942,0.82043,0.8205,1.00,1.00
2017.05.19 10:21:43.447,0.82045,0.82051,1.00,1.00
2017.05.19 10:21:44.085,0.82045,0.82052,1.00,1.50
2017.05.19 10:21:46.154,0.82049,0.82053,1.50,1.00
2017.05.19 10:21:46.493,0.82057,0.82063,1.00,1.00
2017.05.19 10:21:46.849,0.82053,0.82061,2.25,1.00
2017.05.19 10:21:46.951,0.82053,0.82061,1.12,1.87
2017.05.19 10:21:47.343,0.82052,0.82059,1.00,1.00
2017.05.19 10:21:47.873,0.82053,0.8206,2.25,1.00
2017.05.19 10:21:49.164,0.82054,0.82061,1.00,1.50
2017.05.19 10:21:50.789,0.82055,0.82061,1.00,1.00
2017.05.19 10:21:51.088,0.82057,0.82064,1.00,1.50
2017.05.19 10:21:51.294,0.82059,0.82066,1.00,1.37
2017.05.19 10:21:51.396,0.8206,0.82067,1.00,1.87
2017.05.19 10:21:51.947,0.8206,0.82068,1.50,1.00
2017.05.19 10:21:52.203,0.8206,0.82066,1.00,1.00
2017.05.19 10:21:52.515,0.82058,0.82064,1.00,1.00
2017.05.19 10:21:53.844,0.82059,0.82064,1.00,1.00
2017.05.19 10:21:54.409,0.8206,0.82065,1.00,1.00
2017.05.19 10:21:55.054,0.8206,0.82066,1.00,1.50
2017.05.19 10:21:55.714,0.8206,0.82067,1.00,1.50
2017.05.19 10:21:56.240,0.82064,0.82068,1.00,1.00
2017.05.19 10:21:56.544,0.82074,0.82081,1.00,3.45
2017.05.19 10:21:57.003,0.82077,0.82081,1.00,1.00
2017.05.19 10:21:57.106,0.82077,0.82083,1.00,1.00
2017.05.19 10:21:57.607,0.82077,0.82084,1.00,1.00
2017.05.19 10:21:58.270,0.82077,0.82083,1.00,1.00
2017.05.19 10:21:58.759,0.82077,0.82085,1.00,2.62
2017.05.19 10:21:59.249,0.8208,0.82087,1.00,2.62
2017.05.19 10:21:59.793,0.82081,0.82087,1.00,1.87
2017.05.19 10:22:00.373,0.82081,0.82088,1.00,1.00
2017.05.19 10:22:00.958,0.82082,0.82088,1.00,1.12
2017.05.19 10:22:01.586,0.82083,0.82089,1.00,1.37
2017.05.19 10:22:02.113,0.82083,0.82089,1.00,1.00
2017.05.19 10:22:02.760,0.82085,0.82089,1.00,1.00
2017.05.19 10:22:03.763,0.82083,0.82089,1.50,1.00
2017.05.19 10:22:04.278,0.82082,0.82088,1.00,1.12
2017.05.19 10:22:04.776,0.82085,0.82091,1.00,2.62
2017.05.19 10:22:04.981,0.82089,0.82094,1.00,1.87
2017.05.19 10:22:05.032,0.82087,0.82094,1.87,1.50
2017.05.19 10:22:05.134,0.82089,0.82096,1.00,3.00
2017.05.19 10:22:05.186,0.82091,0.82097,1.00,1.95
2017.05.19 10:22:05.288,0.82089,0.82097,1.00,1.87
2017.05.19 10:22:05.530,0.82089,0.82096,1.00,1.37
2017.05.19 10:22:07.049,0.82086,0.82093,1.00,1.00
2017.05.19 10:22:07.102,0.82082,0.82088,1.50,1.00
2017.05.19 10:22:07.205,0.82079,0.82086,1.00,1.00
2017.05.19 10:22:07.408,0.82077,0.82085,1.00,1.12
2017.05.19 10:22:07.459,0.82076,0.82083,1.00,1.00
2017.05.19 10:22:07.765,0.82075,0.82083,1.00,2.25
2017.05.19 10:22:08.094,0.82078,0.82082,1.00,1.00
2017.05.19 10:22:11.365,0.82075,0.8208,1.00,1.00
2017.05.19 10:22:11.899,0.82076,0.8208,1.00,1.12
2017.05.19 10:22:12.204,0.82077,0.82083,1.00,1.50
2017.05.19 10:22:12.584,0.82078,0.82084,1.00,1.87
2017.05.19 10:22:14.951,0.82078,0.82083,1.00,1.00
2017.05.19 10:22:15.458,0.82078,0.82084,1.00,1.12
2017.05.19 10:22:16.952,0.82077,0.82084,1.00,1.12
2017.05.19 10:22:17.473,0.82078,0.82086,1.00,1.50
2017.05.19 10:22:18.003,0.82078,0.82086,1.50,1.50
2017.05.19 10:22:18.539,0.82078,0.82086,1.00,1.50
2017.05.19 10:22:19.049,0.82078,0.82084,1.00,1.00
2017.05.19 10:22:19.544,0.82077,0.82086,1.50,1.87
2017.05.19 10:22:23.344,0.82077,0.82085,1.00,1.00
2017.05.19 10:22:23.468,0.82075,0.82083,1.12,1.50
2017.05.19 10:22:23.622,0.82073,0.82082,1.50,2.25
2017.05.19 10:22:24.500,0.82073,0.82081,1.00,1.00
2017.05.19 10:22:25.016,0.82074,0.82083,1.00,2.32
2017.05.19 10:22:25.323,0.82077,0.82084,1.00,1.00
2017.05.19 10:22:25.426,0.82077,0.82086,1.50,1.87
2017.05.19 10:22:25.846,0.82079,0.82087,1.00,1.50
2017.05.19 10:22:26.257,0.82077,0.82087,1.87,1.20
2017.05.19 10:22:26.895,0.82077,0.82085,1.50,1.12
2017.05.19 10:22:28.977,0.82077,0.82084,1.50,1.00
2017.05.19 10:22:29.875,0.82077,0.82086,1.50,2.32
2017.05.19 10:22:30.261,0.82079,0.82087,1.00,2.25
2017.05.19 10:22:30.777,0.82079,0.82086,1.00,1.87
2017.05.19 10:22:31.226,0.82077,0.82086,2.25,1.87
2017.05.19 10:22:31.731,0.82078,0.82086,1.00,1.12
2017.05.19 10:22:35.077,0.82078,0.82087,1.00,2.70
2017.05.19 10:22:35.129,0.8208,0.82087,1.00,1.47
2017.05.19 10:22:35.231,0.8208,0.82088,1.00,1.50
2017.05.19 10:22:35.811,0.82081,0.82088,1.00,1.00
2017.05.19 10:22:36.046,0.8208,0.82085,1.00,1.00
2017.05.19 10:22:36.148,0.82076,0.82083,1.37,1.00
2017.05.19 10:22:36.653,0.82076,0.82083,1.00,1.87
2017.05.19 10:22:37.306,0.82074,0.82083,2.25,1.12
2017.05.19 10:22:37.561,0.82076,0.82083,1.00,1.12
2017.05.19 10:22:37.866,0.82073,0.82079,1.00,1.00
2017.05.19 10:22:37.968,0.82071,0.8208,1.00,1.50
2017.05.19 10:22:38.172,0.82073,0.82081,1.00,1.50
2017.05.19 10:22:38.376,0.82074,0.82082,1.00,1.12
2017.05.19 10:22:38.564,0.82072,0.82079,1.50,1.00
2017.05.19 10:22:38.791,0.82072,0.82081,1.00,1.50
2017.05.19 10:22:39.299,0.82073,0.82081,1.00,1.50
2017.05.19 10:22:40.346,0.82072,0.82081,1.00,1.50
2017.05.19 10:22:41.118,0.82073,0.8208,1.00,1.00
2017.05.19 10:22:43.175,0.82074,0.82081,1.00,1.00
2017.05.19 10:22:43.382,0.82075,0.82083,1.00,1.87
2017.05.19 10:22:44.405,0.82075,0.8208,1.00,1.00
2017.05.19 10:22:44.456,0.82073,0.8208,1.00,1.00
2017.05.19 10:22:46.244,0.82072,0.82081,1.50,1.37
2017.05.19 10:22:46.448,0.82074,0.82081,1.00,1.37
2017.05.19 10:22:47.010,0.82074,0.82079,1.50,1.00
2017.05.19 10:22:48.901,0.82073,0.82079,1.00,1.12
2017.05.19 10:22:49.212,0.8207,0.82076,1.00,1.00
2017.05.19 10:22:49.726,0.82069,0.82076,1.00,1.12
2017.05.19 10:22:50.390,0.82069,0.82075,1.00,1.00
2017.05.19 10:22:52.280,0.82069,0.82074,1.00,1.00
2017.05.19 10:22:52.382,0.82067,0.82074,1.87,1.12
2017.05.19 10:22:53.841,0.82068,0.82076,1.00,1.37
2017.05.19 10:22:53.893,0.82068,0.82076,1.12,1.12
2017.05.19 10:22:54.148,0.82073,0.82077,1.00,1.12
2017.05.19 10:22:54.403,0.82072,0.8208,1.00,1.50
2017.05.19 10:22:55.165,0.82073,0.8208,1.00,1.00
2017.05.19 10:22:55.320,0.82074,0.82082,1.50,1.12
2017.05.19 10:22:55.523,0.82078,0.82084,1.00,1.00
2017.05.19 10:22:55.879,0.82079,0.82086,1.00,1.12
2017.05.19 10:22:56.381,0.82079,0.82087,1.50,1.12
2017.05.19 10:22:56.494,0.82081,0.82088,1.87,1.00
2017.05.19 10:22:57.005,0.82082,0.82089,1.00,1.50
2017.05.19 10:22:57.403,0.82082,0.82092,3.00,3.37
2017.05.19 10:22:57.708,0.82083,0.82088,1.00,1.00
2017.05.19 10:22:57.862,0.8208,0.82088,1.50,1.12
2017.05.19 10:22:58.234,0.8208,0.82086,1.00,1.00
2017.05.19 10:22:58.336,0.82078,0.82086,2.25,1.00
2017.05.19 10:22:58.844,0.82078,0.82087,2.62,1.50
2017.05.19 10:22:58.946,0.8208,0.82088,1.00,1.00
2017.05.19 10:22:59.477,0.8208,0.8209,2.25,2.25
2017.05.19 10:22:59.809,0.82083,0.82091,1.00,1.00
2017.05.19 10:23:00.168,0.82082,0.82091,2.25,1.87
2017.05.19 10:23:00.321,0.82082,0.82091,1.50,1.50
2017.05.19 10:23:01.371,0.82083,0.82091,1.00,1.00
2017.05.19 10:23:02.042,0.82086,0.82093,1.00,2.25
2017.05.19 10:23:02.398,0.82083,0.82092,2.62,1.12
2017.05.19 10:23:02.923,0.82084,0.82092,1.00,2.70
2017.05.19 10:23:03.452,0.82083,0.82091,1.00,1.87
2017.05.19 10:23:04.057,0.82078,0.82087,2.70,1.50
2017.05.19 10:23:04.410,0.8207,0.82077,1.12,1.00
2017.05.19 10:23:04.717,0.82067,0.82073,1.00,1.00
2017.05.19 10:23:04.768,0.82065,0.82073,1.50,1.00
2017.05.19 10:23:05.125,0.82063,0.82071,1.00,1.00
2017.05.19 10:23:05.329,0.82061,0.82071,1.50,1.12
2017.05.19 10:23:06.104,0.82061,0.82071,2.25,1.12
2017.05.19 10:23:06.613,0.82064,0.82071,1.00,1.50
2017.05.19 10:23:06.766,0.82064,0.82073,3.07,1.12
2017.05.19 10:23:06.817,0.82065,0.82074,1.57,1.00
2017.05.19 10:23:07.352,0.82066,0.82077,1.12,6.75
2017.05.19 10:23:07.930,0.82067,0.82076,1.00,1.37
2017.05.19 10:23:09.127,0.82067,0.82074,1.50,1.00
2017.05.19 10:23:10.183,0.82067,0.82075,1.12,1.12
2017.05.19 10:23:10.438,0.82064,0.82074,2.62,1.87
2017.05.19 10:23:10.984,0.82064,0.82073,1.00,1.50
2017.05.19 10:23:12.441,0.82065,0.82073,1.00,1.00
2017.05.19 10:23:14.545,0.82066,0.82073,1.00,1.00
2017.05.19 10:23:16.203,0.82066,0.82072,1.00,1.50
2017.05.19 10:23:16.255,0.82063,0.82071,2.25,1.00
2017.05.19 10:23:16.408,0.82062,0.82071,2.25,1.87
2017.05.19 10:23:16.945,0.82063,0.82071,1.00,1.37
2017.05.19 10:23:17.047,0.82064,0.82072,1.00,1.00
2017.05.19 10:23:17.561,0.82063,0.82071,1.00,1.00
2017.05.19 10:23:19.582,0.82064,0.82072,1.00,1.50
2017.05.19 10:23:21.682,0.82065,0.82072,1.00,1.12
2017.05.19 10:23:21.835,0.82066,0.82075,1.50,2.32
2017.05.19 10:23:22.320,0.82067,0.82076,1.45,1.50
2017.05.19 10:23:22.920,0.82068,0.82076,1.20,1.00
2017.05.19 10:23:23.542,0.82068,0.82076,1.50,1.37
2017.05.19 10:23:24.111,0.82068,0.82076,1.50,1.00
2017.05.19 10:23:25.001,0.82069,0.82076,1.00,1.00
2017.05.19 10:23:26.994,0.82069,0.82075,1.00,1.00
2017.05.19 10:23:30.077,0.82069,0.82076,1.12,1.00
2017.05.19 10:23:30.281,0.82072,0.82081,1.12,1.87
2017.05.19 10:23:30.333,0.82075,0.82081,1.00,1.12
2017.05.19 10:23:30.906,0.82073,0.82079,1.00,1.00
2017.05.19 10:23:30.957,0.8207,0.82078,2.32,1.00
2017.05.19 10:23:31.467,0.8207,0.82078,1.00,2.62
2017.05.19 10:23:31.992,0.82067,0.82076,1.50,1.87
2017.05.19 10:23:32.449,0.8207,0.82077,1.50,3.37
2017.05.19 10:23:32.704,0.82078,0.82086,1.50,1.50
2017.05.19 10:23:33.220,0.82078,0.82086,1.50,1.12
2017.05.19 10:23:33.801,0.82079,0.82086,1.00,1.00
2017.05.19 10:23:33.954,0.82079,0.82088,1.00,1.12
2017.05.19 10:23:34.005,0.82079,0.82086,1.12,1.00
2017.05.19 10:23:34.462,0.82077,0.82086,1.57,1.00
