2008.05.28 19:00:00.041,1.05705,1.0574,0.80,1.00
2008.05.28 19:00:00.721,1.0571,1.0574,0.80,0.70
2008.05.28 19:00:00.908,1.0571,1.0574,0.80,0.70
2008.05.28 19:00:01.000,1.05715,1.0574,0.80,1.70
2008.05.28 19:00:01.241,1.05715,1.0574,0.80,1.50
2008.05.28 19:00:01.566,1.05715,1.0574,0.80,0.50
2008.05.28 19:00:02.253,1.05715,1.0575,0.80,5.70
2008.05.28 19:00:03.612,1.05715,1.0575,0.80,1.30
2008.05.28 19:00:05.736,1.0571,1.0575,0.70,1.10
2008.05.28 19:00:06.029,1.05715,1.0575,0.80,1.20
2008.05.28 19:00:08.444,1.0572,1.0575,0.80,1.30
2008.05.28 19:00:08.771,1.0572,1.0575,0.50,1.20
2008.05.28 19:00:10.177,1.0572,1.0575,0.80,1.50
2008.05.28 19:00:10.285,1.0571,1.0575,0.60,0.60
2008.05.28 19:00:10.503,1.05715,1.0575,0.80,1.00
2008.05.28 19:00:12.922,1.05715,1.0574,0.80,0.60
2008.05.28 19:00:13.464,1.05705,1.0574,0.80,1.10
2008.05.28 19:00:13.832,1.05705,1.0575,0.80,0.50
2008.05.28 19:00:15.166,1.05705,1.0575,0.80,0.50
2008.05.28 19:00:18.231,1.05705,1.05745,0.80,0.80
2008.05.28 19:00:24.713,1.05705,1.0574,0.80,0.80
2008.05.28 19:00:24.757,1.05705,1.0574,0.80,0.50
2008.05.28 19:00:38.996,1.0571,1.0574,0.80,0.80
2008.05.28 19:00:39.068,1.0571,1.0574,1.10,0.70
2008.05.28 19:00:42.337,1.0571,1.0575,0.90,0.90
2008.05.28 19:00:55.120,1.0571,1.0575,1.00,0.60
2008.05.28 19:00:55.672,1.0571,1.0574,0.80,0.80
2008.05.28 19:00:55.774,1.0569,1.0574,0.80,0.80
2008.05.28 19:00:55.913,1.0568,1.0572,0.90,0.80
2008.05.28 19:00:56.052,1.0568,1.05715,2.40,0.80
2008.05.28 19:00:56.193,1.0568,1.05715,0.90,0.80
2008.05.28 19:00:56.482,1.0568,1.05715,0.80,0.80
2008.05.28 19:00:56.624,1.0568,1.0573,0.80,0.80
2008.05.28 19:00:56.763,1.05675,1.0573,0.80,0.80
2008.05.28 19:01:00.624,1.0568,1.0573,0.80,0.60
2008.05.28 19:01:00.664,1.05685,1.0573,0.80,0.70
2008.05.28 19:01:01.652,1.0567,1.0573,0.80,0.80
2008.05.28 19:01:01.721,1.0567,1.0573,0.60,1.10
2008.05.28 19:01:01.855,1.0568,1.0573,0.80,0.70
2008.05.28 19:01:01.972,1.0568,1.0573,1.20,1.00
2008.05.28 19:01:02.160,1.0568,1.0573,0.80,0.50
2008.05.28 19:01:02.211,1.0567,1.0573,0.80,1.00
2008.05.28 19:01:02.387,1.0567,1.0573,1.00,0.50
2008.05.28 19:01:03.732,1.05675,1.05725,0.80,0.80
2008.05.28 19:01:03.971,1.05665,1.05725,0.80,0.80
2008.05.28 19:01:04.683,1.0567,1.05725,0.80,0.80
2008.05.28 19:01:04.792,1.05665,1.05725,0.80,0.80
2008.05.28 19:01:04.902,1.0567,1.05725,0.80,0.80
2008.05.28 19:01:04.962,1.05675,1.05725,0.80,0.80
2008.05.28 19:01:06.604,1.0568,1.05735,0.80,0.80
2008.05.28 19:01:06.693,1.0568,1.05735,1.20,0.80
2008.05.28 19:01:08.371,1.0569,1.05735,0.80,0.80
2008.05.28 19:01:08.534,1.0569,1.05735,1.20,0.80
2008.05.28 19:01:08.567,1.0569,1.05735,0.90,0.80
2008.05.28 19:01:09.358,1.0569,1.05735,0.80,0.80
2008.05.28 19:01:09.521,1.0568,1.05735,0.50,0.80
2008.05.28 19:01:09.799,1.0568,1.05735,0.80,0.80
2008.05.28 19:01:09.969,1.05685,1.05735,0.80,0.80
2008.05.28 19:01:10.689,1.0568,1.05735,0.60,0.80
2008.05.28 19:01:10.831,1.0568,1.0571,0.80,0.60
2008.05.28 19:01:10.911,1.0567,1.0571,0.60,0.70
2008.05.28 19:01:10.990,1.0567,1.0571,0.80,1.80
2008.05.28 19:01:11.239,1.05665,1.05705,0.80,0.80
2008.05.28 19:01:11.485,1.05655,1.05715,0.80,0.80
2008.05.28 19:01:13.806,1.0566,1.05715,0.80,0.80
2008.05.28 19:01:13.912,1.0566,1.05715,0.50,0.80
2008.05.28 19:01:13.951,1.05665,1.05715,0.80,0.80
2008.05.28 19:01:14.017,1.0567,1.05715,0.80,0.80
2008.05.28 19:01:14.160,1.0567,1.05725,0.50,0.80
2008.05.28 19:01:14.690,1.05675,1.05725,0.80,0.80
2008.05.28 19:01:16.937,1.05675,1.05735,0.80,0.80
2008.05.28 19:01:22.450,1.0567,1.05735,0.80,0.80
2008.05.28 19:01:22.712,1.0568,1.05735,0.80,0.80
2008.05.28 19:01:22.750,1.0568,1.05735,0.90,0.80
2008.05.28 19:01:23.213,1.0568,1.0574,0.80,0.80
2008.05.28 19:01:23.251,1.0568,1.05745,0.90,0.80
2008.05.28 19:01:23.355,1.0568,1.05745,0.50,0.80
2008.05.28 19:01:23.453,1.05685,1.05755,0.80,0.80
2008.05.28 19:01:24.640,1.05685,1.0575,0.80,0.80
2008.05.28 19:01:24.741,1.05685,1.05745,0.80,0.80
2008.05.28 19:01:25.082,1.0568,1.05745,0.50,0.80
2008.05.28 19:01:25.712,1.0568,1.0574,0.50,0.80
2008.05.28 19:01:25.927,1.0568,1.05735,0.60,0.80
2008.05.28 19:01:26.171,1.0568,1.05735,0.80,0.80
2008.05.28 19:01:26.295,1.0568,1.05735,0.90,0.80
2008.05.28 19:01:26.519,1.05685,1.05745,0.80,0.80
2008.05.28 19:01:27.360,1.05685,1.0575,0.80,0.60
2008.05.28 19:01:28.727,1.05685,1.05745,0.80,0.80
2008.05.28 19:01:28.967,1.0569,1.05745,0.80,0.80
2008.05.28 19:01:29.048,1.0569,1.05745,0.50,0.80
2008.05.28 19:01:31.371,1.057,1.05745,0.80,0.80
2008.05.28 19:01:31.409,1.05705,1.05755,0.80,0.80
2008.05.28 19:01:32.149,1.057,1.05755,0.70,0.80
2008.05.28 19:01:32.383,1.057,1.05755,0.50,0.80
2008.05.28 19:01:32.507,1.057,1.05755,0.70,0.80
2008.05.28 19:01:33.124,1.057,1.05755,0.60,0.80
2008.05.28 19:01:33.254,1.057,1.0576,0.90,0.80
2008.05.28 19:01:33.447,1.057,1.0576,0.90,0.90
2008.05.28 19:01:33.666,1.057,1.05755,0.60,0.80
2008.05.28 19:01:33.857,1.057,1.05755,0.80,0.80
2008.05.28 19:01:34.053,1.057,1.0576,0.90,1.50
2008.05.28 19:01:34.245,1.057,1.0575,0.60,0.50
2008.05.28 19:01:34.368,1.057,1.0575,0.80,1.20
2008.05.28 19:01:34.705,1.057,1.0575,0.80,1.20
2008.05.28 19:01:34.825,1.0569,1.0575,0.80,0.50
2008.05.28 19:01:36.434,1.0569,1.0575,0.70,0.50
2008.05.28 19:01:36.543,1.0569,1.0575,0.90,0.60
2008.05.28 19:01:36.667,1.05695,1.0575,0.80,0.70
2008.05.28 19:01:39.145,1.057,1.0575,0.80,0.50
2008.05.28 19:01:39.306,1.057,1.0575,0.60,1.20
2008.05.28 19:02:02.945,1.057,1.0575,0.90,0.90
2008.05.28 19:02:03.205,1.057,1.05745,0.50,0.80
2008.05.28 19:02:03.599,1.057,1.05745,0.80,0.80
2008.05.28 19:02:03.897,1.0569,1.05745,1.00,0.80
2008.05.28 19:02:04.089,1.05695,1.05745,0.80,0.80
2008.05.28 19:02:04.631,1.057,1.05745,1.20,0.80
2008.05.28 19:02:08.408,1.057,1.0574,0.60,0.80
2008.05.28 19:02:08.514,1.05695,1.0574,0.80,1.80
2008.05.28 19:02:08.734,1.05695,1.05735,0.80,0.80
2008.05.28 19:02:15.358,1.057,1.05735,0.80,0.80
2008.05.28 19:02:15.438,1.057,1.0574,1.10,0.70
2008.05.28 19:02:15.483,1.057,1.05745,0.70,0.80
2008.05.28 19:02:16.575,1.057,1.05745,2.00,0.80
2008.05.28 19:02:16.821,1.057,1.05755,0.80,0.80
2008.05.28 19:02:17.795,1.05705,1.05755,0.80,0.80
2008.05.28 19:02:19.048,1.05705,1.0574,0.80,0.60
2008.05.28 19:02:19.156,1.05705,1.0574,0.80,1.90
2008.05.28 19:02:19.225,1.0569,1.05735,1.00,0.80
2008.05.28 19:02:19.286,1.0569,1.05735,0.80,0.80
2008.05.28 19:02:19.442,1.0568,1.05735,0.60,0.80
2008.05.28 19:02:19.513,1.0568,1.05735,1.50,0.80
2008.05.28 19:02:19.609,1.0569,1.05735,0.80,0.80
2008.05.28 19:02:19.680,1.0569,1.05735,0.80,0.80
2008.05.28 19:02:20.107,1.0569,1.0573,0.80,1.00
2008.05.28 19:02:22.756,1.0569,1.0573,0.60,0.50
2008.05.28 19:02:22.932,1.0569,1.05725,0.60,0.80
2008.05.28 19:02:24.211,1.0569,1.0574,1.00,0.60
2008.05.28 19:02:24.483,1.0569,1.0574,1.90,0.80
2008.05.28 19:02:24.650,1.05695,1.0574,0.80,0.50
2008.05.28 19:02:26.047,1.057,1.0574,0.80,1.00
2008.05.28 19:02:26.369,1.057,1.0574,1.20,0.90
2008.05.28 19:02:26.922,1.057,1.0574,1.20,0.80
2008.05.28 19:02:26.952,1.057,1.0575,1.00,1.00
2008.05.28 19:02:29.972,1.057,1.05745,1.10,0.80
2008.05.28 19:02:31.989,1.0571,1.05745,0.80,0.80
2008.05.28 19:02:32.248,1.0571,1.05745,0.80,0.80
2008.05.28 19:02:35.974,1.0571,1.05745,0.80,0.80
2008.05.28 19:02:36.369,1.057,1.05745,0.80,0.80
2008.05.28 19:02:37.674,1.0571,1.05745,0.80,0.80
2008.05.28 19:02:37.712,1.0571,1.05745,0.70,0.80
2008.05.28 19:02:38.398,1.0571,1.05745,0.80,0.80
2008.05.28 19:02:38.696,1.057,1.05745,1.40,0.80
2008.05.28 19:02:39.020,1.057,1.05745,0.70,0.80
2008.05.28 19:02:39.180,1.057,1.0574,1.20,0.80
2008.05.28 19:02:39.339,1.057,1.0574,0.50,0.50
2008.05.28 19:02:40.866,1.057,1.0574,0.50,0.80
2008.05.28 19:02:40.963,1.057,1.0575,0.60,1.50
2008.05.28 19:02:41.019,1.057,1.0575,1.10,1.10
2008.05.28 19:02:41.176,1.057,1.05745,1.00,0.80
2008.05.28 19:02:41.421,1.057,1.05745,1.50,0.80
2008.05.28 19:02:41.564,1.057,1.05745,1.30,0.80
2008.05.28 19:02:41.642,1.057,1.05745,1.80,0.80
2008.05.28 19:02:41.980,1.05705,1.05745,0.80,0.80
2008.05.28 19:02:43.305,1.05705,1.05745,0.80,0.80
2008.05.28 19:02:48.696,1.0571,1.05745,0.80,0.80
2008.05.28 19:02:48.726,1.0571,1.05745,1.10,0.80
2008.05.28 19:02:49.438,1.0571,1.05745,0.80,0.80
2008.05.28 19:02:49.470,1.057,1.05745,0.80,0.80
2008.05.28 19:02:49.779,1.057,1.05745,1.10,0.80
2008.05.28 19:02:59.003,1.057,1.05745,0.80,0.80
2008.05.28 19:02:59.196,1.057,1.0574,0.80,0.80
2008.05.28 19:02:59.307,1.0569,1.0574,1.30,0.80
2008.05.28 19:02:59.514,1.0569,1.0574,0.80,0.50
2008.05.28 19:03:00.245,1.0569,1.0574,0.50,0.90
2008.05.28 19:03:07.282,1.0569,1.0573,0.50,0.80
2008.05.28 19:03:07.573,1.0569,1.0573,0.60,0.90
2008.05.28 19:03:10.151,1.05695,1.0573,0.80,0.60
2008.05.28 19:03:11.658,1.05695,1.0573,0.80,0.80
2008.05.28 19:03:11.817,1.05695,1.0574,0.80,0.70
2008.05.28 19:03:13.558,1.05695,1.0574,0.80,0.70
2008.05.28 19:03:15.549,1.05695,1.0574,0.80,0.50
2008.05.28 19:03:15.641,1.05695,1.0573,0.80,0.80
2008.05.28 19:03:15.940,1.05695,1.0573,0.80,0.50
2008.05.28 19:03:16.462,1.0569,1.0573,0.90,0.50
2008.05.28 19:03:21.837,1.0569,1.0573,0.80,0.80
2008.05.28 19:03:21.976,1.05685,1.0573,0.80,0.90
2008.05.28 19:03:22.199,1.05685,1.05725,0.80,0.80
2008.05.28 19:03:22.420,1.0569,1.05725,0.80,0.80
2008.05.28 19:03:22.547,1.0569,1.0573,0.50,0.80
2008.05.28 19:03:22.722,1.0569,1.0574,0.70,0.80
2008.05.28 19:03:22.839,1.0569,1.0573,1.00,0.80
2008.05.28 19:03:22.959,1.0569,1.0574,0.90,0.90
2008.05.28 19:03:25.239,1.0569,1.0574,1.10,0.70
2008.05.28 19:03:25.468,1.0569,1.0574,0.60,0.70
2008.05.28 19:03:25.575,1.0569,1.05735,0.50,0.80
2008.05.28 19:03:27.169,1.0569,1.0573,1.00,0.80
2008.05.28 19:03:27.263,1.0569,1.0573,0.50,0.70
2008.05.28 19:03:38.467,1.05695,1.05725,0.80,0.80
2008.05.28 19:03:38.748,1.05695,1.0574,0.80,0.90
2008.05.28 19:03:38.821,1.05695,1.0574,0.80,0.70
2008.05.28 19:03:42.666,1.057,1.0574,0.80,0.50
2008.05.28 19:03:42.886,1.057,1.0574,0.80,0.80
2008.05.28 19:03:42.978,1.05705,1.0574,0.80,0.80
2008.05.28 19:03:43.184,1.05705,1.0575,0.80,0.50
2008.05.28 19:03:44.808,1.05705,1.0574,0.80,0.80
2008.05.28 19:03:45.009,1.05695,1.0573,0.80,0.80
2008.05.28 19:03:45.046,1.05695,1.0573,0.80,0.90
2008.05.28 19:03:45.261,1.05685,1.05725,0.80,0.80
2008.05.28 19:03:46.228,1.05675,1.0572,0.80,0.60
2008.05.28 19:03:47.079,1.0568,1.0572,0.80,0.60
2008.05.28 19:03:47.194,1.0568,1.0572,0.70,0.60
2008.05.28 19:03:47.496,1.05685,1.0572,0.80,0.60
2008.05.28 19:03:47.734,1.05685,1.0572,0.80,0.80
2008.05.28 19:03:47.992,1.05685,1.05725,0.80,0.80
2008.05.28 19:03:53.264,1.0568,1.05725,0.70,0.80
2008.05.28 19:03:53.688,1.0568,1.05725,1.00,0.80
2008.05.28 19:03:53.769,1.05675,1.05725,0.80,0.80
2008.05.28 19:03:54.508,1.0568,1.05725,0.80,0.80
2008.05.28 19:03:54.531,1.0568,1.05725,0.90,0.80
2008.05.28 19:03:54.736,1.0568,1.0573,0.90,0.70
2008.05.28 19:03:54.790,1.0569,1.0574,0.80,0.50
2008.05.28 19:03:54.850,1.0568,1.0574,0.70,0.70
2008.05.28 19:03:54.937,1.0568,1.05735,1.70,0.80
2008.05.28 19:03:55.183,1.0569,1.05735,0.90,0.80
2008.05.28 19:03:55.253,1.0569,1.05745,0.80,0.80
2008.05.28 19:03:55.452,1.0569,1.0574,1.20,0.80
2008.05.28 19:03:55.513,1.0569,1.0574,1.10,0.50
2008.05.28 19:03:55.674,1.0569,1.0574,1.70,0.50
2008.05.28 19:03:56.240,1.0568,1.0572,0.80,0.80
2008.05.28 19:03:56.519,1.0567,1.05725,1.60,0.80
2008.05.28 19:03:57.548,1.0567,1.05725,0.60,0.80
2008.05.28 19:03:58.228,1.0567,1.0572,1.20,0.90
2008.05.28 19:03:58.514,1.0567,1.0572,0.80,0.90
2008.05.28 19:03:58.663,1.0567,1.0572,1.20,0.50
2008.05.28 19:03:58.975,1.0567,1.05715,1.10,0.80
2008.05.28 19:04:01.120,1.0567,1.05715,0.80,0.80
2008.05.28 19:04:01.212,1.0566,1.05715,0.90,0.80
2008.05.28 19:04:02.409,1.05665,1.05715,0.80,0.80
2008.05.28 19:04:02.751,1.0567,1.05715,0.80,0.80
2008.05.28 19:04:02.937,1.0567,1.05715,0.50,0.80
2008.05.28 19:04:03.715,1.0567,1.0572,1.20,1.20
2008.05.28 19:04:03.748,1.0567,1.05725,1.00,0.80
2008.05.28 19:04:04.169,1.0567,1.0572,1.10,0.80
2008.05.28 19:04:04.445,1.0567,1.05715,0.50,0.80
2008.05.28 19:04:06.692,1.0567,1.0571,0.90,0.80
2008.05.28 19:04:06.915,1.0567,1.0571,0.80,0.70
2008.05.28 19:04:07.005,1.0567,1.0571,0.80,0.70
2008.05.28 19:04:10.928,1.0567,1.0571,0.80,0.50
2008.05.28 19:04:11.086,1.0566,1.0571,0.80,0.90
2008.05.28 19:04:11.145,1.05665,1.05705,0.80,0.80
2008.05.28 19:04:11.196,1.0567,1.05705,0.60,0.80
2008.05.28 19:04:11.417,1.05665,1.05705,0.80,0.80
2008.05.28 19:04:11.496,1.05665,1.0571,0.80,1.00
2008.05.28 19:04:11.636,1.05665,1.0571,0.80,0.80
2008.05.28 19:04:11.676,1.0566,1.0572,0.90,1.10
2008.05.28 19:04:11.750,1.0566,1.0572,0.80,1.40
2008.05.28 19:04:12.286,1.0566,1.05715,0.90,0.80
2008.05.28 19:04:12.446,1.0566,1.0572,0.90,1.30
2008.05.28 19:04:12.808,1.0566,1.0572,0.70,1.60
2008.05.28 19:04:12.986,1.0566,1.0572,0.90,0.80
2008.05.28 19:04:13.447,1.0566,1.0572,0.70,1.20
2008.05.28 19:04:13.555,1.0566,1.0572,0.50,2.40
2008.05.28 19:04:13.735,1.0566,1.05715,0.80,0.80
2008.05.28 19:04:14.975,1.0566,1.05715,0.70,0.80
2008.05.28 19:04:15.184,1.0566,1.05715,0.60,0.80
2008.05.28 19:04:15.724,1.05665,1.05715,0.80,0.80
2008.05.28 19:04:15.943,1.05665,1.0571,0.80,0.80
2008.05.28 19:04:16.165,1.0567,1.0571,0.80,0.80
2008.05.28 19:04:16.308,1.0567,1.0571,0.90,0.60
2008.05.28 19:04:16.372,1.0567,1.0571,0.70,0.80
2008.05.28 19:04:16.732,1.0567,1.0572,0.90,0.90
2008.05.28 19:04:17.686,1.0567,1.0572,0.80,1.80
2008.05.28 19:04:18.124,1.0567,1.0572,0.80,0.50
2008.05.28 19:04:18.441,1.0566,1.0572,0.50,1.10
2008.05.28 19:04:18.835,1.0567,1.0572,0.60,0.70
2008.05.28 19:04:19.054,1.0567,1.0572,0.60,1.00
2008.05.28 19:04:19.405,1.0567,1.0572,0.80,2.30
2008.05.28 19:04:20.140,1.0567,1.0572,0.80,1.90
2008.05.28 19:04:20.313,1.0566,1.0572,0.80,1.20
2008.05.28 19:04:20.484,1.0566,1.0572,0.70,0.90
2008.05.28 19:04:22.243,1.0566,1.0572,0.90,0.70
2008.05.28 19:04:35.493,1.0566,1.0572,0.70,0.70
2008.05.28 19:05:09.513,1.0566,1.0572,0.60,1.80
2008.05.28 19:05:10.002,1.0566,1.05715,0.70,0.80
2008.05.28 19:05:27.015,1.0566,1.05715,0.80,0.80
2008.05.28 19:05:27.217,1.0565,1.05715,2.10,0.80
2008.05.28 19:05:27.468,1.0565,1.0571,1.60,0.80
2008.05.28 19:05:27.573,1.0565,1.0571,1.90,0.80
2008.05.28 19:05:27.677,1.0565,1.0571,1.20,1.10
2008.05.28 19:05:27.899,1.0565,1.0571,0.80,0.80
2008.05.28 19:05:28.038,1.0564,1.05705,2.20,0.80
2008.05.28 19:05:28.510,1.05645,1.05705,0.80,0.80
2008.05.28 19:05:28.651,1.0564,1.057,0.90,1.10
2008.05.28 19:05:30.188,1.0564,1.057,1.60,2.00
2008.05.28 19:05:30.370,1.0564,1.057,1.10,0.60
2008.05.28 19:05:35.936,1.0564,1.057,1.20,0.50
2008.05.28 19:05:36.704,1.0564,1.057,2.00,0.80
2008.05.28 19:05:37.483,1.0564,1.057,1.40,0.80
2008.05.28 19:05:38.766,1.0564,1.0571,1.60,0.70
2008.05.28 19:05:38.986,1.05645,1.0571,0.80,0.60
2008.05.28 19:05:39.099,1.0565,1.0571,0.50,0.80
2008.05.28 19:05:39.735,1.05645,1.0571,0.80,0.90
2008.05.28 19:05:45.385,1.0565,1.0571,0.70,1.00
2008.05.28 19:05:45.602,1.0565,1.0571,0.90,0.80
2008.05.28 19:05:45.663,1.0565,1.0571,1.60,0.60
2008.05.28 19:05:48.731,1.0565,1.0571,0.60,0.60
2008.05.28 19:05:56.436,1.0565,1.0571,0.80,0.60
2008.05.28 19:05:56.655,1.0564,1.0571,0.90,0.90
2008.05.28 19:05:56.919,1.0564,1.0571,0.90,0.80
2008.05.28 19:05:57.058,1.0564,1.057,1.40,0.80
2008.05.28 19:05:57.182,1.05635,1.057,0.80,0.90
2008.05.28 19:05:57.311,1.0564,1.057,0.80,0.70
2008.05.28 19:05:57.440,1.05635,1.057,0.80,0.50
2008.05.28 19:05:58.481,1.0564,1.057,0.70,0.70
2008.05.28 19:05:58.751,1.0564,1.057,1.40,0.70
2008.05.28 19:06:18.198,1.0564,1.057,1.60,0.80
2008.05.28 19:06:18.446,1.0564,1.0571,1.80,0.80
2008.05.28 19:06:18.637,1.0565,1.0571,0.60,0.80
2008.05.28 19:06:18.832,1.05645,1.0571,0.80,0.50
2008.05.28 19:06:21.767,1.05645,1.057,0.80,1.40
2008.05.28 19:06:21.956,1.05645,1.0571,0.80,0.90
2008.05.28 19:06:22.057,1.0565,1.05705,0.70,0.80
2008.05.28 19:06:23.792,1.0565,1.05705,1.40,0.80
2008.05.28 19:06:23.954,1.0565,1.05705,0.50,0.80
2008.05.28 19:06:28.766,1.0565,1.05705,1.20,0.80
2008.05.28 19:06:31.488,1.0565,1.05705,0.80,0.80
2008.05.28 19:06:31.581,1.0564,1.05705,1.70,0.80
2008.05.28 19:06:31.681,1.0564,1.057,0.70,0.80
2008.05.28 19:06:31.741,1.0564,1.057,2.30,1.20
2008.05.28 19:06:41.090,1.0565,1.057,1.30,1.20
2008.05.28 19:06:41.197,1.0565,1.057,0.60,0.70
2008.05.28 19:06:41.229,1.0565,1.057,0.90,0.50
2008.05.28 19:06:46.568,1.0565,1.057,2.00,0.80
2008.05.28 19:06:46.674,1.0565,1.0571,2.90,0.80
2008.05.28 19:06:47.748,1.0565,1.05705,1.80,0.80
2008.05.28 19:07:02.497,1.0566,1.05705,0.50,0.80
2008.05.28 19:07:02.660,1.0566,1.05705,1.20,0.80
2008.05.28 19:07:03.720,1.0566,1.05705,0.90,0.80
2008.05.28 19:07:06.324,1.0566,1.05705,0.90,0.80
2008.05.28 19:07:08.525,1.0566,1.0572,1.90,0.80
2008.05.28 19:07:08.665,1.0566,1.0572,1.90,0.80
2008.05.28 19:07:08.805,1.05665,1.0572,0.80,0.70
2008.05.28 19:07:14.465,1.05665,1.0572,0.80,0.50
2008.05.28 19:07:20.271,1.05665,1.0572,0.80,0.90
2008.05.28 19:07:24.721,1.0567,1.0572,0.80,0.70
2008.05.28 19:07:25.443,1.0567,1.0572,0.50,0.50
2008.05.28 19:07:26.633,1.0567,1.0571,0.80,0.80
2008.05.28 19:07:26.963,1.0567,1.0571,1.10,0.80
2008.05.28 19:07:27.292,1.0567,1.0572,1.00,0.70
2008.05.28 19:07:27.520,1.0567,1.0572,1.00,0.60
2008.05.28 19:07:27.680,1.0567,1.0573,1.00,0.80
2008.05.28 19:07:27.815,1.0567,1.0573,1.70,0.50
2008.05.28 19:07:31.287,1.0567,1.0573,1.70,0.50
2008.05.28 19:07:32.019,1.0567,1.0573,4.50,0.60
2008.05.28 19:07:32.073,1.05675,1.0573,0.80,0.80
2008.05.28 19:07:34.986,1.05675,1.05725,0.80,0.80
2008.05.28 19:07:35.587,1.05675,1.0572,0.80,0.80
2008.05.28 19:07:35.700,1.0567,1.0572,1.10,0.60
2008.05.28 19:07:35.760,1.05665,1.0572,0.80,0.60
2008.05.28 19:07:44.717,1.0566,1.0572,4.90,0.90
2008.05.28 19:07:44.987,1.05655,1.0572,0.80,0.50
2008.05.28 19:07:49.096,1.0567,1.0572,0.80,0.80
2008.05.28 19:07:49.214,1.05675,1.0572,0.80,0.60
2008.05.28 19:07:49.424,1.0568,1.0572,0.80,0.70
2008.05.28 19:07:49.456,1.0568,1.0572,1.20,0.90
2008.05.28 19:07:53.014,1.0568,1.0572,0.80,0.80
2008.05.28 19:07:53.185,1.0567,1.0572,0.80,0.90
2008.05.28 19:07:53.772,1.0567,1.05715,1.20,0.80
2008.05.28 19:07:53.904,1.0567,1.05715,1.20,0.80
2008.05.28 19:07:54.005,1.05675,1.05715,0.80,0.80
2008.05.28 19:07:55.095,1.05675,1.0571,0.80,0.80
2008.05.28 19:07:55.224,1.05675,1.0571,0.80,0.50
2008.05.28 19:07:56.214,1.0566,1.0571,0.90,0.60
2008.05.28 19:07:56.297,1.0566,1.0571,0.80,0.80
2008.05.28 19:07:56.402,1.05665,1.0571,0.80,0.80
2008.05.28 19:08:01.031,1.05665,1.0571,0.80,0.80
2008.05.28 19:08:01.213,1.05665,1.0572,0.80,0.80
2008.05.28 19:08:05.809,1.05665,1.0572,0.80,0.80
2008.05.28 19:08:18.229,1.05655,1.05715,0.80,0.80
2008.05.28 19:08:18.485,1.05655,1.0571,0.80,0.80
2008.05.28 19:08:18.668,1.05655,1.0571,0.80,1.00
2008.05.28 19:08:19.413,1.0565,1.0571,0.80,0.60
2008.05.28 19:08:19.498,1.0565,1.0571,0.80,0.60
2008.05.28 19:08:19.663,1.0565,1.0571,0.80,0.60
2008.05.28 19:08:19.754,1.0565,1.05705,0.90,0.80
2008.05.28 19:08:19.891,1.0564,1.05705,0.90,0.80
2008.05.28 19:08:19.982,1.0564,1.057,0.60,0.80
2008.05.28 19:08:20.174,1.0564,1.057,0.90,0.50
2008.05.28 19:08:22.162,1.05635,1.057,0.80,0.50
2008.05.28 19:08:22.521,1.05635,1.05695,0.80,0.80
2008.05.28 19:08:23.325,1.0563,1.05695,0.80,0.80
2008.05.28 19:08:24.222,1.0563,1.05695,0.70,0.80
2008.05.28 19:08:24.877,1.0563,1.0569,0.80,0.80
2008.05.28 19:08:25.262,1.0563,1.0569,0.60,0.80
2008.05.28 19:08:25.427,1.05625,1.0569,0.80,0.70
2008.05.28 19:08:25.607,1.05625,1.05685,0.80,0.80
2008.05.28 19:08:30.184,1.05635,1.0569,0.80,0.80
2008.05.28 19:08:30.268,1.05635,1.05695,0.80,0.80
2008.05.28 19:08:30.447,1.0563,1.05695,0.80,0.80
2008.05.28 19:08:30.727,1.0563,1.05695,0.90,0.80
2008.05.28 19:08:30.910,1.0563,1.05695,0.90,0.80
2008.05.28 19:08:32.543,1.0563,1.05695,0.60,0.80
2008.05.28 19:08:32.755,1.0563,1.05695,0.70,0.80
2008.05.28 19:08:32.784,1.05635,1.05695,0.80,0.80
2008.05.28 19:08:32.862,1.0564,1.05695,0.80,0.80
2008.05.28 19:08:33.014,1.0564,1.05695,0.70,0.80
2008.05.28 19:08:33.081,1.0564,1.05695,0.90,0.80
2008.05.28 19:08:33.193,1.0565,1.05695,0.80,0.80
2008.05.28 19:08:33.223,1.05655,1.05695,0.80,0.80
2008.05.28 19:08:34.396,1.0566,1.05695,0.80,0.80
2008.05.28 19:08:34.513,1.0566,1.05705,0.90,0.80
2008.05.28 19:08:35.298,1.0566,1.05715,0.80,0.80
2008.05.28 19:08:35.523,1.05665,1.05715,0.80,0.80
2008.05.28 19:08:35.834,1.05665,1.0572,0.80,0.60
2008.05.28 19:08:36.296,1.05665,1.0572,0.80,0.80
2008.05.28 19:08:36.388,1.05665,1.0573,0.80,0.80
2008.05.28 19:08:36.644,1.05665,1.0573,0.80,1.50
2008.05.28 19:08:36.865,1.05665,1.05725,0.80,0.80
2008.05.28 19:08:38.144,1.0567,1.05725,0.80,0.80
2008.05.28 19:08:38.673,1.0567,1.05725,1.20,0.80
2008.05.28 19:08:38.772,1.0566,1.05725,0.60,0.80
2008.05.28 19:08:39.128,1.0566,1.05725,0.80,0.80
2008.05.28 19:08:39.435,1.0565,1.05725,6.20,0.80
2008.05.28 19:08:40.461,1.0565,1.05725,4.50,0.80
2008.05.28 19:08:41.134,1.0565,1.0571,2.90,0.80
2008.05.28 19:08:41.245,1.0565,1.0571,0.80,0.80
2008.05.28 19:08:41.471,1.0565,1.0571,0.60,1.00
2008.05.28 19:08:42.641,1.0565,1.0571,0.80,0.70
2008.05.28 19:08:42.812,1.0564,1.0571,2.50,1.00
2008.05.28 19:08:42.975,1.0564,1.0571,3.00,0.80
2008.05.28 19:08:53.898,1.0564,1.0571,2.90,0.80
2008.05.28 19:08:54.018,1.0564,1.05705,0.90,0.80
2008.05.28 19:08:54.130,1.0563,1.057,1.20,1.10
2008.05.28 19:08:54.244,1.0563,1.057,2.60,2.70
2008.05.28 19:08:54.357,1.0563,1.057,2.20,0.60
2008.05.28 19:08:54.521,1.0563,1.05705,1.80,0.80
2008.05.28 19:08:54.728,1.0563,1.05705,1.60,0.80
2008.05.28 19:08:54.837,1.0563,1.0571,3.00,0.90
2008.05.28 19:08:55.118,1.0563,1.0571,2.00,1.00
2008.05.28 19:08:56.029,1.0563,1.0571,3.70,3.50
2008.05.28 19:08:56.158,1.0563,1.05705,1.50,0.80
2008.05.28 19:08:56.994,1.0563,1.05705,1.00,0.80
2008.05.28 19:08:57.316,1.0563,1.05705,5.10,0.80
2008.05.28 19:09:03.662,1.0563,1.05705,1.30,0.80
2008.05.28 19:09:03.773,1.0563,1.05705,2.10,0.80
2008.05.28 19:09:04.875,1.0563,1.057,1.20,0.80
2008.05.28 19:09:04.993,1.0563,1.057,2.50,0.80
2008.05.28 19:09:07.286,1.0563,1.057,0.60,0.80
2008.05.28 19:09:07.667,1.0563,1.05695,0.60,0.80
2008.05.28 19:09:18.296,1.0563,1.0569,0.70,0.80
2008.05.28 19:09:18.444,1.0563,1.0569,0.60,0.90
2008.05.28 19:09:18.734,1.0563,1.0569,0.60,0.80
2008.05.28 19:09:18.884,1.0563,1.057,0.90,0.50
2008.05.28 19:09:19.702,1.0563,1.05695,0.80,0.80
2008.05.28 19:09:20.387,1.0563,1.05695,0.80,0.80
2008.05.28 19:09:20.442,1.0563,1.05695,0.50,0.80
2008.05.28 19:09:49.788,1.0563,1.0569,1.60,0.80
2008.05.28 19:09:50.008,1.0563,1.0569,1.60,1.00
2008.05.28 19:09:50.153,1.05625,1.0569,0.80,0.70
2008.05.28 19:09:50.281,1.05625,1.05685,0.80,0.80
2008.05.28 19:09:58.476,1.0562,1.05685,0.90,0.80
2008.05.28 19:09:59.093,1.0562,1.0568,4.40,0.80
2008.05.28 19:09:59.217,1.0561,1.0568,4.90,0.60
2008.05.28 19:09:59.338,1.0561,1.05675,2.60,0.80
2008.05.28 19:10:01.145,1.0561,1.05675,3.20,0.80
2008.05.28 19:10:01.355,1.0561,1.05675,3.40,0.80
2008.05.28 19:10:02.765,1.0562,1.05675,1.40,0.80
2008.05.28 19:10:04.053,1.0561,1.05675,3.80,0.80
2008.05.28 19:10:15.911,1.0561,1.05675,4.60,0.80
2008.05.28 19:10:16.252,1.0561,1.05675,1.40,0.80
2008.05.28 19:10:25.583,1.0561,1.0567,4.20,0.80
2008.05.28 19:10:25.680,1.0561,1.0567,3.00,0.80
2008.05.28 19:10:26.668,1.056,1.0567,0.60,1.20
2008.05.28 19:10:26.889,1.056,1.05665,5.60,0.80
2008.05.28 19:10:27.754,1.0561,1.05665,2.00,0.80
2008.05.28 19:10:28.299,1.056,1.05665,1.00,0.80
2008.05.28 19:10:29.084,1.056,1.0566,0.60,0.80
2008.05.28 19:10:29.226,1.056,1.0566,2.60,0.90
2008.05.28 19:10:30.512,1.0559,1.0566,4.10,1.70
2008.05.28 19:10:31.502,1.0559,1.05655,4.20,0.80
2008.05.28 19:10:33.350,1.0559,1.05655,4.00,0.80
2008.05.28 19:10:35.653,1.0559,1.0565,4.90,0.80
2008.05.28 19:10:35.776,1.0559,1.05655,1.50,0.80
2008.05.28 19:10:35.904,1.0559,1.0566,1.40,2.40
2008.05.28 19:10:36.207,1.0559,1.0566,0.80,1.50
2008.05.28 19:10:36.267,1.0558,1.05655,5.20,0.80
2008.05.28 19:10:36.327,1.0558,1.0565,2.30,0.80
2008.05.28 19:10:36.516,1.0558,1.0565,1.70,0.80
2008.05.28 19:10:36.585,1.0558,1.0565,0.60,1.10
2008.05.28 19:10:36.700,1.0558,1.0565,1.50,1.20
2008.05.28 19:10:38.624,1.0558,1.0565,0.80,0.80
2008.05.28 19:10:38.763,1.0558,1.0566,0.60,4.60
2008.05.28 19:10:38.906,1.0558,1.0566,4.80,1.70
2008.05.28 19:10:39.046,1.0559,1.0566,4.10,2.10
2008.05.28 19:10:39.625,1.0559,1.0566,2.60,1.00
2008.05.28 19:10:43.043,1.0559,1.0566,2.50,0.60
2008.05.28 19:10:43.541,1.0559,1.0566,2.70,1.00
2008.05.28 19:10:44.065,1.0559,1.0566,1.70,0.50
2008.05.28 19:10:47.506,1.0559,1.0566,4.30,1.40
2008.05.28 19:10:47.616,1.0559,1.0565,1.00,0.80
2008.05.28 19:10:47.726,1.0559,1.0565,0.80,0.80
2008.05.28 19:10:47.747,1.0558,1.0565,2.10,0.80
2008.05.28 19:10:47.974,1.0558,1.0565,3.80,1.20
2008.05.28 19:10:49.080,1.0558,1.0565,0.80,0.80
2008.05.28 19:10:49.558,1.0558,1.0565,1.70,0.60
2008.05.28 19:10:49.680,1.05585,1.0565,0.80,0.80
2008.05.28 19:10:49.842,1.0559,1.0566,1.60,0.50
2008.05.28 19:11:14.649,1.0559,1.0566,1.40,0.60
2008.05.28 19:11:14.767,1.056,1.0566,0.60,0.80
2008.05.28 19:11:14.983,1.056,1.0566,1.90,0.50
2008.05.28 19:11:15.208,1.056,1.0566,1.70,0.90
2008.05.28 19:11:15.809,1.0559,1.0566,3.90,0.90
2008.05.28 19:11:23.188,1.0561,1.05655,0.80,0.80
2008.05.28 19:11:23.224,1.0561,1.05655,1.10,0.80
2008.05.28 19:11:23.536,1.0561,1.0565,0.80,0.80
2008.05.28 19:11:23.773,1.0561,1.0565,1.20,0.90
2008.05.28 19:11:26.990,1.0561,1.0565,1.20,0.80
2008.05.28 19:11:27.154,1.0561,1.0566,0.60,1.60
2008.05.28 19:11:29.344,1.0561,1.05655,0.50,0.80
2008.05.28 19:11:29.853,1.0561,1.05655,0.50,0.80
2008.05.28 19:11:30.275,1.0561,1.05655,0.60,0.80
2008.05.28 19:11:30.379,1.0561,1.05655,0.80,0.80
2008.05.28 19:11:30.558,1.056,1.05655,1.60,0.80
2008.05.28 19:11:30.791,1.056,1.0567,1.90,0.50
2008.05.28 19:11:31.227,1.056,1.0567,7.90,0.80
2008.05.28 19:11:31.452,1.05605,1.0567,0.80,0.80
2008.05.28 19:11:31.700,1.05605,1.0567,0.80,0.70
2008.05.28 19:11:38.661,1.05605,1.0566,0.80,0.80
2008.05.28 19:11:39.191,1.056,1.0566,0.60,0.50
2008.05.28 19:11:40.991,1.0561,1.0566,0.80,0.90
2008.05.28 19:11:41.105,1.0561,1.0566,1.30,1.10
2008.05.28 19:11:41.250,1.0561,1.0566,1.20,0.50
2008.05.28 19:11:42.482,1.0561,1.0566,0.90,0.50
2008.05.28 19:11:42.511,1.0561,1.0566,0.50,1.00
2008.05.28 19:11:42.780,1.0561,1.0566,0.70,1.10
2008.05.28 19:11:43.561,1.0561,1.0566,0.60,0.70
2008.05.28 19:11:51.025,1.05615,1.0566,0.80,1.10
2008.05.28 19:11:52.035,1.0562,1.0566,0.80,1.00
2008.05.28 19:11:52.156,1.0562,1.0566,0.50,1.10
2008.05.28 19:11:56.048,1.0562,1.0566,0.70,0.80
2008.05.28 19:11:56.229,1.0562,1.0567,0.80,1.20
2008.05.28 19:11:56.307,1.0562,1.0567,0.80,1.20
2008.05.28 19:11:57.533,1.05625,1.0567,0.80,1.00
2008.05.28 19:11:59.545,1.0563,1.0567,0.80,0.60
2008.05.28 19:11:59.768,1.0563,1.0567,0.90,1.20
2008.05.28 19:12:00.603,1.0563,1.0567,0.90,0.80
2008.05.28 19:12:01.143,1.0563,1.0567,0.80,0.60
2008.05.28 19:12:01.237,1.0562,1.0567,0.70,0.80
2008.05.28 19:12:01.317,1.0562,1.0567,0.90,0.80
2008.05.28 19:12:01.586,1.0562,1.0567,0.80,0.50
2008.05.28 19:12:01.775,1.0561,1.0567,0.60,0.90
2008.05.28 19:12:02.574,1.0562,1.0567,0.70,0.60
2008.05.28 19:12:02.692,1.0562,1.0567,0.80,0.50
2008.05.28 19:12:04.179,1.0562,1.0567,0.80,0.60
2008.05.28 19:12:04.248,1.0562,1.0567,0.60,0.80
2008.05.28 19:12:04.331,1.0561,1.0567,0.80,0.80
2008.05.28 19:12:07.124,1.0561,1.05665,0.60,0.80
2008.05.28 19:12:09.894,1.0561,1.05665,0.70,0.80
2008.05.28 19:12:10.033,1.0561,1.05665,2.40,0.80
2008.05.28 19:12:10.464,1.0561,1.0567,1.90,0.90
2008.05.28 19:12:10.523,1.0561,1.0567,3.40,0.60
2008.05.28 19:12:10.569,1.0561,1.05675,1.10,0.80
2008.05.28 19:12:12.998,1.0561,1.0567,3.10,0.70
2008.05.28 19:12:13.204,1.0561,1.0567,1.40,0.80
2008.05.28 19:12:13.262,1.0561,1.05665,2.60,0.80
2008.05.28 19:12:26.503,1.0561,1.05665,0.70,0.80
2008.05.28 19:12:31.844,1.0561,1.05665,0.70,0.80
2008.05.28 19:12:42.216,1.0561,1.05665,1.70,0.80
2008.05.28 19:12:45.560,1.0561,1.05665,0.80,0.80
2008.05.28 19:12:45.706,1.05615,1.05665,0.80,0.80
2008.05.28 19:12:47.253,1.05615,1.0567,0.80,0.70
2008.05.28 19:12:47.366,1.0562,1.0568,0.80,0.80
2008.05.28 19:12:47.449,1.0562,1.05675,1.10,0.80
2008.05.28 19:12:47.532,1.0562,1.05675,0.60,0.80
2008.05.28 19:12:47.664,1.0562,1.0568,1.00,0.90
2008.05.28 19:12:47.728,1.0562,1.05685,2.30,0.80
2008.05.28 19:12:51.524,1.0562,1.0568,1.60,0.80
2008.05.28 19:12:51.631,1.0562,1.0568,1.10,0.80
2008.05.28 19:12:51.970,1.0562,1.0568,2.10,0.90
2008.05.28 19:12:52.458,1.0562,1.0568,1.80,0.60
2008.05.28 19:12:52.788,1.0562,1.0568,1.30,0.90
2008.05.28 19:12:52.943,1.05625,1.0568,0.80,0.70
2008.05.28 19:13:08.985,1.05625,1.05675,0.80,0.80
2008.05.28 19:13:10.722,1.0562,1.05675,0.80,0.80
2008.05.28 19:13:10.806,1.0561,1.05675,2.90,0.80
2008.05.28 19:13:10.942,1.05615,1.05675,0.80,0.80
2008.05.28 19:13:11.490,1.05615,1.0567,0.80,0.80
2008.05.28 19:13:11.591,1.05615,1.0567,0.80,1.90
2008.05.28 19:13:11.783,1.05615,1.05665,0.80,0.80
2008.05.28 19:13:11.980,1.05615,1.0567,0.80,0.80
2008.05.28 19:13:12.258,1.05615,1.0567,0.80,0.50
2008.05.28 19:13:21.119,1.05615,1.0567,0.80,1.80
2008.05.28 19:13:27.279,1.0561,1.05665,2.10,0.80
2008.05.28 19:13:27.364,1.0561,1.05665,0.80,0.80
2008.05.28 19:13:27.644,1.056,1.05665,1.50,0.80
2008.05.28 19:13:27.803,1.05595,1.0566,0.80,0.80
2008.05.28 19:13:27.964,1.0559,1.05655,1.50,0.80
2008.05.28 19:13:28.191,1.05585,1.0565,0.80,0.80
2008.05.28 19:13:28.512,1.0558,1.05645,1.00,0.80
2008.05.28 19:13:28.731,1.0558,1.05645,4.30,0.80
2008.05.28 19:13:28.812,1.0558,1.05645,1.10,0.80
2008.05.28 19:13:38.145,1.0558,1.05645,4.60,0.80
2008.05.28 19:13:38.245,1.05585,1.05645,0.80,0.80
2008.05.28 19:13:38.261,1.0559,1.05645,0.80,0.80
2008.05.28 19:13:38.366,1.0559,1.05645,1.50,0.80
2008.05.28 19:13:38.698,1.0559,1.05645,3.60,0.80
2008.05.28 19:13:38.786,1.0559,1.0565,5.50,0.50
2008.05.28 19:13:38.806,1.0559,1.05655,4.70,0.80
2008.05.28 19:13:43.665,1.0559,1.05655,3.90,0.80
2008.05.28 19:13:43.896,1.0559,1.05655,0.80,0.80
2008.05.28 19:13:44.324,1.0559,1.05655,4.50,0.80
2008.05.28 19:13:44.434,1.05595,1.05655,0.80,0.80
2008.05.28 19:13:47.998,1.05595,1.05665,0.80,0.80
2008.05.28 19:13:48.078,1.05595,1.0566,0.80,0.80
2008.05.28 19:13:48.210,1.05595,1.0566,0.80,1.20
2008.05.28 19:13:52.758,1.056,1.0566,2.30,0.60
2008.05.28 19:13:52.807,1.056,1.0566,0.80,0.80
2008.05.28 19:13:52.910,1.056,1.0566,0.70,0.80
2008.05.28 19:13:53.004,1.056,1.0567,0.50,4.90
2008.05.28 19:13:53.125,1.056,1.0567,0.80,3.00
2008.05.28 19:13:53.348,1.056,1.0567,0.90,2.60
2008.05.28 19:13:54.020,1.056,1.0567,0.90,1.20
2008.05.28 19:13:54.115,1.056,1.0567,0.60,3.00
2008.05.28 19:13:54.176,1.056,1.05665,0.90,0.80
2008.05.28 19:14:01.552,1.056,1.05665,0.90,0.80
2008.05.28 19:14:03.945,1.056,1.05665,0.80,0.80
2008.05.28 19:14:04.043,1.0559,1.05665,0.50,0.80
2008.05.28 19:14:05.037,1.0559,1.0566,0.80,0.80
2008.05.28 19:14:05.200,1.0559,1.0566,0.90,1.00
2008.05.28 19:14:05.260,1.0559,1.0566,0.50,0.90
2008.05.28 19:14:05.694,1.0559,1.0566,0.80,0.50
2008.05.28 19:14:06.818,1.05595,1.0566,0.80,1.20
2008.05.28 19:14:08.534,1.056,1.0566,0.70,0.80
2008.05.28 19:14:08.567,1.056,1.0566,0.80,0.70
2008.05.28 19:14:08.675,1.056,1.0566,0.70,0.60
2008.05.28 19:14:08.695,1.056,1.0566,0.70,0.90
2008.05.28 19:14:09.227,1.056,1.0566,0.70,0.60
2008.05.28 19:14:09.664,1.056,1.0566,0.60,0.90
2008.05.28 19:14:09.944,1.056,1.0566,0.70,0.70
2008.05.28 19:14:13.649,1.056,1.0566,0.90,0.80
2008.05.28 19:14:14.343,1.056,1.0567,0.90,0.70
2008.05.28 19:14:14.973,1.0561,1.0567,0.60,0.60
2008.05.28 19:14:15.233,1.0561,1.0567,0.90,0.80
2008.05.28 19:14:15.293,1.0561,1.0567,0.90,0.80
2008.05.28 19:14:15.521,1.0561,1.0567,0.90,0.80
2008.05.28 19:14:15.744,1.0561,1.0566,0.70,0.50
2008.05.28 19:14:15.873,1.0561,1.0566,0.60,0.60
2008.05.28 19:14:15.942,1.0561,1.05655,0.80,0.80
2008.05.28 19:14:16.192,1.056,1.0565,0.90,0.80
2008.05.28 19:14:16.444,1.056,1.0565,0.50,1.70
2008.05.28 19:14:16.692,1.056,1.0565,0.70,0.60
2008.05.28 19:14:17.182,1.056,1.0565,0.50,1.80
2008.05.28 19:14:17.389,1.056,1.0565,0.50,1.20
2008.05.28 19:14:18.485,1.056,1.0565,0.80,3.00
2008.05.28 19:14:19.778,1.056,1.0565,0.70,2.50
2008.05.28 19:14:19.830,1.056,1.0565,0.70,2.10
2008.05.28 19:14:19.891,1.056,1.0566,0.70,0.80
2008.05.28 19:14:19.996,1.056,1.0567,0.70,1.70
2008.05.28 19:14:20.050,1.056,1.0567,0.60,2.00
2008.05.28 19:14:20.207,1.056,1.05665,0.90,0.80
2008.05.28 19:14:20.830,1.0561,1.05665,0.80,0.80
2008.05.28 19:14:20.993,1.0561,1.05675,0.90,0.80
2008.05.28 19:14:21.174,1.05615,1.05675,0.80,0.80
2008.05.28 19:14:21.798,1.05615,1.0567,0.80,0.80
2008.05.28 19:14:21.950,1.05605,1.0567,0.80,1.10
2008.05.28 19:14:28.304,1.05605,1.05665,0.80,0.80
2008.05.28 19:14:29.363,1.056,1.0566,0.90,0.80
2008.05.28 19:14:29.500,1.05595,1.0566,0.80,0.60
2008.05.28 19:14:30.068,1.05595,1.0566,0.80,1.80
2008.05.28 19:14:42.663,1.05595,1.0565,0.80,1.40
2008.05.28 19:14:46.825,1.05595,1.0566,0.80,0.50
2008.05.28 19:14:52.695,1.05595,1.0565,0.80,0.80
2008.05.28 19:15:00.066,1.05595,1.0565,0.80,0.80
2008.05.28 19:15:00.264,1.05595,1.0565,0.80,1.90
2008.05.28 19:15:00.471,1.05595,1.0565,0.80,1.80
2008.05.28 19:15:00.893,1.05585,1.0565,0.80,1.00
2008.05.28 19:15:08.418,1.0559,1.0565,0.90,1.00
2008.05.28 19:15:08.518,1.0559,1.0565,0.60,1.80
2008.05.28 19:15:09.689,1.0559,1.0565,0.60,2.10
2008.05.28 19:15:11.117,1.0559,1.0565,0.70,0.90
2008.05.28 19:15:11.210,1.0559,1.05645,0.90,0.80
2008.05.28 19:15:11.628,1.0559,1.05645,0.80,0.80
2008.05.28 19:15:11.929,1.0558,1.05645,0.60,0.80
2008.05.28 19:15:12.373,1.05585,1.05645,0.80,0.80
2008.05.28 19:15:26.264,1.05585,1.0564,0.80,0.80
2008.05.28 19:15:26.369,1.05585,1.05645,0.80,0.80
2008.05.28 19:15:32.405,1.05585,1.0565,0.80,1.40
2008.05.28 19:15:35.990,1.0559,1.0565,0.80,1.40
2008.05.28 19:15:36.033,1.0559,1.0565,3.90,0.90
2008.05.28 19:15:36.113,1.0559,1.05655,0.60,0.80
2008.05.28 19:15:44.293,1.0559,1.0565,1.60,0.80
2008.05.28 19:15:46.566,1.0559,1.0565,1.40,1.20
2008.05.28 19:15:55.892,1.0559,1.0565,5.10,1.00
2008.05.28 19:15:56.087,1.0559,1.0565,5.40,0.70
2008.05.28 19:15:56.550,1.0559,1.0565,0.60,0.70
2008.05.28 19:15:58.876,1.05595,1.0565,0.80,0.70
2008.05.28 19:16:00.175,1.0559,1.0565,0.90,0.80
2008.05.28 19:16:00.326,1.0559,1.0565,0.80,0.60
2008.05.28 19:16:00.579,1.05585,1.0565,0.80,0.50
2008.05.28 19:16:01.999,1.05585,1.05645,0.80,0.80
2008.05.28 19:16:06.624,1.05585,1.05655,0.80,0.80
2008.05.28 19:16:06.997,1.056,1.05655,0.80,0.80
2008.05.28 19:16:07.105,1.0562,1.05655,0.80,0.80
2008.05.28 19:16:07.158,1.0562,1.0567,0.60,1.50
2008.05.28 19:16:07.219,1.0562,1.0567,0.50,0.80
2008.05.28 19:16:07.334,1.0562,1.0568,0.90,0.70
2008.05.28 19:16:07.671,1.05625,1.05675,0.80,0.80
2008.05.28 19:16:07.736,1.05625,1.0567,0.80,5.90
2008.05.28 19:16:07.788,1.0562,1.0567,0.80,5.50
2008.05.28 19:16:07.930,1.0561,1.0567,0.80,6.40
2008.05.28 19:16:08.011,1.0561,1.0566,0.80,0.80
2008.05.28 19:16:08.342,1.056,1.0566,0.50,0.80
2008.05.28 19:16:08.668,1.056,1.0566,0.80,0.80
2008.05.28 19:16:08.996,1.0558,1.0567,0.90,2.30
2008.05.28 19:16:09.440,1.05575,1.0566,0.80,0.80
2008.05.28 19:16:09.549,1.05575,1.0566,0.80,2.70
2008.05.28 19:16:09.695,1.05575,1.0566,0.80,4.60
2008.05.28 19:16:10.933,1.0558,1.0566,0.90,0.70
2008.05.28 19:16:11.476,1.0558,1.0565,0.80,0.80
2008.05.28 19:16:11.723,1.05585,1.0565,0.80,1.10
2008.05.28 19:16:12.145,1.05595,1.0565,0.80,0.70
2008.05.28 19:16:13.752,1.05595,1.0565,0.80,0.80
2008.05.28 19:16:13.869,1.05595,1.0566,0.80,4.80
2008.05.28 19:16:14.620,1.05595,1.05655,0.80,0.80
2008.05.28 19:16:16.661,1.05595,1.0565,0.80,0.60
2008.05.28 19:16:17.434,1.05585,1.0565,0.80,3.50
2008.05.28 19:16:17.659,1.0559,1.0565,0.80,1.90
2008.05.28 19:16:17.950,1.0559,1.0565,0.80,3.30
2008.05.28 19:16:24.532,1.0559,1.05655,0.80,0.80
2008.05.28 19:16:37.466,1.05595,1.05655,0.80,0.80
2008.05.28 19:16:37.507,1.056,1.05655,0.80,0.80
2008.05.28 19:16:37.654,1.056,1.05655,1.10,0.80
2008.05.28 19:16:39.384,1.056,1.0566,1.20,0.60
2008.05.28 19:16:39.459,1.056,1.0566,0.60,3.00
2008.05.28 19:16:39.592,1.056,1.0566,0.70,1.80
2008.05.28 19:16:39.722,1.056,1.05655,0.50,0.80
2008.05.28 19:16:39.930,1.056,1.0566,0.50,1.70
2008.05.28 19:16:40.660,1.056,1.0566,0.90,1.00
2008.05.28 19:16:44.154,1.056,1.0566,0.90,1.60
2008.05.28 19:16:51.639,1.056,1.0566,1.20,1.10
2008.05.28 19:16:52.238,1.0561,1.0566,0.80,0.80
2008.05.28 19:16:52.323,1.0561,1.05665,0.70,0.80
2008.05.28 19:16:58.015,1.0561,1.05665,0.70,0.80
2008.05.28 19:17:01.688,1.0561,1.05665,0.80,0.80
2008.05.28 19:17:01.711,1.056,1.0566,0.50,0.50
2008.05.28 19:17:01.889,1.05605,1.0566,0.80,0.50
2008.05.28 19:17:03.180,1.0562,1.0566,0.80,1.10
2008.05.28 19:17:03.283,1.0562,1.0566,0.70,1.20
2008.05.28 19:17:03.660,1.0562,1.05665,0.80,0.80
2008.05.28 19:17:06.972,1.0563,1.05665,0.80,0.80
2008.05.28 19:17:07.189,1.0562,1.05665,0.60,0.80
2008.05.28 19:17:17.330,1.0562,1.0566,0.90,1.20
2008.05.28 19:17:17.806,1.0562,1.05665,0.70,0.80
2008.05.28 19:17:18.680,1.0562,1.0567,0.70,1.20
2008.05.28 19:17:37.797,1.0562,1.0567,0.50,0.80
2008.05.28 19:17:37.904,1.0562,1.0568,1.20,1.40
2008.05.28 19:17:38.281,1.05625,1.0568,0.80,2.00
2008.05.28 19:17:39.951,1.05615,1.0568,0.80,1.00
2008.05.28 19:17:40.757,1.0562,1.0568,0.80,0.90
2008.05.28 19:17:40.910,1.0562,1.0568,0.80,2.20
2008.05.28 19:17:42.738,1.05625,1.0568,0.80,3.70
2008.05.28 19:17:52.185,1.05625,1.0568,0.80,2.20
2008.05.28 19:17:52.335,1.05625,1.0568,0.80,2.50
2008.05.28 19:17:52.760,1.05625,1.0568,0.80,0.90
2008.05.28 19:17:53.100,1.05625,1.05675,0.80,0.80
2008.05.28 19:17:54.229,1.05625,1.0567,0.80,2.60
2008.05.28 19:17:54.503,1.05625,1.05665,0.80,0.80
2008.05.28 19:17:57.985,1.0562,1.05665,1.10,0.80
2008.05.28 19:18:03.569,1.0562,1.05665,1.00,0.80
2008.05.28 19:18:03.660,1.0563,1.05665,0.80,0.80
2008.05.28 19:18:03.718,1.0563,1.05665,0.60,0.80
2008.05.28 19:18:03.906,1.0563,1.05675,0.50,0.80
2008.05.28 19:18:20.360,1.0563,1.05675,2.00,0.80
2008.05.28 19:18:20.499,1.05635,1.05685,0.80,0.80
2008.05.28 19:18:28.748,1.05635,1.0568,0.80,0.80
2008.05.28 19:18:28.776,1.05635,1.0568,0.80,0.50
2008.05.28 19:18:28.856,1.05635,1.0568,0.80,2.00
2008.05.28 19:18:34.955,1.05635,1.0568,0.80,0.70
2008.05.28 19:18:40.759,1.0564,1.0568,0.80,0.90
2008.05.28 19:18:40.911,1.0564,1.0568,0.80,0.80
2008.05.28 19:18:40.963,1.05645,1.0568,0.80,0.80
2008.05.28 19:18:41.173,1.05645,1.057,0.80,0.80
2008.05.28 19:18:41.448,1.0565,1.057,1.50,0.80
2008.05.28 19:18:41.489,1.0565,1.057,1.10,0.80
2008.05.28 19:18:41.676,1.05655,1.0571,0.80,3.40
2008.05.28 19:18:41.763,1.05655,1.0571,0.80,1.90
2008.05.28 19:18:41.981,1.05655,1.05705,0.80,0.80
2008.05.28 19:18:42.634,1.05645,1.05705,0.80,0.80
2008.05.28 19:18:43.740,1.0565,1.05705,0.80,0.80
2008.05.28 19:18:43.967,1.0565,1.05705,0.60,0.80
2008.05.28 19:18:44.797,1.0565,1.05705,0.60,0.80
2008.05.28 19:19:06.668,1.0565,1.057,0.80,0.80
2008.05.28 19:19:06.897,1.0565,1.05695,0.80,0.80
2008.05.28 19:19:07.464,1.0565,1.0569,0.80,0.80
2008.05.28 19:19:07.592,1.0564,1.0569,0.50,0.80
2008.05.28 19:19:07.728,1.0564,1.05685,0.80,0.80
2008.05.28 19:19:07.862,1.0564,1.05685,1.70,0.80
2008.05.28 19:19:07.997,1.0564,1.05685,1.10,0.80
2008.05.28 19:19:08.123,1.0564,1.05685,0.90,0.80
2008.05.28 19:19:08.253,1.05635,1.05685,0.80,0.80
2008.05.28 19:19:08.371,1.05635,1.0568,0.80,0.80
2008.05.28 19:19:08.490,1.05635,1.0568,0.80,0.50
2008.05.28 19:19:08.902,1.05635,1.0568,0.80,0.80
2008.05.28 19:19:09.024,1.05635,1.0568,0.80,0.80
2008.05.28 19:19:09.252,1.0564,1.0569,0.80,0.60
2008.05.28 19:19:09.459,1.0564,1.0569,0.90,0.70
2008.05.28 19:19:09.901,1.05645,1.0569,0.80,0.60
2008.05.28 19:19:10.742,1.05645,1.0569,0.80,0.60
2008.05.28 19:19:10.820,1.05645,1.057,0.80,0.60
2008.05.28 19:19:13.413,1.05645,1.05695,0.80,0.80
2008.05.28 19:19:14.129,1.05645,1.0569,0.80,0.80
2008.05.28 19:19:14.241,1.05645,1.0569,0.80,0.50
2008.05.28 19:19:15.067,1.05645,1.0569,0.80,0.50
2008.05.28 19:19:18.306,1.05645,1.0569,0.80,5.40
2008.05.28 19:19:19.430,1.05645,1.0569,0.80,0.60
2008.05.28 19:19:35.841,1.05645,1.0569,0.80,3.80
2008.05.28 19:19:36.138,1.05635,1.0569,0.80,6.30
2008.05.28 19:19:50.947,1.0564,1.0569,0.80,0.80
2008.05.28 19:19:51.170,1.0564,1.0569,0.70,6.50
2008.05.28 19:19:51.564,1.0564,1.0569,0.70,1.50
2008.05.28 19:19:51.652,1.0565,1.0569,0.80,2.40
2008.05.28 19:19:51.738,1.0565,1.0569,1.10,2.20
2008.05.28 19:19:51.939,1.0565,1.0569,1.10,0.50
2008.05.28 19:19:52.888,1.0565,1.0569,0.80,0.80
2008.05.28 19:19:53.049,1.0565,1.057,0.80,3.20
2008.05.28 19:19:53.226,1.0565,1.057,1.20,1.30
2008.05.28 19:19:53.282,1.05655,1.057,0.80,1.40
2008.05.28 19:19:53.663,1.0566,1.057,0.80,3.10
2008.05.28 19:19:53.720,1.0566,1.057,1.10,1.60
2008.05.28 19:19:53.882,1.0566,1.057,0.80,0.80
2008.05.28 19:19:53.939,1.0566,1.057,1.20,2.40
2008.05.28 19:19:54.068,1.0566,1.0571,1.00,3.30
2008.05.28 19:19:54.223,1.0566,1.0571,0.90,1.40
2008.05.28 19:19:54.490,1.05665,1.0571,0.80,2.80
2008.05.28 19:19:54.620,1.05665,1.05715,0.80,0.80
2008.05.28 19:19:54.922,1.0567,1.05715,0.80,0.80
2008.05.28 19:19:55.200,1.0567,1.05715,0.70,0.80
2008.05.28 19:19:56.527,1.0567,1.0573,1.10,0.70
2008.05.28 19:19:58.137,1.0567,1.0572,0.80,2.10
2008.05.28 19:19:58.489,1.0567,1.0572,1.10,0.90
2008.05.28 19:19:58.927,1.0567,1.05725,0.70,0.80
2008.05.28 19:20:00.537,1.0567,1.0572,0.90,0.70
2008.05.28 19:20:01.164,1.0567,1.0572,1.20,5.30
2008.05.28 19:20:01.434,1.0567,1.0572,0.90,3.10
2008.05.28 19:20:22.194,1.0567,1.0572,0.90,2.10
2008.05.28 19:20:22.400,1.0567,1.0572,1.20,1.90
2008.05.28 19:20:22.521,1.0567,1.0573,0.70,5.40
2008.05.28 19:20:24.531,1.0567,1.0573,1.20,0.50
2008.05.28 19:20:29.421,1.0567,1.05725,0.90,0.80
2008.05.28 19:20:29.742,1.0567,1.0573,1.10,3.70
2008.05.28 19:20:29.949,1.0567,1.0573,1.20,1.10
2008.05.28 19:20:30.219,1.0567,1.05725,1.10,0.80
2008.05.28 19:20:30.750,1.0567,1.0573,0.50,4.10
2008.05.28 19:20:37.171,1.0567,1.0573,1.10,1.10
2008.05.28 19:20:37.480,1.0567,1.0573,1.10,5.10
2008.05.28 19:20:37.775,1.0567,1.05725,1.10,0.80
2008.05.28 19:20:42.734,1.0567,1.05725,0.50,0.80
2008.05.28 19:20:53.747,1.05675,1.05725,0.80,0.80
2008.05.28 19:21:00.153,1.05675,1.0572,0.80,0.80
2008.05.28 19:21:00.226,1.05665,1.0572,0.80,0.80
2008.05.28 19:21:00.359,1.05665,1.0572,0.80,1.50
2008.05.28 19:21:00.441,1.05665,1.0572,0.80,1.30
2008.05.28 19:21:01.473,1.05665,1.05715,0.80,0.80
2008.05.28 19:21:04.203,1.0565,1.05715,0.60,0.80
2008.05.28 19:21:04.426,1.05655,1.05715,0.80,0.80
2008.05.28 19:21:05.192,1.0566,1.05715,0.80,0.80
2008.05.28 19:21:05.478,1.05665,1.05715,0.80,0.80
2008.05.28 19:21:22.887,1.05665,1.05725,0.80,0.80
2008.05.28 19:21:22.987,1.05665,1.0572,0.80,0.80
2008.05.28 19:21:23.220,1.05665,1.0572,0.80,0.70
2008.05.28 19:21:23.281,1.05665,1.0572,0.80,2.50
2008.05.28 19:21:23.397,1.05665,1.0572,0.80,0.90
2008.05.28 19:21:24.066,1.05665,1.05715,0.80,0.80
2008.05.28 19:21:29.144,1.05655,1.05715,0.80,0.80
2008.05.28 19:21:30.083,1.05655,1.05715,0.80,0.80
2008.05.28 19:21:33.562,1.0566,1.05715,0.80,0.80
2008.05.28 19:21:33.672,1.0566,1.05715,1.60,0.80
2008.05.28 19:21:33.728,1.0566,1.05715,2.10,0.80
2008.05.28 19:21:33.937,1.05665,1.05715,0.80,0.80
2008.05.28 19:21:38.516,1.05665,1.05725,0.80,0.80
2008.05.28 19:21:38.647,1.0567,1.05725,0.80,0.80
2008.05.28 19:21:38.696,1.0567,1.05725,0.90,0.80
2008.05.28 19:21:42.332,1.0567,1.0572,0.60,0.90
2008.05.28 19:21:42.557,1.0567,1.0572,0.60,0.90
2008.05.28 19:21:42.724,1.0567,1.0572,1.10,0.80
2008.05.28 19:21:43.044,1.0567,1.0572,0.50,0.50
2008.05.28 19:21:44.087,1.0567,1.0572,3.60,0.80
2008.05.28 19:21:44.181,1.05675,1.0572,0.80,0.50
2008.05.28 19:21:44.701,1.0567,1.0572,1.30,0.90
2008.05.28 19:21:44.791,1.0566,1.0572,2.00,0.90
2008.05.28 19:21:44.921,1.05665,1.0572,0.80,1.10
2008.05.28 19:21:45.898,1.05665,1.05715,0.80,0.80
2008.05.28 19:21:46.156,1.05665,1.0571,0.80,0.80
2008.05.28 19:21:46.230,1.0565,1.0571,0.80,0.50
2008.05.28 19:21:46.294,1.0565,1.0571,0.80,0.70
2008.05.28 19:21:46.652,1.05645,1.0571,0.80,4.50
2008.05.28 19:21:46.760,1.05645,1.0571,0.80,3.70
2008.05.28 19:21:47.102,1.05645,1.05705,0.80,0.80
2008.05.28 19:21:49.460,1.05645,1.057,0.80,0.80
2008.05.28 19:21:49.529,1.05645,1.057,0.80,0.90
2008.05.28 19:21:49.677,1.05635,1.057,0.80,5.00
2008.05.28 19:21:50.071,1.05635,1.057,0.80,1.00
2008.05.28 19:21:50.175,1.05635,1.057,0.80,1.80
2008.05.28 19:21:50.206,1.05635,1.05695,0.80,0.80
2008.05.28 19:21:50.507,1.0564,1.05695,0.80,0.80
2008.05.28 19:21:50.781,1.0564,1.05695,0.70,0.80
2008.05.28 19:21:50.952,1.0564,1.05695,0.90,0.80
2008.05.28 19:21:51.122,1.05645,1.057,0.80,0.80
2008.05.28 19:21:51.291,1.05645,1.057,0.80,0.50
2008.05.28 19:21:52.038,1.05645,1.057,0.80,0.80
2008.05.28 19:21:52.150,1.05645,1.057,0.80,1.00
2008.05.28 19:21:52.229,1.05645,1.057,0.80,0.80
2008.05.28 19:21:52.379,1.05645,1.057,0.80,0.50
2008.05.28 19:21:52.817,1.0565,1.057,0.80,1.20
2008.05.28 19:21:52.944,1.0565,1.057,0.60,1.20
2008.05.28 19:21:53.053,1.0565,1.057,1.40,1.00
2008.05.28 19:21:53.167,1.05655,1.057,0.80,1.10
2008.05.28 19:21:53.373,1.05655,1.057,0.80,0.80
2008.05.28 19:21:53.672,1.05655,1.05715,0.80,0.80
2008.05.28 19:21:53.771,1.05655,1.0571,0.80,0.80
2008.05.28 19:21:53.951,1.05655,1.0571,0.80,0.80
2008.05.28 19:21:55.669,1.0566,1.0571,0.80,0.80
2008.05.28 19:21:55.769,1.0566,1.0571,0.50,0.70
2008.05.28 19:21:57.672,1.0566,1.0571,1.90,0.90
2008.05.28 19:21:57.820,1.0566,1.0571,1.50,0.60
2008.05.28 19:21:58.039,1.0566,1.0571,1.90,0.70
2008.05.28 19:21:58.187,1.05665,1.0571,0.80,0.80
2008.05.28 19:22:03.446,1.05665,1.0571,0.80,0.80
2008.05.28 19:22:03.691,1.0567,1.0571,0.80,0.80
2008.05.28 19:22:03.870,1.0567,1.0572,1.10,0.60
2008.05.28 19:22:06.457,1.0567,1.0572,1.40,0.90
2008.05.28 19:22:06.566,1.0567,1.0572,1.00,1.20
2008.05.28 19:22:06.681,1.0567,1.0572,1.40,1.20
2008.05.28 19:22:06.884,1.05675,1.0572,0.80,1.10
2008.05.28 19:22:07.248,1.0567,1.0572,1.30,0.60
2008.05.28 19:22:07.434,1.0566,1.0571,0.60,0.80
2008.05.28 19:22:07.636,1.05665,1.0571,0.80,0.90
2008.05.28 19:22:21.729,1.05655,1.0571,0.80,1.10
2008.05.28 19:22:23.511,1.05655,1.0571,0.80,0.80
2008.05.28 19:22:25.302,1.05655,1.057,0.80,0.60
2008.05.28 19:22:25.434,1.0565,1.057,0.80,0.50
2008.05.28 19:22:25.742,1.0565,1.05695,0.80,0.80
2008.05.28 19:22:26.499,1.05645,1.05695,0.80,0.80
2008.05.28 19:22:26.934,1.05645,1.0569,0.80,1.00
2008.05.28 19:22:27.147,1.05645,1.0569,0.80,1.50
2008.05.28 19:22:27.265,1.05635,1.0569,0.80,0.70
2008.05.28 19:22:27.414,1.05635,1.05685,0.80,0.80
2008.05.28 19:22:27.951,1.05625,1.05685,0.80,0.80
2008.05.28 19:22:28.776,1.05635,1.05685,0.80,0.80
2008.05.28 19:22:34.285,1.05635,1.0568,0.80,0.60
2008.05.28 19:22:34.465,1.05625,1.05675,0.80,0.80
2008.05.28 19:22:37.359,1.0563,1.05675,0.80,0.80
2008.05.28 19:22:37.389,1.0563,1.0568,0.70,0.80
2008.05.28 19:22:37.475,1.0563,1.05685,0.70,0.80
2008.05.28 19:22:37.698,1.0563,1.05685,0.60,0.80
2008.05.28 19:22:37.715,1.05635,1.05685,0.80,0.80
2008.05.28 19:22:37.909,1.0564,1.05685,0.80,0.80
2008.05.28 19:22:38.178,1.0564,1.0569,0.70,1.30
2008.05.28 19:22:38.428,1.0564,1.057,0.80,3.10
2008.05.28 19:22:38.678,1.0564,1.05695,0.80,0.80
2008.05.28 19:22:38.924,1.05645,1.05695,0.80,0.80
2008.05.28 19:22:39.389,1.0565,1.05695,0.80,0.80
2008.05.28 19:22:39.514,1.05655,1.05705,0.80,0.80
2008.05.28 19:22:39.683,1.0566,1.05705,0.80,0.80
2008.05.28 19:22:39.772,1.0566,1.05705,0.70,0.80
2008.05.28 19:22:39.944,1.0566,1.0571,0.70,0.70
2008.05.28 19:22:40.030,1.0566,1.05715,0.60,0.80
2008.05.28 19:22:40.191,1.0566,1.05715,0.80,0.80
2008.05.28 19:22:40.349,1.05665,1.05715,0.80,0.80
2008.05.28 19:22:40.991,1.0566,1.0572,0.80,0.90
2008.05.28 19:22:41.322,1.0566,1.0572,0.70,0.70
2008.05.28 19:22:41.531,1.0566,1.057,0.80,0.70
2008.05.28 19:22:41.634,1.0565,1.057,0.50,0.80
2008.05.28 19:22:41.746,1.0565,1.0571,0.70,3.60
2008.05.28 19:22:41.851,1.0565,1.0571,0.50,3.00
2008.05.28 19:22:41.948,1.0565,1.057,0.80,0.80
2008.05.28 19:22:42.250,1.0564,1.057,0.70,0.50
2008.05.28 19:22:42.598,1.05645,1.057,0.80,0.70
2008.05.28 19:22:43.178,1.05645,1.057,0.80,2.70
2008.05.28 19:22:43.460,1.05645,1.057,0.80,0.70
2008.05.28 19:22:43.890,1.05645,1.057,0.80,0.90
2008.05.28 19:22:44.018,1.05645,1.057,0.80,1.60
2008.05.28 19:22:44.435,1.05645,1.05695,0.80,0.80
2008.05.28 19:22:44.996,1.05635,1.05695,0.80,0.80
2008.05.28 19:22:45.341,1.05635,1.0569,0.80,0.80
2008.05.28 19:22:45.516,1.05635,1.0569,0.80,0.80
2008.05.28 19:22:47.807,1.05635,1.0569,0.80,0.80
2008.05.28 19:22:47.871,1.05635,1.057,0.80,2.70
2008.05.28 19:22:48.692,1.0564,1.057,0.80,3.50
2008.05.28 19:22:48.887,1.0564,1.057,0.60,0.90
2008.05.28 19:22:49.009,1.05645,1.057,0.80,1.20
2008.05.28 19:22:51.547,1.05645,1.0569,0.80,0.60
2008.05.28 19:22:51.748,1.0563,1.0569,0.90,0.50
2008.05.28 19:22:51.998,1.0563,1.05685,0.70,0.80
2008.05.28 19:22:52.202,1.0563,1.05685,0.80,0.80
2008.05.28 19:22:55.487,1.0563,1.0569,0.90,3.90
2008.05.28 19:22:55.588,1.0563,1.0569,0.50,3.00
2008.05.28 19:22:55.697,1.05635,1.0569,0.80,1.30
2008.05.28 19:22:56.015,1.05635,1.05695,0.80,0.80
2008.05.28 19:22:57.114,1.05635,1.0569,0.80,0.80
2008.05.28 19:22:57.325,1.05635,1.0569,0.80,4.80
2008.05.28 19:22:57.536,1.05625,1.05685,0.80,0.80
2008.05.28 19:22:57.691,1.05625,1.0569,0.80,1.20
2008.05.28 19:23:04.774,1.05625,1.0569,0.80,6.00
2008.05.28 19:23:04.884,1.05625,1.0569,0.80,1.80
2008.05.28 19:23:04.942,1.05625,1.0569,0.80,4.90
2008.05.28 19:23:05.004,1.0563,1.0568,0.80,2.20
2008.05.28 19:23:05.162,1.0563,1.0568,0.70,1.10
2008.05.28 19:23:05.217,1.0563,1.0569,0.70,0.60
2008.05.28 19:23:05.323,1.0563,1.0569,0.70,0.80
2008.05.28 19:23:05.432,1.0564,1.0569,0.80,0.80
2008.05.28 19:23:05.483,1.0564,1.057,0.80,4.30
2008.05.28 19:23:05.653,1.0564,1.057,0.80,2.80
2008.05.28 19:23:05.692,1.0564,1.057,0.80,2.50
2008.05.28 19:23:05.853,1.0564,1.0569,0.80,2.40
2008.05.28 19:23:06.012,1.0563,1.0569,0.60,3.50
2008.05.28 19:23:09.734,1.0563,1.0569,0.90,1.00
2008.05.28 19:23:09.990,1.05635,1.0569,0.80,2.30
2008.05.28 19:23:11.319,1.05635,1.0569,0.80,4.10
2008.05.28 19:23:11.749,1.05635,1.0569,0.80,4.20
2008.05.28 19:23:11.860,1.05635,1.0569,0.80,2.50
2008.05.28 19:23:12.078,1.05635,1.0569,0.80,0.60
2008.05.28 19:23:12.219,1.05635,1.05685,0.80,0.80
2008.05.28 19:23:21.343,1.0564,1.05685,0.80,0.80
2008.05.28 19:23:21.451,1.0564,1.0569,0.80,1.20
2008.05.28 19:23:21.637,1.0564,1.05695,0.50,0.80
2008.05.28 19:23:22.198,1.0565,1.057,0.80,6.10
2008.05.28 19:23:22.288,1.0565,1.05705,1.20,0.80
2008.05.28 19:23:23.008,1.05655,1.05705,0.80,0.80
2008.05.28 19:23:25.955,1.05655,1.05715,0.80,0.80
2008.05.28 19:23:27.398,1.05655,1.0571,0.80,0.80
2008.05.28 19:23:27.517,1.0565,1.0571,0.80,1.50
2008.05.28 19:23:27.637,1.0565,1.0571,0.80,0.50
2008.05.28 19:23:27.758,1.0565,1.0571,0.90,3.00
2008.05.28 19:23:28.030,1.0565,1.05705,1.10,0.80
2008.05.28 19:23:28.488,1.0565,1.057,1.10,0.90
2008.05.28 19:23:28.639,1.0565,1.057,1.10,1.40
2008.05.28 19:23:28.786,1.0565,1.057,1.00,0.70
2008.05.28 19:23:29.416,1.0565,1.057,0.80,0.90
2008.05.28 19:23:30.673,1.0565,1.057,1.00,0.80
2008.05.28 19:23:30.726,1.0565,1.0571,1.10,2.40
2008.05.28 19:23:30.783,1.0565,1.0571,0.90,2.30
2008.05.28 19:23:30.941,1.0565,1.05705,0.60,0.80
2008.05.28 19:23:33.960,1.0565,1.057,0.80,3.10
2008.05.28 19:23:34.328,1.05645,1.057,0.80,3.40
2008.05.28 19:23:35.075,1.05645,1.057,0.80,0.60
2008.05.28 19:23:35.684,1.05635,1.057,0.80,0.60
2008.05.28 19:23:35.764,1.05635,1.057,0.80,0.60
2008.05.28 19:23:36.005,1.05635,1.05695,0.80,0.80
2008.05.28 19:23:43.134,1.0565,1.057,0.80,0.80
2008.05.28 19:23:43.218,1.05655,1.057,0.80,0.60
2008.05.28 19:23:43.286,1.0566,1.057,1.20,0.80
2008.05.28 19:23:43.351,1.0566,1.057,0.70,0.80
2008.05.28 19:23:43.676,1.05645,1.0571,0.80,0.90
2008.05.28 19:23:44.334,1.0565,1.0571,0.90,0.90
2008.05.28 19:23:44.434,1.0565,1.0571,0.90,0.90
2008.05.28 19:23:46.285,1.05655,1.0571,0.80,0.50
2008.05.28 19:23:48.487,1.05655,1.05715,0.80,0.80
2008.05.28 19:23:50.130,1.0566,1.05715,0.80,0.80
2008.05.28 19:23:50.202,1.0566,1.05715,0.60,0.80
2008.05.28 19:24:00.980,1.0566,1.0572,1.10,0.50
2008.05.28 19:24:01.484,1.0566,1.05725,1.50,0.80
2008.05.28 19:24:01.610,1.0567,1.05725,0.80,0.80
2008.05.28 19:24:01.728,1.0567,1.05725,0.60,0.80
2008.05.28 19:24:02.695,1.0567,1.0572,1.20,0.80
2008.05.28 19:24:02.820,1.0567,1.0572,0.80,0.70
2008.05.28 19:24:02.948,1.0566,1.0572,0.80,0.90
2008.05.28 19:24:05.040,1.0566,1.0572,1.60,3.70
2008.05.28 19:24:05.192,1.05665,1.0572,0.80,1.10
2008.05.28 19:24:05.617,1.05665,1.05725,0.80,0.80
2008.05.28 19:24:13.226,1.05665,1.0572,0.80,3.30
2008.05.28 19:24:13.401,1.05655,1.0572,0.80,0.70
2008.05.28 19:24:14.218,1.05655,1.0572,0.80,1.00
2008.05.28 19:24:14.485,1.05655,1.05715,0.80,0.80
2008.05.28 19:24:15.321,1.05655,1.0571,0.80,0.80
2008.05.28 19:24:15.435,1.05655,1.0571,0.80,0.90
2008.05.28 19:24:15.986,1.0565,1.0571,1.00,0.80
2008.05.28 19:24:16.055,1.0565,1.0571,0.80,3.00
2008.05.28 19:24:16.213,1.0564,1.05705,0.80,0.80
2008.05.28 19:24:16.286,1.0564,1.057,0.70,3.20
2008.05.28 19:24:18.149,1.05645,1.057,0.80,0.70
2008.05.28 19:24:18.568,1.05645,1.05705,0.80,0.80
2008.05.28 19:24:19.325,1.05645,1.0571,0.80,4.20
2008.05.28 19:24:19.456,1.0565,1.0571,0.60,1.60
2008.05.28 19:24:21.940,1.0565,1.0571,0.60,2.70
2008.05.28 19:24:22.230,1.0565,1.0571,1.00,2.20
2008.05.28 19:24:28.510,1.0565,1.0571,0.70,0.50
2008.05.28 19:24:36.331,1.0565,1.05705,0.90,0.80
2008.05.28 19:24:46.601,1.0566,1.05705,0.80,0.80
2008.05.28 19:24:46.663,1.0566,1.0571,0.60,0.50
2008.05.28 19:24:47.280,1.05665,1.0572,0.80,0.70
2008.05.28 19:24:47.528,1.0566,1.0572,0.70,0.90
2008.05.28 19:24:48.789,1.0566,1.0571,0.80,0.60
2008.05.28 19:24:49.097,1.0565,1.0571,1.10,0.50
2008.05.28 19:24:52.159,1.0565,1.0571,0.80,0.80
2008.05.28 19:24:52.206,1.0564,1.0571,1.30,0.50
2008.05.28 19:24:52.300,1.0564,1.0571,1.70,0.80
2008.05.28 19:24:52.451,1.0564,1.0571,0.80,0.60
2008.05.28 19:24:52.536,1.05645,1.05705,0.80,0.80
2008.05.28 19:24:52.967,1.0565,1.05705,0.80,0.80
2008.05.28 19:24:53.048,1.0565,1.05705,1.00,0.80
2008.05.28 19:24:57.193,1.0565,1.05705,1.60,0.80
2008.05.28 19:24:57.356,1.0565,1.05705,1.80,0.80
2008.05.28 19:24:57.435,1.0565,1.05705,1.50,0.80
2008.05.28 19:24:57.546,1.05655,1.05715,0.80,0.80
2008.05.28 19:24:59.641,1.0566,1.05715,0.80,0.80
2008.05.28 19:24:59.948,1.0566,1.05715,1.20,0.80
2008.05.28 19:25:11.406,1.0566,1.0572,1.10,6.40
2008.05.28 19:25:11.478,1.0566,1.0572,0.90,3.30
2008.05.28 19:25:11.575,1.0567,1.0572,0.80,2.00
2008.05.28 19:25:11.734,1.0567,1.0572,0.80,3.30
2008.05.28 19:25:11.986,1.0567,1.0573,1.20,3.40
2008.05.28 19:25:13.321,1.05675,1.0573,0.80,3.90
2008.05.28 19:25:14.334,1.05675,1.0573,0.80,0.50
2008.05.28 19:25:15.627,1.05675,1.0573,0.80,4.10
2008.05.28 19:25:15.674,1.05675,1.0573,0.80,3.60
2008.05.28 19:25:15.939,1.05675,1.0573,0.80,3.10
2008.05.28 19:25:16.868,1.05675,1.0573,0.80,1.00
2008.05.28 19:25:17.242,1.0568,1.0573,0.80,5.70
2008.05.28 19:25:17.403,1.0568,1.0573,0.80,0.80
2008.05.28 19:25:17.492,1.0568,1.0574,0.80,0.50
2008.05.28 19:25:17.968,1.0568,1.05735,0.60,0.80
2008.05.28 19:25:18.284,1.0568,1.0573,0.90,3.00
2008.05.28 19:25:18.385,1.0568,1.0573,0.80,3.50
2008.05.28 19:25:18.498,1.0567,1.0573,0.80,1.40
2008.05.28 19:25:21.225,1.05675,1.0573,0.80,2.80
2008.05.28 19:25:22.719,1.05675,1.0573,0.80,4.40
2008.05.28 19:25:22.804,1.05675,1.05725,0.80,0.80
2008.05.28 19:25:45.567,1.0568,1.05725,0.80,0.80
2008.05.28 19:25:45.705,1.0568,1.0573,0.80,3.90
2008.05.28 19:25:45.859,1.0568,1.0573,0.50,5.20
2008.05.28 19:25:45.938,1.0568,1.05725,0.90,0.80
2008.05.28 19:25:46.504,1.0568,1.0573,0.70,2.60
2008.05.28 19:25:46.754,1.0568,1.0574,1.10,1.90
2008.05.28 19:25:46.927,1.0568,1.05735,1.10,0.80
2008.05.28 19:25:47.507,1.0568,1.0573,0.70,4.30
2008.05.28 19:25:48.305,1.0568,1.05735,0.80,0.80
2008.05.28 19:25:48.829,1.0568,1.0573,0.80,1.80
2008.05.28 19:25:48.976,1.0567,1.0573,0.80,1.40
2008.05.28 19:25:49.215,1.0567,1.0573,1.00,1.40
2008.05.28 19:26:00.193,1.0568,1.0573,1.50,0.60
2008.05.28 19:26:00.258,1.05685,1.0573,0.80,0.70
2008.05.28 19:26:00.314,1.0569,1.0573,1.60,1.00
2008.05.28 19:26:00.442,1.0569,1.0573,0.80,1.00
2008.05.28 19:26:02.662,1.0569,1.0573,0.80,1.10
2008.05.28 19:26:02.727,1.05685,1.0573,0.80,0.50
2008.05.28 19:26:04.091,1.0569,1.0573,1.40,1.00
2008.05.28 19:26:04.190,1.0569,1.0573,0.60,0.50
2008.05.28 19:26:04.289,1.0569,1.0573,1.10,0.80
2008.05.28 19:26:04.416,1.05695,1.0574,0.80,0.60
2008.05.28 19:26:04.972,1.05695,1.0574,0.80,0.80
2008.05.28 19:26:05.080,1.057,1.0574,0.80,0.80
2008.05.28 19:26:05.179,1.057,1.05745,1.00,0.80
2008.05.28 19:26:05.718,1.057,1.0575,1.00,1.00
2008.05.28 19:26:08.208,1.057,1.05755,1.70,0.80
2008.05.28 19:26:08.328,1.05705,1.05755,0.80,0.80
2008.05.28 19:26:10.693,1.05705,1.0575,0.80,1.00
2008.05.28 19:26:10.733,1.057,1.0575,0.80,1.20
2008.05.28 19:26:10.915,1.057,1.0575,1.20,1.00
2008.05.28 19:26:12.975,1.05705,1.0575,0.80,0.50
2008.05.28 19:26:14.019,1.0571,1.0575,0.80,0.60
2008.05.28 19:26:14.164,1.05715,1.0575,0.80,0.60
2008.05.28 19:26:15.497,1.05715,1.05755,0.80,0.80
2008.05.28 19:26:15.970,1.05705,1.05755,0.80,0.80
2008.05.28 19:26:16.250,1.0571,1.05755,0.80,0.80
2008.05.28 19:26:16.399,1.0571,1.05755,0.50,0.80
2008.05.28 19:26:18.656,1.0571,1.0576,1.20,0.80
2008.05.28 19:26:19.094,1.0571,1.0576,0.50,0.50
2008.05.28 19:26:19.260,1.0571,1.05765,0.70,0.80
2008.05.28 19:26:19.440,1.0571,1.05765,0.70,0.80
2008.05.28 19:26:19.657,1.0571,1.0576,0.60,0.50
2008.05.28 19:26:20.128,1.0571,1.0576,0.60,0.90
2008.05.28 19:26:20.958,1.05715,1.0576,0.80,1.10
2008.05.28 19:26:21.401,1.05715,1.0576,0.80,0.60
2008.05.28 19:26:22.097,1.05715,1.0576,0.80,0.60
2008.05.28 19:26:22.745,1.0571,1.0576,0.80,2.50
2008.05.28 19:26:23.016,1.05705,1.0576,0.80,0.50
2008.05.28 19:26:23.965,1.05705,1.05755,0.80,0.80
2008.05.28 19:26:24.276,1.0571,1.05755,0.80,0.80
2008.05.28 19:26:24.485,1.0571,1.05755,0.70,0.80
2008.05.28 19:26:24.754,1.0571,1.0575,0.60,1.40
2008.05.28 19:26:24.873,1.0571,1.0575,0.80,1.50
2008.05.28 19:26:24.998,1.057,1.0575,0.80,1.50
2008.05.28 19:26:27.109,1.057,1.0575,0.70,1.50
2008.05.28 19:26:27.262,1.05705,1.0576,0.80,1.10
2008.05.28 19:26:27.763,1.05705,1.05755,0.80,0.80
2008.05.28 19:26:37.539,1.0571,1.05755,0.80,0.80
2008.05.28 19:26:37.602,1.0571,1.05755,0.80,0.80
2008.05.28 19:26:37.660,1.0571,1.0576,0.90,1.50
2008.05.28 19:26:37.722,1.0571,1.0576,0.90,1.60
2008.05.28 19:26:38.132,1.0571,1.0576,0.80,1.20
2008.05.28 19:26:38.243,1.0571,1.05765,0.70,0.80
2008.05.28 19:26:44.135,1.05715,1.05765,0.80,0.80
2008.05.28 19:26:45.018,1.05715,1.0575,0.80,0.90
2008.05.28 19:26:45.233,1.05715,1.0576,0.80,0.80
2008.05.28 19:26:45.425,1.05715,1.0576,0.80,0.70
2008.05.28 19:26:45.648,1.05705,1.0576,0.80,0.60
2008.05.28 19:26:45.814,1.0571,1.0576,0.80,1.10
2008.05.28 19:26:46.011,1.05715,1.0576,0.80,0.60
2008.05.28 19:26:48.807,1.05715,1.0576,0.80,1.90
2008.05.28 19:26:49.000,1.05715,1.0576,0.80,1.70
2008.05.28 19:26:49.073,1.05715,1.0576,0.80,0.90
2008.05.28 19:26:50.538,1.05715,1.0576,0.80,1.90
2008.05.28 19:26:51.760,1.05715,1.0576,0.80,0.50
2008.05.28 19:26:52.507,1.05715,1.0576,0.80,0.80
2008.05.28 19:26:52.679,1.05715,1.0577,0.80,2.00
2008.05.28 19:26:53.391,1.05715,1.0577,0.80,1.00
2008.05.28 19:26:53.511,1.0572,1.0577,0.80,0.80
2008.05.28 19:26:53.739,1.0572,1.05775,1.20,0.80
2008.05.28 19:26:54.715,1.05725,1.05775,0.80,0.80
2008.05.28 19:26:55.451,1.05725,1.0576,0.80,0.80
2008.05.28 19:26:55.726,1.0572,1.0576,0.90,0.70
2008.05.28 19:26:58.341,1.0572,1.0576,0.80,0.90
2008.05.28 19:26:58.455,1.0571,1.0576,0.90,1.50
2008.05.28 19:27:00.678,1.05715,1.0576,0.80,0.80
2008.05.28 19:27:00.706,1.05715,1.0577,0.80,1.80
2008.05.28 19:27:04.164,1.05715,1.0577,0.80,0.50
2008.05.28 19:27:04.209,1.05715,1.0577,0.80,0.70
2008.05.28 19:27:04.281,1.05715,1.0578,0.80,0.80
2008.05.28 19:27:04.409,1.05715,1.0578,0.80,2.80
2008.05.28 19:27:11.429,1.0572,1.0578,0.80,2.10
2008.05.28 19:27:11.661,1.0572,1.0578,0.50,3.10
2008.05.28 19:27:15.411,1.05725,1.0578,0.80,2.50
2008.05.28 19:27:17.142,1.0573,1.0578,0.80,2.30
2008.05.28 19:27:17.428,1.0573,1.0578,1.20,1.20
2008.05.28 19:27:21.960,1.0573,1.0578,0.60,0.80
2008.05.28 19:27:22.573,1.0574,1.0578,0.80,0.60
2008.05.28 19:27:22.699,1.0574,1.0578,1.20,0.90
2008.05.28 19:27:25.179,1.05745,1.0578,0.80,0.70
2008.05.28 19:27:26.295,1.0575,1.0578,0.80,0.50
2008.05.28 19:27:26.486,1.0575,1.0578,0.90,0.70
2008.05.28 19:27:26.812,1.0575,1.0578,0.80,0.90
2008.05.28 19:27:26.897,1.0574,1.0578,0.60,0.60
2008.05.28 19:27:27.046,1.0574,1.0578,0.70,0.70
2008.05.28 19:27:27.243,1.05745,1.0578,0.80,0.70
2008.05.28 19:27:28.224,1.05745,1.0578,0.80,0.70
2008.05.28 19:27:28.458,1.05735,1.0578,0.80,0.90
2008.05.28 19:27:29.798,1.05735,1.0578,0.80,0.50
2008.05.28 19:27:29.949,1.05735,1.0578,0.80,0.80
2008.05.28 19:27:30.493,1.05735,1.0579,0.80,0.60
2008.05.28 19:27:31.698,1.0574,1.0579,0.80,0.60
2008.05.28 19:27:31.896,1.0574,1.0579,0.70,0.70
2008.05.28 19:27:33.454,1.0574,1.0579,0.80,0.50
2008.05.28 19:27:33.566,1.0573,1.0579,0.80,0.80
2008.05.28 19:27:37.112,1.0573,1.0579,0.60,0.80
2008.05.28 19:27:37.175,1.0573,1.05785,0.80,0.80
2008.05.28 19:27:39.626,1.0573,1.05785,0.80,0.80
2008.05.28 19:27:39.682,1.05725,1.05785,0.80,0.80
2008.05.28 19:27:40.068,1.0573,1.05785,0.80,0.80
2008.05.28 19:27:40.194,1.0573,1.0578,0.80,0.80
2008.05.28 19:27:40.239,1.0573,1.0578,1.20,0.50
2008.05.28 19:27:42.883,1.0573,1.0578,1.00,0.80
2008.05.28 19:27:43.005,1.0573,1.0579,0.60,0.80
2008.05.28 19:27:43.106,1.0573,1.0579,0.80,0.80
2008.05.28 19:27:43.153,1.0573,1.0579,0.90,0.60
2008.05.28 19:27:43.435,1.0573,1.0579,0.80,0.80
2008.05.28 19:27:43.473,1.0573,1.05785,0.80,0.80
2008.05.28 19:27:43.549,1.0573,1.0578,0.80,0.50
2008.05.28 19:27:43.685,1.0572,1.0578,0.50,0.70
2008.05.28 19:27:49.525,1.0572,1.0578,1.00,0.80
2008.05.28 19:27:51.961,1.0572,1.0578,0.50,0.90
2008.05.28 19:27:52.058,1.0572,1.0578,1.00,0.80
2008.05.28 19:27:52.409,1.0573,1.0578,0.80,0.50
2008.05.28 19:27:52.492,1.0573,1.0579,0.70,0.70
2008.05.28 19:27:53.292,1.0573,1.0577,0.80,0.90
2008.05.28 19:27:53.432,1.0572,1.0577,0.70,0.80
2008.05.28 19:27:54.325,1.0572,1.0577,0.80,0.70
2008.05.28 19:27:54.503,1.05735,1.0577,0.80,0.60
2008.05.28 19:27:54.843,1.05735,1.0577,0.80,0.60
2008.05.28 19:27:56.447,1.05735,1.0577,0.80,0.80
2008.05.28 19:27:56.653,1.05735,1.0578,0.80,0.60
2008.05.28 19:28:00.688,1.05735,1.05775,0.80,0.80
2008.05.28 19:28:03.654,1.05735,1.0577,0.80,0.80
2008.05.28 19:28:03.913,1.05735,1.0577,0.80,0.90
2008.05.28 19:28:04.847,1.05735,1.0577,0.80,0.60
2008.05.28 19:28:05.806,1.0573,1.0577,0.80,0.70
2008.05.28 19:28:06.069,1.0573,1.0577,0.70,0.60
2008.05.28 19:28:07.258,1.0573,1.0577,0.60,0.90
2008.05.28 19:28:08.949,1.0573,1.0577,1.20,0.90
2008.05.28 19:28:10.368,1.0573,1.0577,0.70,0.50
2008.05.28 19:28:11.366,1.0573,1.0577,1.00,0.80
2008.05.28 19:28:12.875,1.0573,1.0577,0.80,1.30
2008.05.28 19:28:12.988,1.0572,1.0577,0.70,0.80
2008.05.28 19:28:13.317,1.0572,1.0577,1.10,0.50
2008.05.28 19:28:13.430,1.0573,1.0577,0.50,1.00
2008.05.28 19:28:14.415,1.0573,1.0577,0.70,1.30
2008.05.28 19:28:15.883,1.0573,1.0577,0.80,0.90
2008.05.28 19:28:15.926,1.0572,1.0577,1.10,2.90
2008.05.28 19:28:16.353,1.0573,1.0577,0.80,0.70
2008.05.28 19:28:16.439,1.0573,1.0577,0.50,0.90
2008.05.28 19:28:17.443,1.0573,1.0577,0.60,0.50
2008.05.28 19:28:18.395,1.0573,1.0577,0.60,0.50
2008.05.28 19:28:18.906,1.0573,1.0577,0.60,0.50
2008.05.28 19:28:19.909,1.0573,1.0577,0.80,0.90
2008.05.28 19:28:27.692,1.0573,1.0576,0.80,0.80
2008.05.28 19:28:27.769,1.0573,1.0576,0.80,0.50
2008.05.28 19:28:27.883,1.0573,1.0576,0.80,1.80
2008.05.28 19:28:27.947,1.0572,1.0576,0.80,3.00
2008.05.28 19:28:28.007,1.0572,1.0576,0.80,2.10
2008.05.28 19:28:28.164,1.05715,1.0576,0.80,0.70
2008.05.28 19:28:32.670,1.05705,1.0576,0.80,2.30
2008.05.28 19:28:32.800,1.0571,1.0576,0.80,0.70
2008.05.28 19:28:32.907,1.0571,1.0576,0.80,0.60
2008.05.28 19:28:33.199,1.0571,1.0576,0.60,0.60
2008.05.28 19:28:33.295,1.05715,1.0576,0.80,0.50
2008.05.28 19:28:37.184,1.05705,1.0576,0.80,1.10
2008.05.28 19:28:37.326,1.05705,1.0576,0.80,2.50
2008.05.28 19:28:37.512,1.0571,1.0576,0.80,1.30
2008.05.28 19:28:37.698,1.0571,1.0576,0.90,1.70
2008.05.28 19:28:37.885,1.0571,1.0576,0.70,0.90
2008.05.28 19:28:39.437,1.0571,1.0575,0.80,0.80
2008.05.28 19:28:39.635,1.0571,1.0575,0.90,1.70
2008.05.28 19:28:43.105,1.0571,1.0575,0.80,1.10
2008.05.28 19:28:43.217,1.057,1.0575,0.80,0.80
2008.05.28 19:28:43.337,1.057,1.0575,0.60,1.90
2008.05.28 19:28:43.452,1.05705,1.0575,0.80,1.00
2008.05.28 19:28:43.590,1.05705,1.0575,0.80,0.80
2008.05.28 19:28:44.928,1.05695,1.0575,0.80,0.90
2008.05.28 19:28:45.885,1.057,1.0575,0.80,0.70
2008.05.28 19:28:45.949,1.057,1.0575,0.50,0.50
2008.05.28 19:28:48.710,1.05705,1.0575,0.80,0.80
2008.05.28 19:28:49.702,1.05705,1.0574,0.80,0.80
2008.05.28 19:28:49.881,1.05695,1.0574,0.80,0.70
2008.05.28 19:28:50.062,1.05695,1.0574,0.80,0.60
2008.05.28 19:28:50.839,1.05695,1.0574,0.80,0.60
2008.05.28 19:28:52.658,1.05695,1.0574,0.80,0.80
2008.05.28 19:28:52.879,1.057,1.0574,0.80,0.80
2008.05.28 19:28:52.948,1.057,1.0575,0.80,0.80
2008.05.28 19:28:53.020,1.057,1.0575,0.50,0.70
2008.05.28 19:28:53.231,1.057,1.0575,0.80,0.60
2008.05.28 19:28:54.721,1.057,1.0575,0.50,0.90
2008.05.28 19:28:54.958,1.057,1.0575,1.00,0.50
2008.05.28 19:28:55.048,1.057,1.0575,0.80,0.90
2008.05.28 19:28:56.425,1.057,1.0575,1.70,0.80
2008.05.28 19:29:00.109,1.057,1.0575,0.70,0.70
2008.05.28 19:29:01.514,1.057,1.0575,1.00,0.70
2008.05.28 19:29:02.546,1.05705,1.0575,0.80,0.70
2008.05.28 19:29:04.671,1.057,1.0575,0.80,0.60
2008.05.28 19:29:04.848,1.057,1.0575,0.80,0.70
2008.05.28 19:29:05.031,1.057,1.0575,0.70,0.80
2008.05.28 19:29:06.548,1.057,1.0575,1.30,0.90
2008.05.28 19:29:08.566,1.057,1.0575,0.80,0.60
2008.05.28 19:29:08.795,1.0569,1.05745,2.10,0.80
2008.05.28 19:29:09.017,1.0569,1.05745,4.60,0.80
2008.05.28 19:29:09.391,1.0569,1.05745,0.50,0.80
2008.05.28 19:29:09.732,1.0569,1.0574,1.00,0.80
2008.05.28 19:29:09.948,1.0569,1.0574,0.80,0.80
2008.05.28 19:29:10.180,1.0569,1.05735,0.80,0.80
2008.05.28 19:29:10.394,1.05685,1.05735,0.80,0.80
2008.05.28 19:29:11.025,1.05685,1.05745,0.80,0.80
2008.05.28 19:29:13.473,1.0569,1.05745,0.80,0.80
2008.05.28 19:29:13.550,1.0569,1.05745,2.00,0.80
2008.05.28 19:29:14.624,1.0569,1.05745,0.90,0.80
2008.05.28 19:29:14.971,1.0569,1.0574,0.80,0.60
2008.05.28 19:29:15.303,1.0569,1.05745,0.60,0.80
2008.05.28 19:29:15.949,1.0569,1.05745,1.30,0.80
2008.05.28 19:29:16.692,1.05695,1.05745,0.80,0.80
2008.05.28 19:29:23.522,1.057,1.05745,0.80,0.80
2008.05.28 19:29:23.700,1.057,1.05745,1.20,0.80
2008.05.28 19:29:23.894,1.057,1.0575,0.60,0.50
2008.05.28 19:29:23.952,1.057,1.0576,0.60,0.80
2008.05.28 19:29:24.060,1.057,1.0575,0.70,0.80
2008.05.28 19:29:24.251,1.057,1.0575,0.80,0.80
2008.05.28 19:29:24.480,1.05705,1.0575,0.80,0.90
2008.05.28 19:29:27.593,1.0571,1.0575,1.80,0.70
2008.05.28 19:29:27.781,1.0571,1.0575,1.90,0.90
2008.05.28 19:29:28.082,1.0571,1.0575,0.80,0.80
2008.05.28 19:29:28.227,1.0571,1.0576,1.10,0.80
2008.05.28 19:29:28.996,1.05715,1.0576,0.80,0.70
2008.05.28 19:29:29.100,1.05715,1.0576,0.80,0.80
2008.05.28 19:29:30.056,1.05715,1.0576,0.80,0.50
2008.05.28 19:29:31.575,1.05715,1.0576,0.80,0.90
2008.05.28 19:29:34.621,1.05715,1.0576,0.80,0.90
2008.05.28 19:29:34.993,1.05705,1.0576,0.80,0.50
2008.05.28 19:29:35.995,1.0571,1.0576,0.80,2.20
2008.05.28 19:29:36.248,1.0571,1.0576,1.80,0.90
2008.05.28 19:29:37.955,1.0571,1.05755,1.50,0.80
2008.05.28 19:29:38.598,1.0571,1.05755,0.80,0.80
2008.05.28 19:29:38.701,1.057,1.05755,2.20,0.80
2008.05.28 19:29:39.056,1.057,1.05755,2.40,0.80
2008.05.28 19:29:39.991,1.0571,1.05755,0.80,0.80
2008.05.28 19:29:40.106,1.0571,1.05755,1.90,0.80
2008.05.28 19:29:40.139,1.0571,1.05755,2.00,0.80
2008.05.28 19:29:42.466,1.0571,1.05755,0.70,0.80
2008.05.28 19:29:42.571,1.0571,1.05755,0.80,0.80
2008.05.28 19:29:42.682,1.057,1.05755,5.00,0.80
2008.05.28 19:29:43.001,1.057,1.05755,4.50,0.80
2008.05.28 19:29:43.994,1.0571,1.05755,0.80,0.80
2008.05.28 19:29:44.088,1.0571,1.05755,1.50,0.80
2008.05.28 19:29:44.208,1.0571,1.05755,1.90,0.80
2008.05.28 19:29:46.023,1.0571,1.05755,0.80,0.80
2008.05.28 19:29:46.129,1.0571,1.05755,1.10,0.80
2008.05.28 19:29:46.204,1.057,1.05755,3.00,0.80
2008.05.28 19:29:46.558,1.057,1.05755,2.20,0.80
2008.05.28 19:29:47.142,1.057,1.05755,1.10,0.80
2008.05.28 19:29:47.529,1.05705,1.05755,0.80,0.80
2008.05.28 19:29:47.641,1.0571,1.05755,0.80,0.80
2008.05.28 19:29:47.764,1.0571,1.05755,0.80,0.80
2008.05.28 19:29:48.128,1.0571,1.05755,1.40,0.80
2008.05.28 19:29:50.080,1.0571,1.05755,0.70,0.80
2008.05.28 19:29:50.191,1.0571,1.05755,0.80,0.80
2008.05.28 19:29:50.223,1.057,1.05755,2.40,0.80
2008.05.28 19:29:50.517,1.057,1.05755,5.90,0.80
2008.05.28 19:29:51.717,1.0571,1.05755,0.80,0.80
2008.05.28 19:29:52.094,1.0571,1.05755,1.20,0.80
2008.05.28 19:29:54.260,1.0571,1.05755,0.80,0.80
2008.05.28 19:29:55.587,1.0571,1.05755,0.80,0.80
2008.05.28 19:29:55.713,1.057,1.05755,0.90,0.80
2008.05.28 19:29:56.081,1.0571,1.05755,1.40,0.80
2008.05.28 19:29:56.219,1.0571,1.05755,0.80,0.80
2008.05.28 19:29:57.092,1.0571,1.05755,0.80,0.80
2008.05.28 19:29:58.608,1.0571,1.05755,1.60,0.80
2008.05.28 19:30:01.027,1.0571,1.0574,1.10,0.80
2008.05.28 19:30:01.137,1.0571,1.0574,0.80,0.80
2008.05.28 19:30:01.235,1.0571,1.05735,0.50,0.80
2008.05.28 19:30:01.271,1.05695,1.05735,0.80,0.80
2008.05.28 19:30:03.160,1.05695,1.05755,0.80,0.80
2008.05.28 19:30:04.067,1.0571,1.05755,0.80,0.80
2008.05.28 19:30:04.231,1.0571,1.05755,1.60,0.80
2008.05.28 19:30:04.390,1.0571,1.05755,1.70,0.80
2008.05.28 19:30:06.110,1.0571,1.05755,0.60,0.80
2008.05.28 19:30:06.330,1.0571,1.05755,1.10,0.80
2008.05.28 19:30:06.441,1.0571,1.05755,1.40,0.80
2008.05.28 19:30:06.550,1.0571,1.0574,0.80,0.80
2008.05.28 19:30:06.658,1.0571,1.05755,0.80,0.80
2008.05.28 19:30:06.696,1.057,1.05735,0.80,0.80
2008.05.28 19:30:06.915,1.057,1.05755,0.70,0.80
2008.05.28 19:30:07.650,1.057,1.05755,0.80,0.80
2008.05.28 19:30:07.805,1.057,1.0575,0.80,0.70
2008.05.28 19:30:07.898,1.0569,1.0575,0.90,0.70
2008.05.28 19:30:07.994,1.0569,1.0575,0.50,0.80
2008.05.28 19:30:14.729,1.0569,1.0575,1.00,0.90
2008.05.28 19:30:14.893,1.0569,1.05745,0.70,0.80
2008.05.28 19:30:22.141,1.0569,1.05745,0.80,0.80
2008.05.28 19:30:22.175,1.0568,1.05745,5.60,0.80
2008.05.28 19:30:22.376,1.0568,1.0574,3.70,1.00
2008.05.28 19:30:22.479,1.0568,1.05745,1.20,0.80
2008.05.28 19:30:23.134,1.05685,1.05745,0.80,0.80
2008.05.28 19:30:26.727,1.05675,1.05745,0.80,0.80
2008.05.28 19:30:30.035,1.0568,1.05745,4.40,0.80
2008.05.28 19:30:30.195,1.0568,1.05745,0.60,0.80
2008.05.28 19:30:30.264,1.05685,1.05745,0.80,0.80
2008.05.28 19:30:31.607,1.05695,1.05745,0.80,0.80
2008.05.28 19:30:33.674,1.05695,1.05755,0.80,0.80
2008.05.28 19:30:36.080,1.057,1.05755,3.10,0.80
2008.05.28 19:30:36.425,1.057,1.05755,2.90,0.80
2008.05.28 19:30:36.523,1.05705,1.05755,0.80,0.80
2008.05.28 19:30:37.590,1.05705,1.05755,0.80,0.80
2008.05.28 19:30:41.956,1.057,1.05755,0.70,0.80
2008.05.28 19:30:42.085,1.05695,1.05755,0.80,0.80
2008.05.28 19:30:56.476,1.057,1.05755,0.70,0.80
2008.05.28 19:30:56.579,1.057,1.05755,0.80,0.80
2008.05.28 19:30:56.664,1.057,1.05755,0.70,0.80
2008.05.28 19:30:57.202,1.05705,1.05755,0.80,0.80
2008.05.28 19:30:57.643,1.057,1.05755,0.50,0.80
2008.05.28 19:30:57.865,1.057,1.05755,0.50,0.80
2008.05.28 19:30:57.961,1.057,1.05755,0.80,0.80
2008.05.28 19:30:58.406,1.05705,1.05755,0.80,0.80
2008.05.28 19:30:59.754,1.05705,1.05755,0.80,0.80
2008.05.28 19:31:04.116,1.0571,1.05755,0.80,0.80
2008.05.28 19:31:04.199,1.0571,1.05755,0.60,0.80
2008.05.28 19:31:04.248,1.05715,1.0576,0.80,0.60
2008.05.28 19:31:04.311,1.05715,1.0576,0.80,0.90
2008.05.28 19:31:04.511,1.05715,1.05765,0.80,0.80
2008.05.28 19:31:06.258,1.0572,1.05765,0.80,0.80
2008.05.28 19:31:06.686,1.0572,1.05765,0.70,0.80
2008.05.28 19:31:07.859,1.0572,1.05765,1.20,0.80
2008.05.28 19:31:07.886,1.0572,1.05775,0.60,0.80
2008.05.28 19:31:07.968,1.0572,1.05775,3.30,0.80
2008.05.28 19:31:08.210,1.05725,1.05775,0.80,0.80
2008.05.28 19:31:08.427,1.0572,1.05775,4.00,0.80
2008.05.28 19:31:08.629,1.0573,1.05775,0.80,0.80
2008.05.28 19:31:08.657,1.0573,1.0578,0.90,0.80
2008.05.28 19:31:08.944,1.0573,1.05785,0.50,0.80
2008.05.28 19:31:11.221,1.05735,1.0579,0.80,0.80
2008.05.28 19:31:11.285,1.0575,1.058,5.20,0.80
2008.05.28 19:31:11.431,1.05755,1.0581,0.80,0.70
2008.05.28 19:31:12.866,1.05755,1.0581,0.80,0.70
2008.05.28 19:31:18.060,1.0576,1.0581,0.80,0.80
2008.05.28 19:31:18.158,1.0576,1.0581,1.20,0.80
2008.05.28 19:31:19.486,1.0576,1.0581,0.60,0.90
2008.05.28 19:31:19.985,1.0576,1.05805,1.10,0.80
2008.05.28 19:31:20.658,1.0576,1.058,0.50,0.80
2008.05.28 19:31:20.763,1.0576,1.05805,1.20,0.80
2008.05.28 19:31:20.955,1.0576,1.0581,1.20,0.60
2008.05.28 19:31:21.236,1.0576,1.0581,1.00,0.70
2008.05.28 19:31:21.860,1.0576,1.0581,1.10,0.70
2008.05.28 19:31:23.653,1.0576,1.0581,0.80,0.60
2008.05.28 19:31:24.002,1.0575,1.0581,1.00,0.70
2008.05.28 19:31:24.233,1.0576,1.0581,1.10,0.80
2008.05.28 19:31:24.319,1.0576,1.0581,1.90,0.80
2008.05.28 19:31:24.404,1.05765,1.0582,0.80,0.60
2008.05.28 19:31:24.563,1.05765,1.0582,0.80,0.80
2008.05.28 19:31:24.992,1.0576,1.0582,1.10,0.50
2008.05.28 19:31:25.273,1.05755,1.0582,0.80,0.90
2008.05.28 19:31:25.552,1.05755,1.0581,0.80,0.50
2008.05.28 19:31:25.832,1.05755,1.0581,0.80,0.80
2008.05.28 19:31:26.111,1.05755,1.0581,0.80,0.80
2008.05.28 19:31:27.820,1.05755,1.0581,0.80,0.90
2008.05.28 19:31:27.949,1.05755,1.05805,0.80,0.80
2008.05.28 19:31:29.266,1.05755,1.0581,0.80,1.80
2008.05.28 19:31:29.326,1.05755,1.05815,0.80,0.80
2008.05.28 19:31:31.195,1.05745,1.05815,0.80,0.80
2008.05.28 19:31:32.696,1.0575,1.05815,0.80,0.80
2008.05.28 19:31:32.774,1.0575,1.05815,0.90,0.80
2008.05.28 19:31:32.826,1.0577,1.05815,0.80,0.80
2008.05.28 19:31:32.953,1.0578,1.05815,0.60,0.80
2008.05.28 19:31:33.028,1.0578,1.05825,0.70,0.80
2008.05.28 19:31:38.030,1.0578,1.05825,1.00,0.80
2008.05.28 19:31:38.330,1.0578,1.05825,1.90,0.80
2008.05.28 19:31:39.300,1.0578,1.05825,0.80,0.80
2008.05.28 19:31:39.468,1.0576,1.05825,0.80,0.80
2008.05.28 19:31:39.741,1.0576,1.0582,0.80,2.20
2008.05.28 19:31:39.849,1.05755,1.0582,0.80,4.20
2008.05.28 19:31:39.955,1.0575,1.05815,1.00,0.80
2008.05.28 19:31:41.913,1.0575,1.0582,0.50,1.10
2008.05.28 19:31:42.167,1.0575,1.0582,0.70,0.80
2008.05.28 19:31:42.268,1.0575,1.0582,4.60,1.20
2008.05.28 19:31:42.365,1.05755,1.0582,0.80,1.10
2008.05.28 19:31:42.492,1.0576,1.0582,0.80,0.70
2008.05.28 19:31:42.578,1.0576,1.05815,0.80,0.80
2008.05.28 19:31:42.668,1.0575,1.05815,4.10,0.80
2008.05.28 19:31:42.931,1.0575,1.0581,2.70,0.80
2008.05.28 19:31:43.278,1.05745,1.0581,0.80,1.10
2008.05.28 19:31:43.617,1.05745,1.05805,0.80,0.80
2008.05.28 19:31:43.957,1.05735,1.05805,0.80,0.80
2008.05.28 19:31:44.369,1.05735,1.058,0.80,0.80
2008.05.28 19:31:44.479,1.05735,1.05795,0.80,0.80
2008.05.28 19:31:44.985,1.0573,1.05795,3.80,0.80
2008.05.28 19:31:45.621,1.0573,1.05795,1.00,0.80
2008.05.28 19:31:46.322,1.0573,1.05795,2.50,0.80
2008.05.28 19:31:46.672,1.0573,1.05795,4.50,0.80
2008.05.28 19:31:47.180,1.0573,1.05795,2.40,0.80
2008.05.28 19:31:47.875,1.0573,1.05795,0.80,0.80
2008.05.28 19:31:48.076,1.0572,1.05795,3.50,0.80
2008.05.28 19:31:48.277,1.0573,1.05795,4.10,0.80
2008.05.28 19:31:51.791,1.0573,1.05795,2.90,0.80
2008.05.28 19:31:51.854,1.0573,1.05805,1.10,0.80
2008.05.28 19:31:52.239,1.0573,1.058,1.20,3.70
2008.05.28 19:31:52.385,1.0573,1.05795,0.60,0.80
2008.05.28 19:31:53.417,1.0575,1.05795,0.80,0.80
2008.05.28 19:31:53.507,1.05755,1.058,0.80,2.80
2008.05.28 19:31:53.588,1.05755,1.05805,0.80,0.80
2008.05.28 19:31:54.254,1.05745,1.05805,0.80,0.80
2008.05.28 19:31:54.410,1.0575,1.05805,0.80,0.80
2008.05.28 19:31:54.557,1.0575,1.05815,0.80,0.80
2008.05.28 19:32:03.260,1.0575,1.05815,0.80,0.80
2008.05.28 19:32:06.334,1.0575,1.0581,0.50,0.80
2008.05.28 19:32:06.400,1.0575,1.0581,0.60,0.60
2008.05.28 19:32:07.413,1.0575,1.0581,0.50,0.80
2008.05.28 19:32:07.763,1.0575,1.0582,0.60,2.50
2008.05.28 19:32:09.499,1.0575,1.0582,0.90,3.30
2008.05.28 19:32:09.960,1.05755,1.0582,0.80,2.50
2008.05.28 19:32:10.012,1.05755,1.0582,0.80,1.20
2008.05.28 19:32:11.620,1.0576,1.0582,0.80,1.00
2008.05.28 19:32:11.868,1.0576,1.0582,0.60,1.20
2008.05.28 19:32:12.392,1.0576,1.0582,0.80,0.90
2008.05.28 19:32:12.524,1.0576,1.0582,0.70,4.10
2008.05.28 19:32:12.959,1.0576,1.0582,0.80,1.80
2008.05.28 19:32:13.102,1.0575,1.0582,0.60,3.70
2008.05.28 19:32:13.250,1.0575,1.0582,0.60,0.60
2008.05.28 19:32:13.356,1.0575,1.0582,0.50,1.00
2008.05.28 19:32:13.430,1.05755,1.0582,0.80,0.50
2008.05.28 19:32:15.109,1.05755,1.0582,0.80,0.80
2008.05.28 19:32:15.214,1.05755,1.0583,0.80,1.90
2008.05.28 19:32:15.313,1.05755,1.0583,0.80,3.50
2008.05.28 19:32:20.229,1.05755,1.0582,0.80,2.90
2008.05.28 19:32:22.216,1.05755,1.0582,0.80,0.50
2008.05.28 19:32:22.464,1.05755,1.0582,0.80,5.00
2008.05.28 19:32:23.127,1.05755,1.0582,0.80,2.30
2008.05.28 19:32:23.222,1.05755,1.0582,0.80,0.90
2008.05.28 19:32:23.310,1.0576,1.0583,0.50,1.90
2008.05.28 19:32:26.405,1.0576,1.0582,0.80,0.80
2008.05.28 19:32:26.885,1.0576,1.0582,0.50,1.00
2008.05.28 19:32:29.059,1.05755,1.0582,0.80,2.30
2008.05.28 19:32:29.988,1.05755,1.0582,0.80,2.10
2008.05.28 19:32:30.313,1.05755,1.0581,0.80,1.40
2008.05.28 19:32:30.401,1.05755,1.058,0.80,1.20
2008.05.28 19:32:30.471,1.05735,1.058,0.80,1.20
2008.05.28 19:32:30.689,1.0572,1.058,0.70,1.80
2008.05.28 19:32:30.844,1.0572,1.0578,0.80,1.00
2008.05.28 19:32:30.901,1.0572,1.0578,0.50,0.80
2008.05.28 19:32:30.954,1.05715,1.0578,0.80,0.90
2008.05.28 19:32:31.120,1.0571,1.0578,0.60,1.90
2008.05.28 19:32:31.205,1.0571,1.0578,0.90,1.50
2008.05.28 19:32:31.295,1.057,1.0578,0.50,4.80
2008.05.28 19:32:31.392,1.057,1.0578,0.90,5.10
2008.05.28 19:32:31.477,1.05705,1.0578,0.80,7.10
2008.05.28 19:32:32.922,1.05705,1.0578,0.80,2.20
2008.05.28 19:32:33.363,1.0571,1.0578,3.00,0.80
2008.05.28 19:32:33.464,1.0571,1.0579,2.60,2.10
2008.05.28 19:32:33.976,1.0571,1.0578,2.10,1.20
2008.05.28 19:32:34.343,1.0571,1.0578,2.50,1.10
2008.05.28 19:32:34.543,1.0571,1.0578,1.10,0.60
2008.05.28 19:32:34.781,1.0571,1.0578,0.90,0.80
2008.05.28 19:32:34.943,1.05715,1.0579,0.80,2.10
2008.05.28 19:32:35.331,1.0573,1.0579,0.80,0.50
2008.05.28 19:32:35.431,1.0573,1.0579,0.80,0.80
2008.05.28 19:32:35.493,1.05735,1.058,0.80,1.60
2008.05.28 19:32:35.945,1.05735,1.058,0.80,1.00
2008.05.28 19:32:36.400,1.05735,1.058,0.80,0.80
2008.05.28 19:32:36.484,1.05735,1.0581,0.80,2.40
2008.05.28 19:32:42.901,1.0574,1.0581,0.80,1.00
2008.05.28 19:32:42.948,1.05745,1.0581,0.80,1.40
2008.05.28 19:32:46.859,1.05745,1.0582,0.80,2.20
2008.05.28 19:32:55.157,1.0575,1.0582,0.80,1.10
2008.05.28 19:32:55.234,1.0575,1.0582,1.00,1.00
2008.05.28 19:32:58.930,1.0575,1.0581,0.80,0.80
2008.05.28 19:32:58.989,1.0574,1.0581,3.40,3.10
2008.05.28 19:32:59.048,1.0574,1.0581,2.40,1.10
2008.05.28 19:32:59.110,1.0574,1.0581,0.50,1.00
2008.05.28 19:33:00.707,1.0574,1.0581,0.50,0.60
2008.05.28 19:33:15.116,1.05745,1.0581,0.80,3.20
2008.05.28 19:33:16.529,1.0575,1.0581,0.80,3.10
2008.05.28 19:33:16.782,1.0575,1.0581,0.50,2.90
2008.05.28 19:33:21.513,1.0575,1.0581,0.80,1.70
2008.05.28 19:33:21.734,1.0574,1.0581,4.90,1.20
2008.05.28 19:33:22.704,1.0574,1.0581,3.50,0.80
2008.05.28 19:33:23.224,1.05745,1.0581,0.80,2.50
2008.05.28 19:33:25.131,1.0575,1.0581,0.80,3.00
2008.05.28 19:33:25.184,1.0575,1.0581,0.90,2.20
2008.05.28 19:33:28.879,1.0575,1.0581,0.70,1.40
2008.05.28 19:33:28.989,1.0575,1.0581,0.90,1.20
2008.05.28 19:33:29.291,1.05755,1.0581,0.80,1.10
2008.05.28 19:33:29.592,1.05755,1.0581,0.80,0.80
2008.05.28 19:33:29.702,1.05755,1.0582,0.80,5.00
2008.05.28 19:33:30.731,1.05745,1.0581,0.80,0.80
2008.05.28 19:33:30.815,1.05745,1.0581,0.80,1.00
2008.05.28 19:33:31.437,1.05745,1.0581,0.80,1.10
2008.05.28 19:33:32.677,1.05745,1.05805,0.80,0.80
2008.05.28 19:33:33.948,1.05745,1.0581,0.80,0.90
2008.05.28 19:33:35.156,1.05745,1.0581,0.80,4.50
2008.05.28 19:33:35.270,1.05745,1.0581,0.80,4.10
2008.05.28 19:33:35.391,1.05745,1.0581,0.80,0.90
2008.05.28 19:33:37.908,1.05745,1.0581,0.80,0.80
2008.05.28 19:33:38.023,1.05745,1.0581,0.80,0.80
2008.05.28 19:33:38.176,1.05745,1.0582,0.80,4.30
2008.05.28 19:33:38.600,1.05745,1.0581,0.80,0.80
2008.05.28 19:33:38.706,1.05745,1.0581,0.80,0.80
2008.05.28 19:33:38.788,1.05745,1.0581,0.80,0.60
2008.05.28 19:33:41.056,1.05745,1.0581,0.80,0.60
2008.05.28 19:33:46.990,1.0575,1.0581,0.90,0.60
2008.05.28 19:33:47.053,1.0575,1.0581,0.50,0.60
2008.05.28 19:33:47.302,1.05755,1.0581,0.80,0.90
2008.05.28 19:33:47.550,1.05755,1.0581,0.80,0.70
2008.05.28 19:33:47.799,1.05755,1.0582,0.80,0.60
2008.05.28 19:33:49.867,1.05755,1.0582,0.80,0.80
2008.05.28 19:33:50.089,1.0576,1.0582,0.70,0.70
2008.05.28 19:33:50.200,1.0576,1.0582,0.60,0.60
2008.05.28 19:33:50.231,1.0576,1.0582,1.60,0.80
2008.05.28 19:33:50.307,1.0576,1.0583,1.60,0.50
2008.05.28 19:33:50.436,1.0576,1.0583,1.40,0.80
2008.05.28 19:33:53.092,1.0576,1.0583,0.70,0.90
2008.05.28 19:33:53.356,1.0576,1.0582,0.80,0.80
2008.05.28 19:33:53.499,1.0575,1.0582,5.30,0.80
2008.05.28 19:33:53.635,1.05725,1.0579,0.80,0.60
2008.05.28 19:33:53.906,1.05725,1.0578,0.80,0.80
2008.05.28 19:33:54.046,1.0572,1.0577,2.30,0.80
2008.05.28 19:33:54.190,1.0572,1.05755,1.20,0.80
2008.05.28 19:33:54.385,1.0571,1.05755,2.30,0.80
2008.05.28 19:33:55.919,1.0572,1.05755,2.40,0.80
2008.05.28 19:33:56.022,1.0572,1.05755,2.80,0.80
2008.05.28 19:33:56.122,1.0572,1.0577,3.30,0.80
2008.05.28 19:33:56.474,1.0572,1.05775,1.90,0.80
2008.05.28 19:33:56.573,1.0572,1.05775,4.50,0.80
2008.05.28 19:33:56.660,1.05725,1.05785,0.80,0.80
2008.05.28 19:33:57.101,1.0573,1.05785,3.30,0.80
2008.05.28 19:33:57.545,1.05725,1.05785,0.80,0.80
2008.05.28 19:33:57.644,1.05725,1.0579,0.80,0.70
2008.05.28 19:33:58.972,1.05725,1.0578,0.80,0.60
2008.05.28 19:33:59.148,1.05725,1.0578,0.80,0.90
2008.05.28 19:33:59.477,1.0572,1.0578,3.10,0.60
2008.05.28 19:33:59.518,1.0571,1.0578,2.10,0.80
2008.05.28 19:33:59.687,1.05715,1.05775,0.80,0.80
2008.05.28 19:34:00.493,1.0572,1.05775,1.40,0.80
2008.05.28 19:34:00.773,1.0572,1.05775,1.20,0.80
2008.05.28 19:34:00.922,1.0572,1.05775,1.90,0.80
2008.05.28 19:34:05.240,1.0572,1.05775,0.60,0.80
2008.05.28 19:34:07.160,1.0572,1.05775,0.60,0.80
2008.05.28 19:34:08.950,1.0572,1.05775,0.60,0.80
2008.05.28 19:34:09.100,1.0572,1.05775,0.90,0.80
2008.05.28 19:34:09.197,1.05725,1.05785,0.80,0.80
2008.05.28 19:34:17.722,1.0573,1.05785,0.80,0.80
2008.05.28 19:34:17.949,1.0573,1.05785,0.70,0.80
2008.05.28 19:34:18.169,1.05735,1.05785,0.80,0.80
2008.05.28 19:34:23.719,1.05735,1.0579,0.80,1.20
2008.05.28 19:34:23.803,1.05735,1.05795,0.80,0.80
2008.05.28 19:34:52.162,1.0574,1.05795,0.80,0.80
2008.05.28 19:34:52.578,1.0574,1.05795,0.80,0.80
2008.05.28 19:34:53.272,1.05745,1.058,0.80,1.40
2008.05.28 19:34:53.414,1.05745,1.058,0.80,1.20
2008.05.28 19:34:56.124,1.0575,1.058,0.80,0.60
2008.05.28 19:34:56.331,1.0575,1.05805,0.80,0.80
2008.05.28 19:34:56.732,1.05755,1.05805,0.80,0.80
2008.05.28 19:35:01.647,1.0575,1.05805,0.90,0.80
2008.05.28 19:35:01.768,1.05745,1.058,0.80,1.00
2008.05.28 19:35:02.139,1.05745,1.0578,0.80,0.50
2008.05.28 19:35:02.261,1.0573,1.0578,0.80,2.40
2008.05.28 19:35:03.126,1.05735,1.0578,0.80,1.10
2008.05.28 19:35:03.647,1.05745,1.0578,0.80,1.20
2008.05.28 19:35:03.741,1.05745,1.058,0.80,1.60
2008.05.28 19:35:05.484,1.05745,1.0581,0.80,6.40
2008.05.28 19:35:06.110,1.0575,1.0581,0.80,2.60
2008.05.28 19:35:06.201,1.0575,1.0581,0.90,1.40
2008.05.28 19:35:06.291,1.0575,1.0581,0.70,0.90
2008.05.28 19:35:09.299,1.0575,1.0581,0.50,0.60
2008.05.28 19:35:10.997,1.0575,1.0581,0.50,0.50
2008.05.28 19:35:11.248,1.0575,1.0581,0.90,1.50
2008.05.28 19:35:11.358,1.0575,1.0581,0.80,1.00
2008.05.28 19:35:16.209,1.0575,1.0581,0.80,0.90
2008.05.28 19:35:16.463,1.0574,1.0581,0.90,0.90
2008.05.28 19:35:23.619,1.05745,1.0581,0.80,1.20
2008.05.28 19:35:28.763,1.05745,1.0581,0.80,2.70
2008.05.28 19:35:28.844,1.05745,1.0581,0.80,1.60
2008.05.28 19:35:29.401,1.0574,1.0581,0.70,2.50
2008.05.28 19:35:32.408,1.05735,1.0581,0.80,4.20
2008.05.28 19:35:32.453,1.0573,1.0581,0.90,1.00
2008.05.28 19:35:32.583,1.0573,1.058,0.50,1.10
2008.05.28 19:35:32.834,1.0573,1.058,0.80,1.40
2008.05.28 19:35:32.964,1.0573,1.058,0.80,0.60
2008.05.28 19:35:33.721,1.0573,1.058,0.50,1.20
2008.05.28 19:35:38.160,1.0573,1.058,0.70,0.70
2008.05.28 19:35:38.260,1.0573,1.058,0.60,1.10
2008.05.28 19:35:38.419,1.0573,1.058,0.70,0.90
2008.05.28 19:35:38.598,1.0573,1.0579,0.60,0.80
2008.05.28 19:35:38.765,1.0573,1.0579,0.50,1.20
2008.05.28 19:35:38.922,1.0572,1.0578,0.90,0.80
2008.05.28 19:35:39.085,1.0572,1.0578,0.50,1.10
2008.05.28 19:35:39.252,1.0572,1.05775,0.50,0.80
2008.05.28 19:35:39.410,1.0571,1.05775,0.70,0.80
2008.05.28 19:35:39.971,1.0571,1.05775,0.60,0.80
2008.05.28 19:35:40.457,1.0571,1.05775,0.70,0.80
2008.05.28 19:35:44.944,1.0571,1.0578,0.60,0.90
2008.05.28 19:35:45.589,1.0571,1.05785,0.60,0.80
2008.05.28 19:35:45.730,1.0571,1.0578,0.70,1.40
2008.05.28 19:35:46.438,1.0571,1.0578,0.80,1.10
2008.05.28 19:35:46.552,1.0571,1.0578,0.50,0.80
2008.05.28 19:35:46.664,1.0571,1.0579,0.90,5.00
2008.05.28 19:35:49.701,1.05715,1.0579,0.80,0.80
2008.05.28 19:35:56.636,1.05715,1.0579,0.80,5.00
2008.05.28 19:35:56.753,1.05715,1.0578,0.80,1.20
2008.05.28 19:36:00.096,1.05715,1.0578,0.80,0.90
2008.05.28 19:36:03.751,1.05715,1.0577,0.80,0.80
2008.05.28 19:36:03.990,1.05715,1.0577,0.80,0.60
2008.05.28 19:36:19.411,1.05715,1.0577,0.80,0.80
2008.05.28 19:36:19.707,1.05715,1.0578,0.80,0.80
2008.05.28 19:36:19.742,1.05715,1.0578,0.80,0.80
2008.05.28 19:36:23.829,1.05715,1.0578,0.80,0.80
2008.05.28 19:36:28.811,1.05715,1.05775,0.80,0.80
2008.05.28 19:36:29.462,1.05715,1.0577,0.80,1.40
2008.05.28 19:36:29.680,1.05715,1.05775,0.80,0.80
2008.05.28 19:36:38.414,1.05715,1.05775,0.80,0.80
2008.05.28 19:36:42.114,1.05715,1.0577,0.80,0.80
2008.05.28 19:36:42.389,1.05715,1.0577,0.80,0.60
2008.05.28 19:36:43.143,1.0571,1.0577,0.80,0.80
2008.05.28 19:36:43.324,1.05705,1.0577,0.80,0.50
2008.05.28 19:36:43.685,1.05705,1.05765,0.80,0.80
2008.05.28 19:36:43.867,1.05705,1.0576,0.80,0.60
2008.05.28 19:36:44.157,1.05705,1.0576,0.80,1.40
2008.05.28 19:36:44.329,1.05705,1.0576,0.80,1.50
2008.05.28 19:36:44.437,1.05705,1.0576,0.80,1.20
2008.05.28 19:36:45.254,1.05705,1.0576,0.80,0.80
2008.05.28 19:36:45.532,1.05705,1.05765,0.80,0.80
2008.05.28 19:36:45.656,1.0571,1.05765,0.70,0.80
2008.05.28 19:36:46.565,1.05705,1.05765,0.80,0.80
2008.05.28 19:36:47.264,1.05705,1.0576,0.80,0.80
2008.05.28 19:36:47.435,1.05705,1.0576,0.80,0.90
2008.05.28 19:36:49.462,1.05705,1.05755,0.80,0.80
2008.05.28 19:36:53.032,1.0571,1.0577,0.70,0.80
2008.05.28 19:36:53.204,1.0571,1.0577,0.80,0.70
2008.05.28 19:36:53.543,1.0571,1.05765,0.80,0.80
2008.05.28 19:36:53.713,1.0571,1.05765,0.70,0.80
2008.05.28 19:36:54.132,1.05715,1.05765,0.80,0.80
2008.05.28 19:37:00.377,1.05715,1.05775,0.80,0.80
2008.05.28 19:37:00.461,1.0572,1.05775,0.50,0.80
2008.05.28 19:37:06.668,1.0572,1.05775,0.50,0.80
2008.05.28 19:37:33.585,1.05715,1.0577,0.80,0.80
2008.05.28 19:37:33.684,1.05715,1.0577,0.80,0.90
2008.05.28 19:37:33.874,1.05715,1.0577,0.80,0.50
2008.05.28 19:37:33.975,1.05715,1.05765,0.80,0.80
2008.05.28 19:37:34.750,1.0572,1.05765,0.80,0.80
2008.05.28 19:37:37.111,1.05715,1.05765,0.80,0.80
2008.05.28 19:37:50.450,1.0571,1.05765,3.50,0.80
2008.05.28 19:37:50.541,1.0571,1.0576,2.60,0.80
2008.05.28 19:37:50.662,1.0571,1.0576,3.70,1.10
2008.05.28 19:37:50.891,1.05705,1.0576,0.80,0.60
2008.05.28 19:37:51.197,1.05705,1.05755,0.80,0.80
2008.05.28 19:38:00.539,1.0571,1.05755,0.80,0.80
2008.05.28 19:38:00.696,1.0571,1.0576,0.70,0.80
2008.05.28 19:38:00.764,1.0571,1.0577,3.00,0.80
2008.05.28 19:38:00.879,1.0571,1.0577,2.10,0.80
2008.05.28 19:38:00.922,1.05715,1.0577,0.80,1.00
2008.05.28 19:38:01.264,1.05715,1.0577,0.80,1.80
2008.05.28 19:38:01.647,1.05715,1.05765,0.80,0.80
2008.05.28 19:38:02.955,1.0571,1.05765,0.80,0.80
2008.05.28 19:38:03.167,1.057,1.05765,1.50,0.80
2008.05.28 19:38:03.230,1.05705,1.05765,0.80,0.80
2008.05.28 19:38:07.188,1.05705,1.05765,0.80,0.80
2008.05.28 19:38:14.936,1.057,1.05765,0.60,0.80
2008.05.28 19:38:15.302,1.0569,1.0576,0.70,0.80
2008.05.28 19:38:15.363,1.05695,1.0576,0.80,0.80
2008.05.28 19:38:18.461,1.057,1.0576,0.50,0.70
2008.05.28 19:38:18.570,1.057,1.0576,0.50,0.90
2008.05.28 19:38:18.687,1.057,1.0576,0.90,1.10
2008.05.28 19:38:19.127,1.05705,1.0576,0.80,1.20
2008.05.28 19:38:19.660,1.05705,1.0576,0.80,0.80
2008.05.28 19:38:20.487,1.0571,1.05775,0.90,0.80
2008.05.28 19:38:23.349,1.0571,1.05775,0.50,0.80
2008.05.28 19:38:23.473,1.0571,1.05775,0.70,0.80
2008.05.28 19:38:33.432,1.0571,1.0577,0.90,0.80
2008.05.28 19:38:33.501,1.0571,1.0577,0.70,1.00
2008.05.28 19:38:33.602,1.0571,1.0577,0.70,1.10
2008.05.28 19:38:33.671,1.0571,1.0577,0.60,1.20
2008.05.28 19:38:33.779,1.0571,1.0577,0.70,0.50
2008.05.28 19:38:34.189,1.057,1.0577,0.60,1.20
2008.05.28 19:38:34.309,1.057,1.0577,0.70,1.90
2008.05.28 19:38:34.418,1.057,1.0577,0.80,1.90
2008.05.28 19:38:35.369,1.057,1.0577,0.80,0.80
2008.05.28 19:38:36.028,1.057,1.0577,0.90,0.60
2008.05.28 19:38:36.428,1.05705,1.0577,0.80,0.80
2008.05.28 19:38:38.251,1.05705,1.0576,0.80,0.80
2008.05.28 19:38:38.412,1.05705,1.0576,0.80,0.90
2008.05.28 19:38:38.559,1.05705,1.0576,0.80,0.70
2008.05.28 19:38:39.450,1.05695,1.0576,0.80,0.50
2008.05.28 19:38:40.985,1.057,1.0576,3.30,0.60
2008.05.28 19:38:41.096,1.057,1.0576,4.10,0.70
2008.05.28 19:38:41.218,1.057,1.0576,1.30,0.50
2008.05.28 19:38:43.104,1.057,1.0576,4.20,0.80
2008.05.28 19:38:43.220,1.057,1.0576,1.00,0.80
2008.05.28 19:38:47.042,1.057,1.0576,0.80,0.50
2008.05.28 19:39:02.195,1.05705,1.0576,0.80,0.70
2008.05.28 19:39:02.838,1.05705,1.0576,0.80,0.90
2008.05.28 19:39:03.709,1.05705,1.0576,0.80,0.50
2008.05.28 19:39:05.529,1.05705,1.0576,0.80,2.40
2008.05.28 19:39:05.745,1.05705,1.0576,0.80,1.40
2008.05.28 19:39:06.513,1.05705,1.0575,0.80,0.50
2008.05.28 19:39:06.842,1.05705,1.0576,0.80,1.80
2008.05.28 19:39:11.177,1.05705,1.0576,0.80,1.20
2008.05.28 19:39:11.188,1.05695,1.0576,0.80,1.30
2008.05.28 19:39:11.606,1.05695,1.0576,0.80,1.20
2008.05.28 19:39:11.703,1.05685,1.05755,0.80,0.80
2008.05.28 19:39:12.246,1.05685,1.0575,0.80,0.80
2008.05.28 19:39:12.309,1.05685,1.0575,0.80,1.80
2008.05.28 19:39:15.084,1.05685,1.0575,0.80,1.10
2008.05.28 19:39:23.285,1.0569,1.0575,0.80,0.80
2008.05.28 19:39:23.823,1.0569,1.0576,3.10,1.20
2008.05.28 19:39:29.245,1.0569,1.0576,2.30,1.30
2008.05.28 19:39:31.141,1.0569,1.0576,1.00,2.70
2008.05.28 19:39:31.249,1.057,1.0576,0.80,2.80
2008.05.28 19:39:31.264,1.057,1.0576,1.20,2.80
2008.05.28 19:39:36.648,1.057,1.0576,1.00,2.20
2008.05.28 19:39:36.969,1.057,1.0576,0.50,2.80
2008.05.28 19:39:38.550,1.057,1.0576,0.70,2.30
2008.05.28 19:39:39.297,1.057,1.0576,0.90,2.50
2008.05.28 19:39:39.850,1.057,1.0576,1.20,2.60
2008.05.28 19:39:55.749,1.057,1.0576,0.80,2.70
2008.05.28 19:39:58.497,1.057,1.0576,0.60,1.20
2008.05.28 19:39:59.156,1.057,1.0576,0.50,1.70
2008.05.28 19:40:02.944,1.057,1.05755,0.60,0.80
2008.05.28 19:40:03.046,1.057,1.05755,0.60,0.80
2008.05.28 19:40:03.132,1.057,1.0575,0.90,0.80
2008.05.28 19:40:03.175,1.057,1.0575,1.10,0.60
2008.05.28 19:40:03.243,1.057,1.0575,1.00,0.80
2008.05.28 19:40:03.763,1.057,1.0575,0.80,0.50
2008.05.28 19:40:04.325,1.057,1.0575,1.00,0.80
2008.05.28 19:40:04.855,1.057,1.0575,1.20,0.60
2008.05.28 19:40:06.075,1.057,1.0575,0.80,0.70
2008.05.28 19:40:06.234,1.057,1.0575,0.80,0.90
2008.05.28 19:40:06.294,1.0569,1.0575,0.90,0.70
2008.05.28 19:40:06.395,1.0569,1.0575,1.20,0.80
2008.05.28 19:40:08.083,1.0569,1.0575,0.80,0.70
2008.05.28 19:40:10.279,1.0569,1.0575,0.80,0.80
2008.05.28 19:40:10.511,1.0568,1.05745,1.00,0.80
2008.05.28 19:40:12.513,1.0568,1.05745,3.10,0.80
2008.05.28 19:40:12.835,1.0569,1.05745,2.70,0.80
2008.05.28 19:40:14.912,1.0569,1.0574,2.50,0.80
2008.05.28 19:40:14.933,1.0569,1.0574,3.40,0.50
2008.05.28 19:40:15.064,1.0568,1.0574,2.90,0.80
2008.05.28 19:40:15.137,1.0569,1.0574,3.90,0.70
2008.05.28 19:40:15.239,1.0567,1.05735,0.50,0.80
2008.05.28 19:40:15.453,1.0567,1.05735,3.30,0.80
2008.05.28 19:40:15.657,1.0567,1.05735,2.90,0.80
2008.05.28 19:40:16.613,1.0568,1.05735,3.20,0.80
2008.05.28 19:40:16.796,1.0567,1.05735,4.20,0.80
2008.05.28 19:40:17.152,1.0567,1.0573,2.80,0.80
2008.05.28 19:40:17.335,1.0567,1.0573,2.40,0.50
2008.05.28 19:40:17.513,1.0567,1.0573,1.50,0.80
2008.05.28 19:40:17.901,1.0567,1.0573,0.80,0.80
2008.05.28 19:40:18.364,1.0567,1.05725,3.60,0.80
2008.05.28 19:40:18.487,1.0567,1.05725,1.90,0.80
2008.05.28 19:40:18.733,1.0567,1.0572,3.70,0.50
2008.05.28 19:40:18.863,1.0567,1.0572,3.90,0.80
2008.05.28 19:40:18.983,1.05665,1.0572,0.80,0.70
2008.05.28 19:40:19.467,1.0567,1.0572,2.60,0.60
2008.05.28 19:40:19.654,1.0566,1.0572,2.90,0.90
2008.05.28 19:40:19.832,1.0566,1.0572,4.20,0.80
2008.05.28 19:40:20.015,1.0567,1.0573,2.50,0.70
2008.05.28 19:40:20.326,1.05665,1.0572,0.80,0.80
2008.05.28 19:40:20.572,1.0566,1.0572,1.30,0.60
2008.05.28 19:40:21.250,1.0566,1.05715,3.30,0.80
2008.05.28 19:40:21.668,1.0566,1.05715,3.70,0.80
2008.05.28 19:40:21.772,1.0566,1.05715,5.40,0.80
2008.05.28 19:40:23.272,1.0567,1.05715,5.90,0.80
2008.05.28 19:40:23.560,1.0567,1.05725,4.90,0.80
2008.05.28 19:40:23.711,1.0567,1.0569,2.00,0.80
2008.05.28 19:40:23.862,1.0567,1.0569,0.80,0.50
2008.05.28 19:40:24.012,1.05655,1.0569,0.80,0.60
2008.05.28 19:40:24.304,1.05645,1.0569,0.80,0.50
2008.05.28 19:40:24.870,1.05645,1.0569,0.80,0.50
2008.05.28 19:40:25.232,1.0565,1.0569,0.80,0.90
2008.05.28 19:40:25.502,1.0565,1.0569,0.80,0.80
2008.05.28 19:40:25.635,1.0565,1.0569,0.80,0.50
2008.05.28 19:40:25.795,1.0564,1.05685,0.80,0.80
2008.05.28 19:40:26.195,1.0564,1.0568,0.80,0.50
2008.05.28 19:40:26.575,1.0562,1.05675,0.90,0.80
2008.05.28 19:40:26.741,1.0561,1.05675,4.00,0.80
2008.05.28 19:40:26.928,1.0561,1.05685,1.90,0.80
2008.05.28 19:40:27.762,1.0561,1.0568,1.10,0.90
2008.05.28 19:40:27.876,1.0561,1.0567,0.60,0.80
2008.05.28 19:40:28.040,1.0561,1.0567,1.20,0.70
2008.05.28 19:40:30.226,1.0562,1.0567,0.80,0.80
2008.05.28 19:40:30.336,1.0563,1.0567,0.80,0.80
2008.05.28 19:40:30.495,1.0563,1.0568,0.70,0.90
2008.05.28 19:40:30.740,1.0563,1.0568,0.80,0.80
2008.05.28 19:40:30.873,1.0562,1.0568,0.80,0.90
2008.05.28 19:40:31.338,1.0561,1.0568,0.80,0.90
2008.05.28 19:40:33.865,1.0561,1.0567,0.70,0.90
2008.05.28 19:40:33.950,1.0561,1.0567,0.80,0.50
2008.05.28 19:40:34.053,1.0561,1.0567,0.70,0.80
2008.05.28 19:40:37.520,1.05615,1.0567,0.80,0.90
2008.05.28 19:40:37.978,1.0562,1.0567,1.00,0.90
2008.05.28 19:40:38.617,1.0562,1.05675,0.80,0.80
2008.05.28 19:40:38.747,1.05625,1.05675,0.80,0.80
2008.05.28 19:40:41.127,1.0563,1.05675,0.80,0.80
2008.05.28 19:40:41.290,1.05635,1.05675,0.80,0.80
2008.05.28 19:40:41.639,1.0564,1.05675,0.80,0.80
2008.05.28 19:40:41.799,1.0564,1.05675,0.70,0.80
2008.05.28 19:40:42.702,1.05645,1.05675,0.80,0.80
2008.05.28 19:40:43.025,1.05645,1.0569,0.80,0.80
2008.05.28 19:40:45.496,1.05645,1.057,0.80,0.80
2008.05.28 19:40:45.735,1.05645,1.057,0.80,0.60
2008.05.28 19:40:45.820,1.0565,1.057,0.80,0.80
2008.05.28 19:40:45.926,1.0565,1.057,1.10,0.80
2008.05.28 19:40:45.949,1.0565,1.057,0.60,0.80
2008.05.28 19:40:46.713,1.0565,1.05695,1.00,0.80
2008.05.28 19:40:47.329,1.0565,1.05705,1.20,0.80
2008.05.28 19:40:48.586,1.0565,1.0571,1.00,0.50
2008.05.28 19:40:49.932,1.0565,1.0571,0.80,0.70
2008.05.28 19:40:50.054,1.0565,1.0571,0.60,0.50
2008.05.28 19:41:00.703,1.0565,1.0571,0.80,0.70
2008.05.28 19:41:03.837,1.0565,1.0571,0.80,0.70
2008.05.28 19:41:03.857,1.05655,1.0571,0.80,1.20
2008.05.28 19:41:06.267,1.0566,1.0571,0.80,0.80
2008.05.28 19:41:06.452,1.0566,1.0572,1.00,1.60
2008.05.28 19:41:07.807,1.0566,1.0572,1.10,0.50
2008.05.28 19:41:07.915,1.0566,1.0572,2.00,1.00
2008.05.28 19:41:07.994,1.05665,1.0572,0.80,0.60
2008.05.28 19:41:08.798,1.05665,1.0572,0.80,0.50
2008.05.28 19:41:08.866,1.05665,1.0571,0.80,0.80
2008.05.28 19:41:08.920,1.05665,1.0571,0.80,0.70
2008.05.28 19:41:09.756,1.05665,1.0571,0.80,0.80
2008.05.28 19:41:09.989,1.05665,1.0572,0.80,1.00
2008.05.28 19:41:11.282,1.0567,1.0572,0.80,1.00
2008.05.28 19:41:11.389,1.0567,1.0572,1.20,0.60
2008.05.28 19:41:11.446,1.0567,1.0572,2.00,0.70
2008.05.28 19:41:13.969,1.0567,1.0572,0.70,0.70
2008.05.28 19:41:15.303,1.0567,1.0571,0.80,0.80
2008.05.28 19:41:15.438,1.05655,1.05705,0.80,0.80
2008.05.28 19:41:15.856,1.05655,1.057,0.80,0.80
2008.05.28 19:41:15.961,1.05655,1.057,0.80,1.10
2008.05.28 19:41:16.729,1.0566,1.057,0.80,1.00
2008.05.28 19:41:16.799,1.0566,1.057,1.00,0.60
2008.05.28 19:41:17.168,1.0566,1.057,0.80,0.80
2008.05.28 19:41:17.516,1.0565,1.057,0.90,0.60
2008.05.28 19:41:19.925,1.0565,1.057,0.80,0.80
2008.05.28 19:41:20.061,1.05645,1.057,0.80,0.90
2008.05.28 19:41:20.341,1.0564,1.057,0.80,1.10
2008.05.28 19:41:20.485,1.05635,1.057,0.80,3.40
2008.05.28 19:41:20.789,1.0564,1.057,0.80,0.50
2008.05.28 19:41:21.117,1.0564,1.057,1.10,4.10
2008.05.28 19:41:21.289,1.0564,1.057,0.60,0.80
2008.05.28 19:41:22.626,1.0564,1.057,0.60,0.80
2008.05.28 19:41:23.866,1.0565,1.057,0.80,1.00
2008.05.28 19:41:24.038,1.0565,1.057,0.60,1.20
2008.05.28 19:41:25.760,1.0565,1.057,0.80,1.00
2008.05.28 19:41:26.266,1.0564,1.057,0.50,1.00
2008.05.28 19:41:27.352,1.0564,1.057,0.50,0.50
2008.05.28 19:41:27.469,1.0564,1.057,0.50,1.00
2008.05.28 19:41:27.516,1.0564,1.05695,0.80,0.80
2008.05.28 19:41:37.502,1.05645,1.05695,0.80,0.80
2008.05.28 19:42:02.739,1.05645,1.0569,0.80,0.60
2008.05.28 19:42:02.997,1.05645,1.05685,0.80,0.80
2008.05.28 19:42:05.276,1.05635,1.05685,0.80,0.80
2008.05.28 19:42:05.920,1.05655,1.0569,0.80,1.00
2008.05.28 19:42:06.029,1.05655,1.05695,0.80,0.80
2008.05.28 19:42:06.190,1.05655,1.0569,0.80,0.80
2008.05.28 19:42:06.271,1.0565,1.0569,1.10,0.50
2008.05.28 19:42:06.430,1.0564,1.0569,1.20,0.50
2008.05.28 19:42:06.587,1.05645,1.05685,0.80,0.80
2008.05.28 19:42:10.589,1.0565,1.05685,0.80,0.80
2008.05.28 19:42:10.679,1.0565,1.05685,0.80,0.80
2008.05.28 19:42:10.768,1.0565,1.05695,1.00,0.80
2008.05.28 19:42:10.875,1.0565,1.05695,0.80,0.80
2008.05.28 19:42:10.954,1.05635,1.05695,0.80,0.80
2008.05.28 19:42:11.884,1.05625,1.05695,0.80,0.80
2008.05.28 19:42:13.473,1.0563,1.05695,0.80,0.80
2008.05.28 19:42:13.573,1.0563,1.05695,1.80,0.80
2008.05.28 19:42:14.049,1.0563,1.0569,0.60,0.60
2008.05.28 19:42:14.193,1.0563,1.0569,2.00,1.30
2008.05.28 19:42:14.285,1.0563,1.05685,1.80,0.80
2008.05.28 19:42:19.173,1.05635,1.0569,0.80,0.80
2008.05.28 19:42:19.711,1.0564,1.0569,0.80,0.80
2008.05.28 19:42:19.921,1.0564,1.057,1.50,1.20
2008.05.28 19:42:19.956,1.05645,1.057,0.80,1.10
2008.05.28 19:42:20.333,1.05645,1.057,0.80,0.80
2008.05.28 19:42:20.533,1.05645,1.0571,0.80,0.70
2008.05.28 19:42:20.874,1.05645,1.0571,0.80,0.60
2008.05.28 19:42:20.986,1.05645,1.0571,0.80,1.30
2008.05.28 19:42:22.064,1.05645,1.0571,0.80,1.20
2008.05.28 19:42:22.724,1.05645,1.0571,0.80,1.90
2008.05.28 19:42:22.946,1.05645,1.0571,0.80,5.10
