2008.05.19 17:00:00.218,1.05335,1.0537,0.30,0.50
2008.05.19 17:00:00.332,1.05335,1.0537,0.50,0.50
2008.05.19 17:00:00.620,1.0534,1.0537,0.30,0.40
2008.05.19 17:00:00.921,1.0534,1.0537,0.50,0.40
2008.05.19 17:00:01.464,1.05345,1.0537,0.30,0.40
2008.05.19 17:00:01.653,1.05345,1.0537,1.80,0.40
2008.05.19 17:00:01.976,1.0535,1.0538,0.30,0.40
2008.05.19 17:00:02.243,1.05345,1.0538,2.10,0.50
2008.05.19 17:00:02.376,1.05345,1.0537,2.10,0.40
2008.05.19 17:00:02.510,1.05345,1.0537,0.50,0.40
2008.05.19 17:00:02.778,1.05345,1.0538,0.50,0.50
2008.05.19 17:00:02.987,1.05345,1.0537,0.50,0.40
2008.05.19 17:00:03.196,1.0534,1.0537,0.50,0.40
2008.05.19 17:00:03.406,1.0534,1.0536,0.40,0.10
2008.05.19 17:00:03.616,1.05335,1.0536,0.40,0.50
2008.05.19 17:00:03.982,1.0534,1.05365,0.30,0.80
2008.05.19 17:00:04.140,1.0534,1.05365,0.50,0.80
2008.05.19 17:00:04.457,1.0534,1.0537,0.50,1.10
2008.05.19 17:00:04.617,1.05325,1.0535,0.40,0.40
2008.05.19 17:00:04.775,1.0532,1.05355,0.50,0.10
2008.05.19 17:00:04.936,1.05335,1.0536,0.30,0.40
2008.05.19 17:00:05.841,1.0533,1.0536,0.30,0.40
2008.05.19 17:00:06.137,1.05335,1.0536,0.30,0.40
2008.05.19 17:00:06.880,1.0533,1.0536,0.30,0.40
2008.05.19 17:00:07.087,1.05335,1.0536,0.30,0.40
2008.05.19 17:00:07.468,1.0534,1.0536,0.30,0.40
2008.05.19 17:00:08.597,1.0534,1.0537,0.30,0.40
2008.05.19 17:00:09.789,1.05335,1.0536,1.10,0.40
2008.05.19 17:00:10.009,1.05335,1.0535,1.10,0.40
2008.05.19 17:00:10.138,1.0533,1.0535,0.80,0.40
2008.05.19 17:00:10.397,1.05325,1.0535,0.50,0.40
2008.05.19 17:00:10.526,1.05325,1.0536,0.50,0.50
2008.05.19 17:00:10.784,1.0533,1.0536,0.30,0.40
2008.05.19 17:00:13.692,1.05335,1.0536,0.30,0.40
2008.05.19 17:00:16.453,1.0533,1.0536,0.30,0.40
2008.05.19 17:00:30.473,1.05325,1.0536,1.30,0.50
2008.05.19 17:00:30.687,1.0533,1.0536,0.30,0.40
2008.05.19 17:00:30.908,1.05325,1.0535,1.10,0.10
2008.05.19 17:00:31.091,1.05325,1.0535,1.10,0.50
2008.05.19 17:00:31.286,1.0532,1.0535,0.50,0.50
2008.05.19 17:00:31.492,1.05325,1.0535,0.30,0.40
2008.05.19 17:00:31.880,1.05325,1.0535,0.50,0.40
2008.05.19 17:00:32.818,1.05325,1.0535,0.30,0.40
2008.05.19 17:00:33.957,1.0533,1.0535,0.30,0.40
2008.05.19 17:00:34.155,1.05325,1.0535,0.30,0.40
2008.05.19 17:00:34.377,1.0533,1.0535,0.30,0.40
2008.05.19 17:00:35.401,1.05335,1.0535,0.30,0.40
2008.05.19 17:00:35.490,1.05335,1.0536,0.30,0.40
2008.05.19 17:00:35.677,1.0534,1.0536,0.30,0.40
2008.05.19 17:00:36.147,1.05335,1.0536,0.30,0.40
2008.05.19 17:00:36.878,1.0534,1.0536,0.30,0.40
2008.05.19 17:00:38.024,1.0534,1.0537,0.30,0.40
2008.05.19 17:00:42.883,1.05335,1.0537,0.30,0.50
2008.05.19 17:00:42.965,1.05335,1.0536,0.30,0.40
2008.05.19 17:00:44.049,1.05335,1.0536,1.00,0.40
2008.05.19 17:00:44.254,1.05345,1.0536,0.30,0.40
2008.05.19 17:00:44.470,1.0534,1.0537,0.30,0.40
2008.05.19 17:00:48.899,1.05335,1.0537,0.50,0.50
2008.05.19 17:00:49.059,1.05335,1.0536,0.50,0.40
2008.05.19 17:00:52.160,1.05335,1.0536,1.30,0.40
2008.05.19 17:00:52.246,1.05335,1.0536,2.10,0.40
2008.05.19 17:00:52.569,1.05335,1.0536,1.30,0.40
2008.05.19 17:00:52.767,1.05335,1.0536,0.50,0.40
2008.05.19 17:00:53.656,1.0534,1.0536,0.30,0.40
2008.05.19 17:00:53.886,1.0534,1.0537,0.30,0.40
2008.05.19 17:00:54.107,1.0535,1.0538,0.30,0.40
2008.05.19 17:00:55.282,1.05355,1.0538,0.30,0.40
2008.05.19 17:00:55.458,1.0535,1.0538,0.30,0.40
2008.05.19 17:00:55.747,1.05355,1.0538,0.30,0.40
2008.05.19 17:00:56.286,1.05355,1.0538,1.00,0.40
2008.05.19 17:00:56.481,1.0536,1.0538,0.30,0.40
2008.05.19 17:00:56.675,1.0536,1.0539,0.30,0.40
2008.05.19 17:00:58.169,1.0536,1.0539,0.50,0.40
2008.05.19 17:00:58.268,1.05365,1.0539,0.30,0.40
2008.05.19 17:00:59.660,1.05365,1.0539,1.00,0.40
2008.05.19 17:00:59.818,1.05365,1.054,2.10,0.50
2008.05.19 17:00:59.973,1.0537,1.054,0.30,0.40
2008.05.19 17:01:00.270,1.05375,1.054,0.30,0.40
2008.05.19 17:01:08.086,1.0537,1.054,0.50,0.40
2008.05.19 17:01:08.409,1.05375,1.054,0.30,0.40
2008.05.19 17:01:09.148,1.0537,1.054,0.50,0.40
2008.05.19 17:01:11.224,1.0537,1.054,0.30,0.40
2008.05.19 17:01:13.030,1.05365,1.054,1.30,0.50
2008.05.19 17:01:13.247,1.05365,1.054,0.30,0.50
2008.05.19 17:01:15.495,1.05365,1.0539,0.30,0.40
2008.05.19 17:01:15.595,1.0536,1.0539,0.30,0.40
2008.05.19 17:01:18.200,1.0536,1.05395,0.30,0.10
2008.05.19 17:01:18.438,1.05365,1.054,0.30,0.50
2008.05.19 17:01:27.133,1.05365,1.054,0.30,0.50
2008.05.19 17:01:37.277,1.05365,1.054,0.30,0.50
2008.05.19 17:01:37.822,1.05365,1.054,0.30,0.50
2008.05.19 17:01:37.988,1.0536,1.05395,0.50,0.10
2008.05.19 17:01:38.116,1.0536,1.0539,0.50,0.40
2008.05.19 17:01:41.031,1.05365,1.0539,0.40,0.40
2008.05.19 17:01:43.411,1.05365,1.0539,0.50,0.40
2008.05.19 17:01:43.813,1.05365,1.054,0.50,0.50
2008.05.19 17:01:43.930,1.0537,1.054,0.30,0.40
2008.05.19 17:01:44.658,1.0537,1.0539,0.30,0.40
2008.05.19 17:01:44.923,1.05365,1.0539,1.30,0.40
2008.05.19 17:01:50.644,1.05365,1.0539,1.10,0.50
2008.05.19 17:01:50.791,1.05365,1.0539,0.80,0.50
2008.05.19 17:01:51.579,1.05365,1.0539,1.00,0.40
2008.05.19 17:01:51.926,1.05365,1.0539,1.30,0.40
2008.05.19 17:01:57.084,1.0538,1.0539,0.30,0.40
2008.05.19 17:01:57.209,1.0538,1.0541,0.30,0.40
2008.05.19 17:01:57.248,1.0538,1.0541,0.30,0.40
2008.05.19 17:02:00.517,1.05385,1.0541,0.30,0.40
2008.05.19 17:02:01.205,1.05385,1.0541,0.50,0.40
2008.05.19 17:02:09.334,1.05385,1.0542,0.50,0.50
2008.05.19 17:02:09.521,1.0539,1.0542,0.30,0.40
2008.05.19 17:02:09.735,1.05395,1.0542,0.30,0.40
2008.05.19 17:02:10.439,1.054,1.0543,0.30,0.40
2008.05.19 17:02:10.773,1.05405,1.0543,0.30,0.40
2008.05.19 17:02:11.108,1.05405,1.0544,0.30,0.50
2008.05.19 17:02:11.272,1.05405,1.0543,0.30,0.40
2008.05.19 17:02:12.747,1.054,1.0543,0.50,0.40
2008.05.19 17:02:13.447,1.054,1.0543,0.40,0.50
2008.05.19 17:02:13.571,1.05395,1.0542,0.50,0.40
2008.05.19 17:02:23.675,1.05395,1.0543,0.50,0.50
2008.05.19 17:02:24.193,1.054,1.0543,0.30,0.40
2008.05.19 17:02:28.363,1.05395,1.0543,0.50,0.50
2008.05.19 17:02:28.428,1.05395,1.0542,0.50,0.40
2008.05.19 17:02:28.567,1.054,1.0542,0.30,0.40
2008.05.19 17:02:28.734,1.054,1.0543,0.30,0.40
2008.05.19 17:02:36.608,1.05395,1.0543,2.10,0.50
2008.05.19 17:02:36.797,1.05395,1.0543,1.30,0.50
2008.05.19 17:02:36.901,1.05395,1.0542,1.30,0.40
2008.05.19 17:02:37.107,1.05395,1.0542,0.50,0.40
2008.05.19 17:02:37.210,1.05395,1.0542,0.40,0.40
2008.05.19 17:02:37.354,1.0539,1.0542,0.50,0.40
2008.05.19 17:02:42.849,1.05395,1.0542,0.40,0.40
2008.05.19 17:02:42.978,1.054,1.0542,0.30,0.40
2008.05.19 17:02:43.108,1.054,1.0543,0.30,0.50
2008.05.19 17:02:43.378,1.054,1.0543,0.30,0.40
2008.05.19 17:02:43.704,1.054,1.0543,0.30,0.50
2008.05.19 17:02:43.899,1.054,1.0543,0.30,0.40
2008.05.19 17:02:48.934,1.05395,1.0543,1.30,0.50
2008.05.19 17:02:48.992,1.05395,1.0543,0.50,0.50
2008.05.19 17:03:03.578,1.05395,1.05425,0.40,0.10
2008.05.19 17:03:03.660,1.05395,1.0542,0.40,0.40
2008.05.19 17:03:06.183,1.05395,1.0542,0.50,0.40
2008.05.19 17:03:23.924,1.05395,1.0543,0.50,0.50
2008.05.19 17:03:24.162,1.054,1.0543,0.30,0.40
2008.05.19 17:03:26.429,1.054,1.0542,0.30,0.40
2008.05.19 17:03:26.464,1.05395,1.0542,0.50,0.40
2008.05.19 17:03:27.382,1.05405,1.0542,0.30,0.40
2008.05.19 17:03:27.514,1.05405,1.0543,0.30,0.40
2008.05.19 17:03:29.162,1.054,1.0543,0.30,0.40
2008.05.19 17:03:29.918,1.05405,1.0543,0.30,0.40
2008.05.19 17:03:37.435,1.054,1.0543,0.50,0.40
2008.05.19 17:03:37.654,1.05405,1.0543,0.30,0.40
2008.05.19 17:03:41.628,1.054,1.0543,0.50,0.40
2008.05.19 17:03:51.034,1.054,1.05435,0.50,0.10
2008.05.19 17:03:51.085,1.05415,1.0545,0.30,0.50
2008.05.19 17:03:51.119,1.05415,1.0545,0.50,0.50
2008.05.19 17:03:53.032,1.0542,1.0545,0.40,0.50
2008.05.19 17:03:59.277,1.0542,1.0545,0.50,0.40
2008.05.19 17:03:59.468,1.05425,1.0545,0.30,0.40
2008.05.19 17:03:59.558,1.05425,1.0546,0.30,0.50
2008.05.19 17:04:00.137,1.0543,1.0546,0.30,0.50
2008.05.19 17:04:00.226,1.05425,1.05455,0.50,0.10
2008.05.19 17:04:00.430,1.05425,1.0545,0.50,0.40
2008.05.19 17:04:00.840,1.0543,1.0545,0.30,0.40
2008.05.19 17:04:01.043,1.0543,1.0546,0.30,0.50
2008.05.19 17:04:01.246,1.05425,1.0546,0.50,0.50
2008.05.19 17:04:01.768,1.05425,1.05455,0.40,0.10
2008.05.19 17:04:01.890,1.05425,1.0545,0.40,0.40
2008.05.19 17:04:06.151,1.05425,1.0545,0.50,0.40
2008.05.19 17:04:12.342,1.0543,1.0545,0.30,0.40
2008.05.19 17:04:12.459,1.0543,1.05465,0.30,0.10
2008.05.19 17:04:12.589,1.0543,1.05465,0.50,0.10
2008.05.19 17:04:13.046,1.05435,1.05465,0.40,0.10
2008.05.19 17:04:20.216,1.05435,1.0546,0.40,0.10
2008.05.19 17:04:20.494,1.05435,1.05465,0.40,0.10
2008.05.19 17:04:21.154,1.05435,1.0546,0.40,0.10
2008.05.19 17:04:21.276,1.05435,1.0546,0.40,0.50
2008.05.19 17:04:22.052,1.0543,1.0546,0.40,0.50
2008.05.19 17:04:23.148,1.0543,1.0546,0.50,0.40
2008.05.19 17:04:24.399,1.05435,1.0546,0.40,0.40
2008.05.19 17:04:27.454,1.05435,1.0546,0.40,0.50
2008.05.19 17:04:27.671,1.05435,1.0546,0.40,0.40
2008.05.19 17:04:42.215,1.05435,1.0546,0.40,0.50
2008.05.19 17:04:42.384,1.05435,1.0546,0.40,0.40
2008.05.19 17:04:42.916,1.05435,1.0546,0.40,0.50
2008.05.19 17:05:09.756,1.05425,1.0546,0.50,0.50
2008.05.19 17:05:10.135,1.05425,1.05455,0.40,0.10
2008.05.19 17:05:10.694,1.0542,1.0545,0.50,0.10
2008.05.19 17:05:10.853,1.0542,1.0545,0.50,0.50
2008.05.19 17:05:11.704,1.0542,1.0545,0.40,0.50
2008.05.19 17:05:11.904,1.0542,1.0545,0.50,0.50
2008.05.19 17:05:12.128,1.0542,1.0545,0.40,0.50
2008.05.19 17:05:12.680,1.0542,1.0545,0.50,0.50
2008.05.19 17:05:12.875,1.0542,1.0545,0.40,0.50
2008.05.19 17:05:14.496,1.0542,1.0545,0.50,0.50
2008.05.19 17:05:15.414,1.0542,1.0545,0.40,0.50
2008.05.19 17:05:19.162,1.0542,1.0545,0.50,0.50
2008.05.19 17:05:19.592,1.0542,1.0545,0.40,0.50
2008.05.19 17:05:19.970,1.0542,1.0545,0.50,0.50
2008.05.19 17:05:20.064,1.0542,1.0545,0.40,0.50
2008.05.19 17:05:21.638,1.0542,1.0545,0.50,0.50
2008.05.19 17:05:23.207,1.0542,1.0545,0.40,0.50
2008.05.19 17:05:33.118,1.0542,1.0545,0.50,0.40
2008.05.19 17:05:33.330,1.0542,1.0545,0.40,0.50
2008.05.19 17:05:34.688,1.0542,1.0545,0.50,0.40
2008.05.19 17:05:34.920,1.0542,1.0545,0.40,0.50
2008.05.19 17:05:35.106,1.0542,1.0545,0.50,0.40
2008.05.19 17:05:37.426,1.0542,1.0545,0.40,0.50
2008.05.19 17:05:39.349,1.0542,1.0545,0.50,0.40
2008.05.19 17:05:43.185,1.0542,1.0545,0.40,0.50
2008.05.19 17:05:47.755,1.0542,1.0545,0.50,0.50
2008.05.19 17:05:48.371,1.0542,1.0545,0.40,0.50
2008.05.19 17:06:47.918,1.0542,1.0545,0.50,0.50
2008.05.19 17:06:48.662,1.0542,1.0545,0.40,0.50
2008.05.19 17:06:53.410,1.0542,1.0545,0.50,0.50
2008.05.19 17:06:53.941,1.0542,1.0545,0.40,0.50
2008.05.19 17:06:56.335,1.0542,1.0545,0.50,0.50
2008.05.19 17:06:56.647,1.0542,1.0545,0.40,0.50
2008.05.19 17:06:56.883,1.0542,1.0545,0.50,0.40
2008.05.19 17:06:58.689,1.05425,1.0545,0.30,0.40
2008.05.19 17:06:58.767,1.05425,1.0545,0.50,0.40
2008.05.19 17:06:59.431,1.05425,1.0545,0.40,0.40
2008.05.19 17:07:00.137,1.05425,1.05455,0.40,0.10
2008.05.19 17:07:00.412,1.0543,1.0546,0.30,0.40
2008.05.19 17:07:00.811,1.0543,1.0546,0.50,0.40
2008.05.19 17:07:03.056,1.05435,1.0546,0.30,0.40
2008.05.19 17:07:03.235,1.05435,1.0547,0.30,0.10
2008.05.19 17:07:03.372,1.05435,1.0547,0.50,0.10
2008.05.19 17:07:03.505,1.05435,1.0547,0.50,0.50
2008.05.19 17:07:03.607,1.05435,1.05465,0.40,0.10
2008.05.19 17:07:24.417,1.0544,1.0547,0.30,0.40
2008.05.19 17:07:24.427,1.0544,1.05475,0.30,0.10
2008.05.19 17:07:24.486,1.0544,1.05475,0.50,0.10
2008.05.19 17:07:24.977,1.05435,1.0547,0.50,0.10
2008.05.19 17:07:28.940,1.05435,1.0547,0.50,0.50
2008.05.19 17:07:28.959,1.05435,1.05465,0.40,0.10
2008.05.19 17:07:29.698,1.0544,1.05475,0.30,0.10
2008.05.19 17:07:29.838,1.0544,1.05475,0.50,0.10
2008.05.19 17:07:30.271,1.0544,1.0547,0.40,0.10
2008.05.19 17:07:30.416,1.0544,1.05475,0.50,0.10
2008.05.19 17:07:31.119,1.0544,1.0547,0.40,0.10
2008.05.19 17:07:31.596,1.05445,1.0547,0.80,0.10
2008.05.19 17:07:35.562,1.05445,1.0547,1.10,0.10
2008.05.19 17:07:35.699,1.05445,1.05475,1.10,0.10
2008.05.19 17:07:36.096,1.05445,1.0547,1.10,0.10
2008.05.19 17:07:36.332,1.05445,1.0547,0.80,0.10
2008.05.19 17:07:37.674,1.05445,1.05475,0.80,0.10
2008.05.19 17:07:37.861,1.05445,1.05475,1.10,0.10
2008.05.19 17:07:44.088,1.05445,1.0547,1.10,0.10
2008.05.19 17:07:44.193,1.05445,1.0547,0.80,0.10
2008.05.19 17:07:46.758,1.05445,1.05475,0.80,0.10
2008.05.19 17:07:46.916,1.05445,1.05475,1.60,0.10
2008.05.19 17:07:46.970,1.05445,1.05475,1.90,0.10
2008.05.19 17:07:48.687,1.05445,1.05475,1.10,0.10
2008.05.19 17:07:48.700,1.0546,1.05475,0.80,0.10
2008.05.19 17:07:48.737,1.0547,1.0548,0.30,0.40
2008.05.19 17:07:48.783,1.0547,1.0549,0.30,0.08
2008.05.19 17:07:48.883,1.0547,1.055,0.30,0.08
2008.05.19 17:07:48.955,1.05475,1.055,0.80,0.08
2008.05.19 17:07:48.982,1.05475,1.05505,0.80,0.90
2008.05.19 17:07:49.004,1.05475,1.05505,0.80,0.10
2008.05.19 17:07:49.245,1.05475,1.05505,1.00,0.08
2008.05.19 17:07:49.525,1.05475,1.0551,1.00,0.50
2008.05.19 17:07:49.877,1.05475,1.05505,0.80,0.10
2008.05.19 17:07:51.147,1.0547,1.05505,1.30,0.10
2008.05.19 17:07:51.324,1.0547,1.05505,0.50,0.10
2008.05.19 17:08:14.430,1.05475,1.05505,0.80,0.10
2008.05.19 17:08:20.235,1.05475,1.0551,1.00,0.50
2008.05.19 17:08:20.565,1.05475,1.0551,1.30,0.50
2008.05.19 17:08:22.104,1.05475,1.05505,1.10,0.10
2008.05.19 17:08:22.760,1.05475,1.05505,1.90,0.10
2008.05.19 17:08:23.320,1.05475,1.0551,2.10,0.50
2008.05.19 17:08:25.154,1.05475,1.0551,1.30,0.50
2008.05.19 17:08:25.284,1.05475,1.0551,0.50,0.50
2008.05.19 17:08:27.247,1.0548,1.0551,0.30,0.40
2008.05.19 17:08:27.910,1.05475,1.0551,1.30,0.50
2008.05.19 17:08:28.257,1.0548,1.0551,0.30,0.40
2008.05.19 17:08:29.710,1.05475,1.0551,0.50,0.50
2008.05.19 17:08:29.864,1.05475,1.055,0.30,0.40
2008.05.19 17:08:30.423,1.0547,1.055,0.30,0.40
2008.05.19 17:08:30.633,1.05475,1.055,0.30,0.40
2008.05.19 17:08:36.270,1.05475,1.0551,0.30,0.50
2008.05.19 17:08:36.542,1.05475,1.0551,1.00,0.50
2008.05.19 17:08:37.274,1.0548,1.0551,0.30,0.40
2008.05.19 17:08:39.051,1.0548,1.055,0.30,0.40
2008.05.19 17:08:39.301,1.05475,1.055,1.00,0.40
2008.05.19 17:08:39.638,1.05475,1.055,1.30,0.40
2008.05.19 17:08:42.181,1.0548,1.055,0.30,0.40
2008.05.19 17:08:42.340,1.0548,1.0551,0.30,0.40
2008.05.19 17:08:43.218,1.05475,1.0551,1.30,0.50
2008.05.19 17:08:43.357,1.05475,1.055,1.30,0.40
2008.05.19 17:08:45.849,1.05475,1.055,0.40,0.40
2008.05.19 17:08:46.088,1.05475,1.05505,0.40,0.10
2008.05.19 17:08:46.152,1.05475,1.0551,0.50,0.50
2008.05.19 17:08:46.378,1.0548,1.0551,0.30,0.40
2008.05.19 17:08:49.441,1.05475,1.0551,1.30,0.50
2008.05.19 17:08:49.566,1.05475,1.055,1.30,0.40
2008.05.19 17:08:52.475,1.05475,1.0551,1.30,0.50
2008.05.19 17:08:52.772,1.0548,1.0551,1.00,0.40
2008.05.19 17:08:53.080,1.05475,1.0551,1.30,0.10
2008.05.19 17:08:53.245,1.05485,1.0552,0.30,0.50
2008.05.19 17:08:53.744,1.0549,1.0552,0.30,0.40
2008.05.19 17:08:54.557,1.05485,1.0552,0.30,0.50
2008.05.19 17:08:54.671,1.0548,1.05515,0.50,0.10
2008.05.19 17:08:54.785,1.0548,1.0551,0.50,0.40
2008.05.19 17:08:54.899,1.0548,1.0551,0.30,0.40
2008.05.19 17:09:02.929,1.05475,1.0551,0.50,0.50
2008.05.19 17:09:03.033,1.05475,1.055,0.50,0.40
2008.05.19 17:09:03.147,1.05475,1.055,0.30,0.40
2008.05.19 17:09:04.016,1.0547,1.055,0.30,0.40
2008.05.19 17:09:04.366,1.05465,1.055,0.50,0.50
2008.05.19 17:09:05.663,1.05465,1.0549,0.50,0.40
2008.05.19 17:09:05.736,1.0546,1.0549,0.30,0.40
2008.05.19 17:09:05.954,1.0547,1.0549,0.30,0.40
2008.05.19 17:09:06.042,1.0547,1.05505,0.30,0.10
2008.05.19 17:09:07.133,1.05475,1.0551,0.30,0.50
2008.05.19 17:09:14.402,1.05465,1.055,0.50,0.10
2008.05.19 17:09:14.571,1.05465,1.0549,0.30,0.40
2008.05.19 17:09:15.459,1.05465,1.0549,0.50,0.40
2008.05.19 17:09:15.669,1.0547,1.0549,0.30,0.40
2008.05.19 17:09:15.841,1.0547,1.055,0.30,0.40
2008.05.19 17:09:16.400,1.0548,1.055,0.30,0.40
2008.05.19 17:09:16.527,1.0548,1.0551,0.30,0.08
2008.05.19 17:09:16.651,1.0548,1.05515,0.30,0.10
2008.05.19 17:09:18.975,1.0548,1.0551,0.30,0.40
2008.05.19 17:09:19.175,1.05475,1.0551,0.30,0.50
2008.05.19 17:09:21.223,1.0548,1.0551,0.30,0.40
2008.05.19 17:09:21.779,1.0548,1.05515,0.30,0.10
2008.05.19 17:09:21.867,1.0548,1.05515,0.30,0.10
2008.05.19 17:09:21.947,1.05485,1.0552,0.30,0.50
2008.05.19 17:09:22.918,1.0548,1.05515,0.30,0.10
2008.05.19 17:09:25.908,1.05485,1.0552,0.30,0.50
2008.05.19 17:09:27.940,1.05485,1.0551,0.30,0.40
2008.05.19 17:09:28.021,1.0548,1.0551,0.30,0.40
2008.05.19 17:09:28.410,1.05485,1.0551,0.30,0.40
2008.05.19 17:09:28.997,1.0548,1.0551,0.30,0.40
2008.05.19 17:09:29.450,1.05485,1.0551,0.30,0.40
2008.05.19 17:09:30.838,1.05485,1.0552,0.50,0.50
2008.05.19 17:09:30.954,1.05495,1.0552,0.30,0.40
2008.05.19 17:09:31.904,1.0549,1.0552,0.30,0.40
2008.05.19 17:09:37.800,1.05485,1.0551,1.00,0.40
2008.05.19 17:09:40.129,1.05485,1.0551,0.30,0.40
2008.05.19 17:09:43.467,1.05485,1.0552,0.30,0.50
2008.05.19 17:09:43.624,1.0549,1.0552,0.30,0.40
2008.05.19 17:09:43.693,1.0549,1.0552,0.30,0.40
2008.05.19 17:09:51.906,1.05485,1.0552,0.30,0.50
2008.05.19 17:09:52.275,1.05485,1.0551,0.30,0.40
2008.05.19 17:09:52.439,1.0548,1.0551,0.30,0.40
2008.05.19 17:10:01.849,1.05475,1.0551,0.50,0.50
2008.05.19 17:10:02.133,1.05475,1.0551,0.30,0.50
2008.05.19 17:10:09.118,1.0548,1.0551,0.30,0.40
2008.05.19 17:10:10.871,1.05475,1.0551,1.00,0.50
2008.05.19 17:10:10.966,1.05475,1.0551,0.30,0.50
2008.05.19 17:10:26.207,1.0548,1.0551,0.30,0.40
2008.05.19 17:10:26.421,1.05475,1.0551,0.30,0.50
2008.05.19 17:10:29.642,1.0548,1.0551,0.30,0.40
2008.05.19 17:10:50.533,1.05485,1.0551,0.30,0.40
2008.05.19 17:10:51.429,1.05485,1.0551,1.00,0.40
2008.05.19 17:10:54.502,1.05485,1.0551,1.80,0.40
2008.05.19 17:10:54.702,1.05495,1.0551,0.30,0.40
2008.05.19 17:10:54.838,1.05495,1.0552,0.30,0.40
2008.05.19 17:10:57.062,1.055,1.0552,0.30,0.40
2008.05.19 17:10:57.183,1.055,1.0553,0.30,0.40
2008.05.19 17:10:57.372,1.055,1.0553,0.30,0.40
2008.05.19 17:10:59.568,1.05495,1.0553,0.30,0.50
2008.05.19 17:10:59.878,1.05495,1.0553,0.30,0.50
2008.05.19 17:11:00.081,1.05505,1.0553,0.30,0.40
2008.05.19 17:11:00.338,1.05505,1.0553,0.30,0.40
2008.05.19 17:11:00.494,1.05495,1.0553,1.30,0.50
2008.05.19 17:11:00.652,1.05495,1.0553,0.50,0.50
2008.05.19 17:11:00.799,1.05495,1.0553,0.30,0.50
2008.05.19 17:11:04.533,1.05505,1.0553,0.30,0.40
2008.05.19 17:11:05.042,1.05495,1.0553,1.30,0.50
2008.05.19 17:11:05.197,1.05495,1.0553,0.50,0.50
2008.05.19 17:11:05.383,1.05495,1.0553,0.30,0.50
2008.05.19 17:11:06.616,1.0549,1.05525,0.50,0.10
2008.05.19 17:11:06.848,1.0549,1.05525,0.30,0.10
2008.05.19 17:11:07.246,1.0549,1.05525,0.30,0.10
2008.05.19 17:11:08.118,1.055,1.05525,0.30,0.08
2008.05.19 17:11:08.163,1.05505,1.05525,0.30,0.08
2008.05.19 17:11:08.318,1.05505,1.0554,0.30,0.50
2008.05.19 17:11:08.561,1.05495,1.0553,1.30,0.10
2008.05.19 17:11:08.655,1.055,1.05535,0.30,0.10
2008.05.19 17:11:08.728,1.055,1.05535,0.50,0.10
2008.05.19 17:11:08.860,1.055,1.05535,0.30,0.10
2008.05.19 17:11:09.186,1.05495,1.0553,0.50,0.10
2008.05.19 17:11:10.535,1.05505,1.05535,0.30,0.08
2008.05.19 17:11:11.068,1.055,1.05535,0.30,0.10
2008.05.19 17:11:11.175,1.05495,1.0553,1.30,0.10
2008.05.19 17:11:11.290,1.05495,1.0553,1.30,0.50
2008.05.19 17:11:11.617,1.05495,1.0552,1.30,0.40
2008.05.19 17:11:16.545,1.05495,1.0552,1.10,0.50
2008.05.19 17:11:16.734,1.05495,1.0552,0.40,0.50
2008.05.19 17:11:16.880,1.0549,1.0552,0.40,0.50
2008.05.19 17:11:17.412,1.05485,1.0552,1.30,0.50
2008.05.19 17:11:18.393,1.05485,1.0552,0.50,0.50
2008.05.19 17:11:18.764,1.05485,1.0552,0.30,0.50
2008.05.19 17:11:19.088,1.0549,1.0552,0.30,0.40
2008.05.19 17:11:25.369,1.05485,1.0552,0.50,0.50
2008.05.19 17:11:25.901,1.0549,1.0552,0.30,0.40
2008.05.19 17:11:26.896,1.05485,1.05515,0.40,0.10
2008.05.19 17:11:27.345,1.0549,1.0552,0.30,0.40
2008.05.19 17:11:27.495,1.0548,1.0551,0.50,0.40
2008.05.19 17:11:39.872,1.05485,1.0551,0.30,0.40
2008.05.19 17:11:39.984,1.05485,1.0552,0.30,0.50
2008.05.19 17:11:40.169,1.0549,1.0552,0.30,0.40
2008.05.19 17:11:40.696,1.05485,1.0552,0.30,0.50
2008.05.19 17:12:02.758,1.0548,1.05515,0.50,0.10
2008.05.19 17:12:02.879,1.0548,1.0551,0.40,0.10
2008.05.19 17:12:02.960,1.0548,1.0551,0.40,0.50
2008.05.19 17:12:11.777,1.05475,1.0551,0.50,0.50
2008.05.19 17:12:12.189,1.05475,1.05505,0.40,0.10
2008.05.19 17:12:12.226,1.0547,1.05505,0.50,0.10
2008.05.19 17:12:22.496,1.05465,1.055,0.50,0.10
2008.05.19 17:12:22.615,1.05465,1.055,0.50,0.50
2008.05.19 17:12:26.521,1.05465,1.05495,0.40,0.10
2008.05.19 17:12:26.589,1.0546,1.05495,0.50,0.10
2008.05.19 17:12:27.918,1.0546,1.0549,0.40,0.10
2008.05.19 17:12:29.732,1.05455,1.0549,1.30,0.10
2008.05.19 17:12:31.231,1.05455,1.05485,1.10,0.10
2008.05.19 17:12:31.489,1.05455,1.05485,0.40,0.10
2008.05.19 17:12:34.253,1.0545,1.05485,0.50,0.10
2008.05.19 17:12:35.722,1.05455,1.0549,0.30,0.50
2008.05.19 17:12:38.184,1.0545,1.05485,0.50,0.10
2008.05.19 17:12:44.140,1.0545,1.0548,0.40,0.10
2008.05.19 17:12:44.282,1.05445,1.0548,1.30,0.10
2008.05.19 17:12:44.829,1.0545,1.0548,0.40,0.10
2008.05.19 17:12:45.162,1.05445,1.0548,1.30,0.10
2008.05.19 17:12:48.250,1.05445,1.05455,1.10,0.10
2008.05.19 17:12:48.483,1.05445,1.05455,0.40,0.10
2008.05.19 17:12:48.738,1.05425,1.05455,2.10,0.10
2008.05.19 17:12:49.085,1.05435,1.05455,0.40,0.10
2008.05.19 17:12:50.138,1.05435,1.0546,0.40,0.10
2008.05.19 17:12:50.294,1.0544,1.0546,0.40,0.10
2008.05.19 17:12:50.668,1.0544,1.05455,0.40,0.10
2008.05.19 17:12:50.877,1.0544,1.0546,0.40,0.10
2008.05.19 17:12:52.758,1.05435,1.0546,0.40,0.10
2008.05.19 17:12:59.661,1.05435,1.05455,0.40,0.10
2008.05.19 17:12:59.884,1.05435,1.0546,0.40,0.10
2008.05.19 17:13:03.233,1.05435,1.05465,0.50,0.10
2008.05.19 17:13:06.296,1.05435,1.0546,0.40,0.10
2008.05.19 17:13:06.583,1.0543,1.0546,0.50,0.10
2008.05.19 17:13:11.276,1.0543,1.05455,0.40,0.10
2008.05.19 17:13:11.498,1.0543,1.0545,0.40,0.40
2008.05.19 17:13:11.533,1.05425,1.0545,0.40,0.40
2008.05.19 17:13:11.732,1.05425,1.0545,0.40,0.50
2008.05.19 17:13:15.652,1.05425,1.0545,0.40,0.40
2008.05.19 17:13:18.219,1.05425,1.0545,0.40,0.50
2008.05.19 17:13:18.445,1.05425,1.0545,0.40,0.40
2008.05.19 17:13:20.104,1.05425,1.0545,0.40,0.50
2008.05.19 17:13:20.416,1.05425,1.0545,0.40,0.40
2008.05.19 17:13:23.784,1.05425,1.0545,1.10,0.40
2008.05.19 17:13:24.435,1.05425,1.0545,1.30,0.40
2008.05.19 17:13:24.624,1.05425,1.0546,1.30,0.50
2008.05.19 17:13:25.000,1.0543,1.0546,0.40,0.50
2008.05.19 17:13:25.268,1.05435,1.0546,0.30,0.40
2008.05.19 17:13:25.502,1.05435,1.05465,0.30,0.10
2008.05.19 17:13:25.662,1.05435,1.05465,0.50,0.10
2008.05.19 17:13:25.820,1.0544,1.0547,0.30,0.10
2008.05.19 17:13:26.453,1.05445,1.05475,0.30,0.10
2008.05.19 17:13:39.911,1.0544,1.0547,0.50,0.10
2008.05.19 17:13:40.939,1.0544,1.05465,0.40,0.10
2008.05.19 17:13:41.179,1.05435,1.05465,0.50,0.10
2008.05.19 17:13:44.869,1.0544,1.0547,0.30,0.10
2008.05.19 17:13:45.609,1.0544,1.0547,0.50,0.10
2008.05.19 17:13:57.424,1.0544,1.05465,0.40,0.10
2008.05.19 17:13:57.457,1.05435,1.05465,0.50,0.10
2008.05.19 17:13:58.111,1.0544,1.05465,0.40,0.10
2008.05.19 17:13:59.385,1.0544,1.0547,0.50,0.10
2008.05.19 17:14:01.857,1.05445,1.0548,0.30,0.10
2008.05.19 17:14:01.949,1.05455,1.0548,0.80,0.10
2008.05.19 17:14:02.045,1.05445,1.0548,1.00,0.10
2008.05.19 17:14:02.093,1.05445,1.0548,1.00,0.10
2008.05.19 17:14:02.373,1.0545,1.05485,0.30,0.10
2008.05.19 17:14:03.171,1.0545,1.05485,0.50,0.10
2008.05.19 17:14:04.478,1.0545,1.0548,0.40,0.10
2008.05.19 17:14:06.849,1.05455,1.0548,0.80,0.10
2008.05.19 17:14:07.138,1.05455,1.05475,0.80,0.10
2008.05.19 17:14:07.361,1.05455,1.05485,0.80,0.10
2008.05.19 17:14:07.952,1.05455,1.0549,1.00,0.50
2008.05.19 17:14:08.071,1.05455,1.0549,1.30,0.10
2008.05.19 17:14:09.527,1.05455,1.0549,0.50,0.10
2008.05.19 17:14:09.634,1.05455,1.0549,1.30,0.10
2008.05.19 17:14:09.813,1.05455,1.0549,2.10,0.10
2008.05.19 17:14:10.357,1.05465,1.0549,0.80,0.10
2008.05.19 17:14:11.304,1.0546,1.0549,1.10,0.10
2008.05.19 17:14:11.460,1.0546,1.0549,0.40,0.10
2008.05.19 17:14:18.425,1.0546,1.05495,0.50,0.10
2008.05.19 17:14:26.630,1.0546,1.0549,0.40,0.10
2008.05.19 17:14:26.946,1.0546,1.05495,0.50,0.10
2008.05.19 17:14:27.678,1.05465,1.055,0.30,0.50
2008.05.19 17:14:27.793,1.05465,1.055,0.30,0.50
2008.05.19 17:14:28.153,1.0546,1.05495,0.50,0.10
2008.05.19 17:14:45.501,1.0546,1.0549,0.40,0.10
2008.05.19 17:14:45.595,1.0546,1.0549,0.40,0.50
2008.05.19 17:14:45.797,1.05455,1.0549,2.10,0.50
2008.05.19 17:14:46.024,1.0546,1.0549,0.30,0.40
2008.05.19 17:14:46.120,1.0546,1.05495,0.30,0.10
2008.05.19 17:14:46.217,1.0546,1.05495,0.50,0.10
2008.05.19 17:14:52.360,1.05465,1.05495,0.80,0.10
2008.05.19 17:14:53.924,1.0546,1.05495,1.30,0.10
2008.05.19 17:14:54.031,1.0546,1.05495,0.50,0.10
2008.05.19 17:14:57.117,1.0546,1.0549,0.40,0.10
2008.05.19 17:14:57.438,1.0546,1.05495,0.50,0.10
2008.05.19 17:14:58.094,1.0546,1.0549,0.50,0.40
2008.05.19 17:14:58.231,1.0546,1.0549,0.30,0.40
2008.05.19 17:14:58.673,1.0546,1.0549,0.50,0.40
2008.05.19 17:14:58.782,1.0546,1.05495,0.50,0.10
2008.05.19 17:14:58.893,1.0546,1.0549,0.40,0.10
2008.05.19 17:14:59.005,1.05455,1.0549,1.30,0.10
2008.05.19 17:14:59.116,1.05455,1.0549,2.10,0.10
2008.05.19 17:14:59.225,1.05455,1.05485,1.90,0.10
2008.05.19 17:14:59.335,1.05455,1.05485,1.60,0.10
2008.05.19 17:14:59.460,1.05455,1.05485,0.80,0.10
2008.05.19 17:14:59.567,1.0545,1.05485,0.50,0.10
2008.05.19 17:15:32.138,1.0545,1.0548,0.40,0.10
2008.05.19 17:15:32.283,1.0545,1.0548,0.40,0.50
2008.05.19 17:15:49.447,1.0545,1.05475,0.40,0.10
2008.05.19 17:15:49.477,1.05445,1.05475,1.90,0.10
2008.05.19 17:15:49.570,1.05445,1.0547,1.90,0.40
2008.05.19 17:15:49.823,1.05445,1.05475,1.90,0.10
2008.05.19 17:15:50.664,1.05445,1.0547,1.90,0.40
2008.05.19 17:15:50.863,1.0544,1.0547,0.50,0.40
2008.05.19 17:15:51.061,1.0544,1.0547,0.40,0.50
2008.05.19 17:15:52.359,1.0544,1.0547,0.40,0.10
2008.05.19 17:15:52.448,1.0544,1.05475,0.50,0.10
2008.05.19 17:15:52.651,1.0544,1.0547,0.40,0.10
2008.05.19 17:15:52.739,1.0544,1.0547,0.40,0.50
2008.05.19 17:15:52.991,1.05445,1.0547,0.80,0.50
2008.05.19 17:15:53.597,1.05445,1.0547,1.00,0.40
2008.05.19 17:15:53.775,1.05445,1.0548,1.00,0.50
2008.05.19 17:15:53.954,1.05445,1.0548,1.30,0.50
2008.05.19 17:15:56.482,1.05445,1.05475,1.10,0.10
2008.05.19 17:16:01.484,1.05445,1.05475,0.40,0.10
2008.05.19 17:16:01.943,1.05445,1.0548,0.50,0.50
2008.05.19 17:16:03.617,1.05445,1.05475,0.40,0.10
2008.05.19 17:16:03.688,1.05445,1.0547,0.40,0.40
2008.05.19 17:16:03.937,1.0544,1.0547,0.50,0.40
2008.05.19 17:16:10.668,1.0544,1.0547,0.40,0.50
2008.05.19 17:16:11.547,1.05435,1.0547,2.10,0.50
2008.05.19 17:16:12.763,1.05435,1.0547,1.30,0.50
2008.05.19 17:16:12.801,1.05435,1.0547,0.50,0.50
2008.05.19 17:16:13.895,1.05435,1.05465,0.40,0.10
2008.05.19 17:16:14.073,1.05435,1.0546,0.40,0.40
2008.05.19 17:16:14.186,1.05435,1.0546,0.50,0.40
2008.05.19 17:16:14.380,1.05435,1.0546,0.40,0.40
2008.05.19 17:16:15.195,1.05435,1.0547,0.50,0.50
2008.05.19 17:16:17.061,1.05435,1.0546,0.50,0.40
2008.05.19 17:16:17.207,1.05435,1.0546,0.40,0.40
2008.05.19 17:16:24.851,1.05435,1.0546,1.10,0.40
2008.05.19 17:16:24.969,1.05435,1.0546,1.30,0.40
2008.05.19 17:16:25.047,1.05435,1.0547,1.30,0.50
2008.05.19 17:16:25.290,1.05435,1.0547,2.10,0.50
2008.05.19 17:16:25.792,1.05435,1.0547,1.30,0.50
2008.05.19 17:16:25.830,1.05435,1.0547,0.50,0.50
2008.05.19 17:16:26.270,1.05435,1.05465,0.40,0.10
2008.05.19 17:16:26.518,1.0543,1.05465,0.50,0.10
2008.05.19 17:16:27.024,1.05435,1.05465,1.60,0.10
2008.05.19 17:16:27.102,1.05435,1.05465,0.80,0.10
2008.05.19 17:16:27.259,1.05435,1.0547,1.00,0.50
2008.05.19 17:16:27.339,1.05435,1.0547,0.30,0.50
2008.05.19 17:16:28.460,1.05435,1.0547,1.00,0.50
2008.05.19 17:16:28.669,1.05435,1.0547,1.30,0.50
2008.05.19 17:16:28.878,1.0544,1.05475,0.30,0.10
2008.05.19 17:16:29.086,1.0544,1.05475,0.50,0.10
2008.05.19 17:16:29.456,1.0544,1.0547,0.50,0.40
2008.05.19 17:16:29.975,1.0544,1.0547,0.40,0.50
2008.05.19 17:16:30.915,1.05435,1.0547,2.10,0.50
2008.05.19 17:16:31.123,1.0544,1.0547,0.30,0.40
2008.05.19 17:16:31.317,1.0544,1.0547,0.50,0.40
2008.05.19 17:16:32.616,1.0544,1.0547,0.40,0.50
2008.05.19 17:16:32.820,1.05435,1.0547,2.10,0.50
2008.05.19 17:16:33.312,1.05435,1.0547,1.30,0.50
2008.05.19 17:16:36.919,1.0544,1.0547,0.30,0.40
2008.05.19 17:16:36.988,1.0544,1.0547,0.50,0.40
2008.05.19 17:16:37.937,1.05445,1.0547,0.30,0.40
2008.05.19 17:16:38.038,1.05445,1.0547,1.00,0.40
2008.05.19 17:16:38.138,1.05445,1.0548,1.00,0.50
2008.05.19 17:16:38.374,1.05445,1.0548,1.00,0.50
2008.05.19 17:16:38.997,1.0545,1.0548,0.30,0.40
2008.05.19 17:16:48.679,1.05445,1.0548,1.00,0.50
2008.05.19 17:16:48.704,1.0545,1.0548,0.80,0.50
2008.05.19 17:16:48.768,1.05455,1.0548,0.80,0.50
2008.05.19 17:16:48.832,1.05455,1.0548,0.80,0.10
2008.05.19 17:16:48.886,1.05465,1.0549,0.30,0.40
2008.05.19 17:16:49.051,1.05465,1.055,0.30,0.50
2008.05.19 17:16:49.119,1.05465,1.055,0.30,0.50
2008.05.19 17:16:50.071,1.05465,1.055,1.00,0.50
2008.05.19 17:16:57.805,1.05465,1.055,1.30,0.50
2008.05.19 17:16:57.937,1.05475,1.055,0.30,0.40
2008.05.19 17:16:58.139,1.05475,1.0551,0.30,0.50
2008.05.19 17:16:58.658,1.0548,1.0551,0.30,0.40
2008.05.19 17:17:00.399,1.05475,1.0551,1.30,0.50
2008.05.19 17:17:03.187,1.0548,1.0551,0.30,0.40
2008.05.19 17:17:09.435,1.05485,1.0551,0.30,0.40
2008.05.19 17:17:09.568,1.05485,1.0552,0.30,0.50
2008.05.19 17:17:09.614,1.0548,1.05515,0.30,0.10
2008.05.19 17:17:09.663,1.0548,1.05515,0.50,0.10
2008.05.19 17:17:09.818,1.0548,1.0551,0.50,0.40
2008.05.19 17:17:10.852,1.0548,1.0551,0.30,0.40
2008.05.19 17:17:11.167,1.05485,1.0551,0.30,0.40
2008.05.19 17:17:11.695,1.0549,1.0551,0.30,0.40
2008.05.19 17:17:11.917,1.05485,1.0551,1.00,0.40
2008.05.19 17:17:12.055,1.05485,1.0551,1.80,0.40
2008.05.19 17:17:12.129,1.0549,1.0551,0.30,0.40
2008.05.19 17:17:12.411,1.0549,1.0552,0.30,0.50
2008.05.19 17:17:12.756,1.05495,1.0552,0.30,0.40
2008.05.19 17:17:13.103,1.055,1.0553,0.30,0.50
2008.05.19 17:17:13.280,1.05505,1.0553,0.30,0.40
2008.05.19 17:17:13.404,1.055,1.0553,0.30,0.50
2008.05.19 17:17:13.948,1.05505,1.0553,0.30,0.40
2008.05.19 17:17:14.185,1.055,1.0553,0.30,0.50
2008.05.19 17:17:14.985,1.05505,1.0553,0.30,0.40
2008.05.19 17:17:15.430,1.05495,1.0552,1.80,0.40
2008.05.19 17:17:17.937,1.055,1.0552,0.30,0.40
2008.05.19 17:17:18.001,1.055,1.0553,0.30,0.50
2008.05.19 17:17:18.306,1.055,1.0552,0.30,0.40
2008.05.19 17:17:18.371,1.05495,1.0552,1.00,0.40
2008.05.19 17:17:18.449,1.055,1.0552,0.30,0.40
2008.05.19 17:17:18.761,1.05495,1.0552,0.30,0.40
2008.05.19 17:17:19.272,1.05495,1.05525,0.30,0.10
2008.05.19 17:17:19.522,1.05495,1.0552,0.30,0.40
2008.05.19 17:17:21.115,1.05495,1.05525,0.30,0.10
2008.05.19 17:17:21.238,1.05495,1.0552,0.40,0.10
2008.05.19 17:17:21.377,1.0549,1.0552,0.50,0.10
2008.05.19 17:17:21.516,1.05495,1.05525,0.30,0.10
2008.05.19 17:17:21.656,1.05495,1.0552,0.30,0.40
2008.05.19 17:17:22.296,1.0549,1.0552,0.50,0.50
2008.05.19 17:17:22.698,1.0549,1.0552,0.30,0.50
2008.05.19 17:17:23.305,1.05485,1.05515,0.40,0.10
2008.05.19 17:17:23.499,1.0548,1.0551,0.50,0.40
2008.05.19 17:17:23.925,1.0548,1.05505,0.40,0.10
2008.05.19 17:17:24.095,1.05475,1.055,1.10,0.40
2008.05.19 17:17:26.652,1.05475,1.055,1.30,0.40
2008.05.19 17:17:26.800,1.05485,1.055,0.30,0.40
2008.05.19 17:17:26.947,1.05485,1.0551,0.30,0.40
2008.05.19 17:17:27.020,1.05485,1.05515,0.30,0.10
2008.05.19 17:17:27.164,1.05485,1.05515,0.30,0.10
2008.05.19 17:17:27.308,1.0548,1.0551,0.30,0.10
2008.05.19 17:17:27.517,1.05485,1.05515,0.30,0.10
2008.05.19 17:17:27.803,1.05485,1.0551,0.30,0.40
2008.05.19 17:17:27.946,1.0548,1.0551,0.30,0.50
2008.05.19 17:17:28.089,1.0548,1.0551,0.30,0.10
2008.05.19 17:17:28.234,1.0548,1.0551,0.30,0.50
2008.05.19 17:17:33.377,1.05475,1.05505,1.10,0.10
2008.05.19 17:17:33.416,1.05475,1.055,1.10,0.40
2008.05.19 17:17:33.967,1.05485,1.055,0.80,0.40
2008.05.19 17:17:34.095,1.05475,1.055,1.10,0.40
2008.05.19 17:17:34.164,1.05475,1.055,1.30,0.40
2008.05.19 17:17:34.568,1.05475,1.0551,1.30,0.50
2008.05.19 17:17:35.258,1.05475,1.0551,1.00,0.50
2008.05.19 17:17:35.377,1.05485,1.0551,0.30,0.40
2008.05.19 17:17:35.497,1.05485,1.05515,0.30,0.10
2008.05.19 17:17:35.617,1.05485,1.0551,0.30,0.40
2008.05.19 17:17:35.854,1.05485,1.05515,0.30,0.10
2008.05.19 17:17:35.972,1.0548,1.0551,0.30,0.10
2008.05.19 17:17:36.093,1.0548,1.0551,0.30,0.50
2008.05.19 17:17:46.389,1.05475,1.05505,1.10,0.10
2008.05.19 17:17:47.498,1.05485,1.05505,0.80,0.10
2008.05.19 17:17:47.626,1.05485,1.0551,0.80,0.50
2008.05.19 17:17:47.905,1.05485,1.0551,0.80,0.10
2008.05.19 17:17:53.433,1.05485,1.0552,1.00,0.50
2008.05.19 17:17:53.948,1.05485,1.05515,0.80,0.10
2008.05.19 17:17:58.286,1.05485,1.0551,0.80,0.10
2008.05.19 17:17:58.407,1.05485,1.0551,0.80,0.50
2008.05.19 17:18:00.364,1.05485,1.0551,0.80,0.40
2008.05.19 17:18:00.571,1.05485,1.0551,1.10,0.40
2008.05.19 17:18:00.766,1.05485,1.0551,0.80,0.40
2008.05.19 17:18:01.310,1.05485,1.0551,1.00,0.40
2008.05.19 17:18:01.474,1.05485,1.0552,1.00,0.10
2008.05.19 17:18:01.607,1.05485,1.0552,1.30,0.10
2008.05.19 17:18:03.299,1.05495,1.05525,0.30,0.10
2008.05.19 17:18:07.885,1.05495,1.05525,1.00,0.10
2008.05.19 17:18:08.210,1.05495,1.05525,0.30,0.10
2008.05.19 17:18:09.520,1.05495,1.0552,0.30,0.40
2008.05.19 17:18:12.924,1.05495,1.05525,0.30,0.10
2008.05.19 17:18:15.618,1.055,1.0553,0.30,0.50
2008.05.19 17:18:15.855,1.055,1.0553,0.30,0.10
2008.05.19 17:18:16.089,1.05505,1.0553,0.30,0.08
2008.05.19 17:18:21.835,1.05495,1.0553,4.50,0.10
2008.05.19 17:18:21.990,1.05495,1.0553,2.10,0.10
2008.05.19 17:18:22.135,1.05495,1.0553,2.10,0.10
2008.05.19 17:18:25.862,1.05505,1.05535,0.30,0.10
2008.05.19 17:18:32.101,1.055,1.0553,0.40,0.50
2008.05.19 17:18:35.917,1.055,1.05525,0.40,0.10
2008.05.19 17:18:36.205,1.05495,1.05525,1.90,0.10
2008.05.19 17:18:49.337,1.05495,1.05525,1.10,0.10
2008.05.19 17:18:49.390,1.05495,1.05525,0.40,0.10
2008.05.19 17:18:52.385,1.05495,1.05525,1.10,0.10
2008.05.19 17:19:06.980,1.05495,1.0552,1.10,0.10
2008.05.19 17:19:07.241,1.05495,1.0552,0.80,0.10
2008.05.19 17:19:09.173,1.0549,1.0552,1.10,0.10
2008.05.19 17:19:09.247,1.0549,1.0552,0.40,0.10
2008.05.19 17:19:09.507,1.0549,1.05515,0.40,0.10
2008.05.19 17:19:09.693,1.05485,1.05515,1.10,0.10
2008.05.19 17:19:09.775,1.05485,1.05515,0.40,0.10
2008.05.19 17:19:10.044,1.05485,1.0551,0.40,0.10
2008.05.19 17:19:10.484,1.0548,1.0551,0.40,0.10
2008.05.19 17:19:12.464,1.05485,1.0552,0.30,0.10
2008.05.19 17:19:12.856,1.05485,1.0552,0.30,0.10
2008.05.19 17:19:16.900,1.05485,1.0552,1.00,0.10
2008.05.19 17:19:19.269,1.05485,1.0552,0.30,0.10
2008.05.19 17:19:19.488,1.0549,1.05525,0.30,0.10
2008.05.19 17:19:19.853,1.0549,1.05525,0.30,0.10
2008.05.19 17:19:20.273,1.0549,1.05525,0.50,0.10
2008.05.19 17:19:20.520,1.05495,1.0553,0.30,0.50
2008.05.19 17:19:20.644,1.05495,1.0553,0.30,0.10
2008.05.19 17:19:21.173,1.05495,1.0553,0.50,0.10
2008.05.19 17:19:23.641,1.05495,1.0552,0.40,0.10
2008.05.19 17:19:23.735,1.0549,1.0552,0.40,0.10
2008.05.19 17:19:25.012,1.05495,1.0553,0.30,0.50
2008.05.19 17:19:25.155,1.05495,1.0553,0.30,0.10
2008.05.19 17:19:25.224,1.05495,1.0553,0.50,0.10
2008.05.19 17:19:27.962,1.055,1.05535,0.30,0.10
2008.05.19 17:19:28.122,1.055,1.05535,0.50,0.10
2008.05.19 17:19:28.282,1.0551,1.0553,0.40,0.10
2008.05.19 17:19:28.442,1.0551,1.0554,0.50,0.10
2008.05.19 17:19:28.873,1.0551,1.0554,0.30,0.10
2008.05.19 17:19:29.223,1.05505,1.0553,0.40,0.10
2008.05.19 17:19:32.992,1.05505,1.05525,0.40,0.10
2008.05.19 17:19:33.126,1.05505,1.0553,0.40,0.10
2008.05.19 17:19:33.283,1.055,1.0553,0.40,0.10
2008.05.19 17:19:33.461,1.055,1.05525,0.40,0.10
2008.05.19 17:19:33.550,1.055,1.0553,0.40,0.10
2008.05.19 17:19:33.773,1.05495,1.0553,1.30,0.10
2008.05.19 17:19:51.126,1.0551,1.0554,0.30,0.10
2008.05.19 17:19:51.354,1.0551,1.0554,0.30,0.10
2008.05.19 17:19:51.383,1.0551,1.0554,0.30,0.50
2008.05.19 17:19:51.432,1.05505,1.05535,0.50,0.10
2008.05.19 17:19:51.576,1.05505,1.05535,0.30,0.10
2008.05.19 17:20:20.121,1.0551,1.0554,0.30,0.50
2008.05.19 17:20:20.335,1.05505,1.05535,0.30,0.10
2008.05.19 17:20:23.978,1.055,1.0553,0.50,0.10
2008.05.19 17:20:24.127,1.055,1.05525,0.40,0.10
2008.05.19 17:20:24.181,1.05505,1.05535,0.30,0.10
2008.05.19 17:20:24.294,1.05505,1.0553,0.30,0.40
2008.05.19 17:20:24.781,1.055,1.0553,0.40,0.50
2008.05.19 17:20:24.887,1.05505,1.0553,0.30,0.40
2008.05.19 17:20:26.133,1.055,1.0553,0.50,0.50
2008.05.19 17:20:26.518,1.055,1.05525,0.40,0.10
2008.05.19 17:20:26.887,1.055,1.0553,0.30,0.50
2008.05.19 17:20:27.251,1.055,1.0553,0.40,0.50
2008.05.19 17:20:27.421,1.055,1.0553,0.50,0.50
2008.05.19 17:20:31.627,1.055,1.05525,0.40,0.10
2008.05.19 17:20:31.744,1.05495,1.05525,0.50,0.10
2008.05.19 17:20:31.924,1.05495,1.0553,0.50,0.50
2008.05.19 17:20:32.137,1.055,1.0553,0.30,0.50
2008.05.19 17:20:32.255,1.055,1.0553,0.50,0.50
2008.05.19 17:20:32.374,1.05505,1.0553,0.30,0.40
2008.05.19 17:20:34.489,1.055,1.05525,0.40,0.10
2008.05.19 17:20:35.180,1.05495,1.05525,0.50,0.10
2008.05.19 17:20:35.300,1.05495,1.05525,0.30,0.10
2008.05.19 17:20:37.633,1.0549,1.05515,0.40,0.10
2008.05.19 17:20:37.910,1.0548,1.05515,0.50,0.10
2008.05.19 17:20:38.653,1.0548,1.05505,0.40,0.10
2008.05.19 17:20:39.222,1.05475,1.05505,0.40,0.10
2008.05.19 17:20:39.607,1.05475,1.055,0.40,0.10
2008.05.19 17:20:39.907,1.05465,1.055,0.50,0.10
2008.05.19 17:20:40.645,1.05475,1.0551,0.30,0.50
2008.05.19 17:20:40.724,1.05475,1.0551,0.30,0.10
2008.05.19 17:20:40.876,1.05475,1.0551,0.30,0.10
2008.05.19 17:20:41.420,1.05475,1.0551,0.50,0.10
2008.05.19 17:20:41.680,1.0548,1.05515,0.30,0.10
2008.05.19 17:20:41.940,1.0548,1.05515,0.50,0.10
2008.05.19 17:20:42.607,1.05485,1.0552,0.30,0.10
2008.05.19 17:20:42.952,1.05485,1.0552,0.30,0.10
2008.05.19 17:20:45.183,1.0548,1.05515,0.50,0.10
2008.05.19 17:20:46.657,1.05485,1.0552,0.30,0.10
2008.05.19 17:20:46.879,1.05485,1.0552,0.50,0.10
2008.05.19 17:20:47.312,1.05485,1.0551,0.50,0.40
2008.05.19 17:20:47.390,1.05485,1.0551,0.40,0.40
2008.05.19 17:20:47.469,1.0548,1.0551,0.50,0.40
2008.05.19 17:20:49.532,1.0548,1.05515,0.50,0.10
2008.05.19 17:20:49.609,1.05485,1.05515,0.40,0.10
2008.05.19 17:20:49.643,1.05485,1.0552,0.50,0.10
2008.05.19 17:20:50.823,1.0549,1.0552,0.30,0.40
2008.05.19 17:20:51.505,1.0549,1.0552,0.50,0.40
2008.05.19 17:20:51.730,1.0549,1.05515,0.40,0.10
2008.05.19 17:20:52.009,1.05485,1.0552,1.00,0.10
2008.05.19 17:20:52.976,1.05485,1.0551,0.80,0.10
2008.05.19 17:20:53.708,1.05485,1.05515,0.80,0.10
2008.05.19 17:20:54.140,1.055,1.0552,0.30,0.40
2008.05.19 17:20:54.396,1.055,1.05525,0.30,0.08
2008.05.19 17:20:54.525,1.055,1.0553,0.30,0.50
2008.05.19 17:20:56.906,1.05495,1.05525,0.50,0.10
2008.05.19 17:20:58.656,1.055,1.0553,0.30,0.50
2008.05.19 17:20:58.871,1.055,1.0553,0.30,0.40
2008.05.19 17:20:59.006,1.055,1.0553,0.50,0.40
2008.05.19 17:20:59.189,1.05505,1.0553,0.30,0.40
2008.05.19 17:20:59.720,1.055,1.0553,0.50,0.40
2008.05.19 17:20:59.926,1.05505,1.0553,0.30,0.40
2008.05.19 17:21:01.445,1.055,1.0553,0.50,0.50
2008.05.19 17:21:04.173,1.055,1.05525,0.40,0.10
2008.05.19 17:21:04.409,1.05495,1.05525,1.30,0.10
2008.05.19 17:21:04.535,1.05495,1.05525,0.50,0.10
2008.05.19 17:21:10.678,1.055,1.0553,0.30,0.50
2008.05.19 17:21:10.907,1.055,1.0553,0.50,0.50
2008.05.19 17:21:19.393,1.05505,1.0553,0.30,0.40
2008.05.19 17:21:19.718,1.05505,1.05535,0.30,0.10
2008.05.19 17:21:19.797,1.055,1.05535,0.50,0.10
2008.05.19 17:21:19.897,1.0551,1.0554,0.30,0.50
2008.05.19 17:21:24.375,1.05505,1.05535,0.50,0.10
2008.05.19 17:21:24.466,1.05505,1.0553,0.50,0.40
2008.05.19 17:21:28.793,1.05505,1.0553,1.30,0.40
2008.05.19 17:21:28.916,1.0551,1.0553,0.30,0.40
2008.05.19 17:21:29.079,1.0551,1.0554,0.30,0.50
2008.05.19 17:21:38.016,1.0551,1.0553,0.30,0.40
2008.05.19 17:21:38.154,1.05505,1.0553,0.80,0.40
2008.05.19 17:21:38.455,1.05505,1.0553,1.00,0.40
2008.05.19 17:21:38.652,1.05505,1.0553,0.80,0.40
2008.05.19 17:21:38.720,1.055,1.0553,1.30,0.40
2008.05.19 17:21:38.855,1.05505,1.0553,0.30,0.40
2008.05.19 17:21:46.726,1.0551,1.0553,0.30,0.40
2008.05.19 17:21:46.903,1.0551,1.0554,0.30,0.50
2008.05.19 17:21:46.992,1.05505,1.05535,0.30,0.10
2008.05.19 17:21:47.137,1.05505,1.0553,0.30,0.40
2008.05.19 17:21:47.248,1.055,1.0553,0.50,0.50
2008.05.19 17:21:47.463,1.055,1.0553,0.30,0.50
2008.05.19 17:21:51.985,1.05495,1.05525,0.50,0.10
2008.05.19 17:21:52.394,1.055,1.0553,0.30,0.50
2008.05.19 17:21:54.414,1.05495,1.0553,1.30,0.50
2008.05.19 17:21:55.461,1.055,1.0553,0.30,0.50
2008.05.19 17:21:59.899,1.05495,1.0553,1.30,0.50
2008.05.19 17:22:04.752,1.05495,1.05525,1.10,0.10
2008.05.19 17:22:04.885,1.05495,1.0552,1.10,0.40
2008.05.19 17:22:05.087,1.05495,1.0552,0.80,0.40
2008.05.19 17:22:08.891,1.05495,1.0552,0.80,0.50
2008.05.19 17:22:13.779,1.05495,1.0552,1.00,0.40
2008.05.19 17:22:14.041,1.05495,1.0552,1.80,0.40
2008.05.19 17:22:14.115,1.05495,1.0552,2.10,0.40
2008.05.19 17:22:23.726,1.05505,1.0552,0.30,0.40
2008.05.19 17:22:23.835,1.05505,1.0553,0.30,0.40
2008.05.19 17:22:24.019,1.05505,1.0553,0.50,0.40
2008.05.19 17:22:24.252,1.05505,1.0553,1.30,0.40
2008.05.19 17:22:24.588,1.0551,1.0553,0.30,0.40
2008.05.19 17:22:24.923,1.0551,1.0553,0.50,0.40
2008.05.19 17:22:25.375,1.0551,1.0553,0.40,0.40
2008.05.19 17:22:25.484,1.05505,1.0553,1.10,0.40
2008.05.19 17:22:25.594,1.05505,1.0553,0.40,0.40
2008.05.19 17:22:25.702,1.055,1.0553,0.50,0.40
2008.05.19 17:22:28.174,1.055,1.0553,0.40,0.50
2008.05.19 17:22:28.373,1.055,1.05525,0.40,0.10
2008.05.19 17:22:32.327,1.055,1.0553,0.40,0.50
2008.05.19 17:23:03.922,1.055,1.0553,0.40,0.10
2008.05.19 17:23:04.244,1.055,1.05535,0.50,0.10
2008.05.19 17:23:08.890,1.055,1.0552,0.40,0.10
2008.05.19 17:23:09.087,1.055,1.0553,0.40,0.10
2008.05.19 17:23:09.138,1.05495,1.0552,1.00,0.40
2008.05.19 17:23:09.232,1.05495,1.0553,0.30,0.50
2008.05.19 17:23:14.164,1.0549,1.05525,0.50,0.10
2008.05.19 17:23:14.209,1.0549,1.0552,0.50,0.40
2008.05.19 17:23:14.910,1.0549,1.0552,0.40,0.50
2008.05.19 17:23:17.964,1.0549,1.0552,0.40,0.10
2008.05.19 17:23:18.021,1.0549,1.05525,0.50,0.10
2008.05.19 17:23:18.059,1.05495,1.05525,0.40,0.10
2008.05.19 17:23:18.195,1.05495,1.0553,0.50,0.50
2008.05.19 17:23:18.316,1.05495,1.0552,0.50,0.40
2008.05.19 17:23:18.414,1.05495,1.0552,0.40,0.40
2008.05.19 17:23:27.420,1.05495,1.0552,0.50,0.40
2008.05.19 17:23:27.493,1.05495,1.0553,0.50,0.50
2008.05.19 17:23:27.537,1.055,1.0553,0.40,0.50
2008.05.19 17:23:31.880,1.055,1.05525,0.40,0.10
2008.05.19 17:23:32.183,1.05495,1.05525,1.10,0.10
2008.05.19 17:23:33.504,1.05495,1.05525,1.90,0.10
2008.05.19 17:23:34.929,1.05495,1.05525,1.10,0.10
2008.05.19 17:23:35.021,1.05495,1.05525,1.90,0.10
2008.05.19 17:23:35.090,1.05495,1.05525,1.10,0.10
2008.05.19 17:23:46.667,1.05495,1.05525,0.80,0.10
2008.05.19 17:23:48.457,1.05495,1.0552,0.80,0.10
2008.05.19 17:23:48.654,1.05495,1.0552,0.80,0.50
2008.05.19 17:24:05.024,1.05495,1.05515,0.80,0.10
2008.05.19 17:24:05.120,1.0549,1.05515,1.10,0.10
2008.05.19 17:24:05.137,1.0549,1.0551,0.40,0.40
2008.05.19 17:24:05.255,1.0548,1.0551,0.50,0.40
2008.05.19 17:24:08.544,1.0548,1.0551,0.40,0.50
2008.05.19 17:24:10.006,1.0548,1.0551,0.50,0.40
2008.05.19 17:24:10.107,1.05485,1.0551,0.40,0.40
2008.05.19 17:24:19.014,1.05485,1.0551,0.50,0.40
2008.05.19 17:24:19.068,1.05485,1.0552,0.50,0.50
2008.05.19 17:24:19.249,1.05485,1.0552,1.30,0.50
2008.05.19 17:24:19.269,1.05485,1.0552,2.10,0.50
2008.05.19 17:24:19.841,1.05485,1.05515,1.90,0.10
2008.05.19 17:24:19.929,1.05485,1.0551,1.90,0.40
2008.05.19 17:24:20.460,1.05485,1.05515,1.90,0.10
2008.05.19 17:24:20.686,1.05485,1.0552,2.10,0.50
2008.05.19 17:24:20.925,1.05485,1.0552,1.30,0.50
2008.05.19 17:24:20.997,1.05485,1.0552,0.50,0.50
2008.05.19 17:24:21.094,1.05485,1.05515,0.40,0.10
2008.05.19 17:24:21.148,1.05485,1.0551,0.40,0.40
2008.05.19 17:24:21.278,1.0548,1.0551,0.40,0.50
2008.05.19 17:24:21.537,1.0548,1.055,0.40,0.40
2008.05.19 17:24:21.676,1.05475,1.055,0.40,0.40
2008.05.19 17:24:24.274,1.0547,1.055,0.50,0.40
2008.05.19 17:24:24.688,1.0547,1.05505,0.50,0.10
2008.05.19 17:24:24.767,1.05475,1.05505,0.40,0.10
2008.05.19 17:24:24.926,1.05475,1.0551,0.50,0.50
2008.05.19 17:24:25.425,1.05475,1.055,0.40,0.10
2008.05.19 17:24:25.600,1.0547,1.055,0.40,0.50
2008.05.19 17:24:26.444,1.0547,1.055,0.50,0.40
2008.05.19 17:24:27.508,1.0547,1.055,0.40,0.50
2008.05.19 17:24:27.952,1.0547,1.05495,0.40,0.10
2008.05.19 17:24:28.254,1.05465,1.05495,1.10,0.10
2008.05.19 17:24:29.575,1.05465,1.055,1.30,0.50
2008.05.19 17:24:32.584,1.05465,1.0549,1.10,0.10
2008.05.19 17:24:32.723,1.05465,1.0549,0.40,0.10
2008.05.19 17:24:32.787,1.05455,1.0549,1.30,0.10
2008.05.19 17:24:32.915,1.05455,1.0549,1.30,0.50
2008.05.19 17:24:44.089,1.05455,1.05485,1.10,0.10
2008.05.19 17:24:44.248,1.05455,1.05485,0.80,0.10
2008.05.19 17:24:47.702,1.05455,1.05485,1.10,0.10
2008.05.19 17:25:03.396,1.05455,1.05485,0.80,0.10
2008.05.19 17:25:21.745,1.05455,1.05485,1.60,0.10
2008.05.19 17:25:22.106,1.05455,1.0549,1.80,0.50
2008.05.19 17:25:35.677,1.0546,1.0549,0.30,0.40
2008.05.19 17:25:35.791,1.0546,1.05495,0.30,0.10
2008.05.19 17:25:35.852,1.05465,1.05495,0.80,0.10
2008.05.19 17:25:35.983,1.05465,1.05495,0.80,0.10
2008.05.19 17:25:36.008,1.05465,1.05495,1.60,0.10
2008.05.19 17:25:36.418,1.05465,1.05495,1.90,0.10
2008.05.19 17:25:38.638,1.05465,1.05495,1.10,0.10
2008.05.19 17:25:38.736,1.05465,1.05495,0.40,0.10
2008.05.19 17:25:42.921,1.05465,1.05495,1.10,0.10
2008.05.19 17:25:44.257,1.05465,1.0549,1.10,0.10
2008.05.19 17:25:44.330,1.05465,1.0549,1.10,0.50
2008.05.19 17:25:44.503,1.05465,1.0549,0.80,0.50
2008.05.19 17:25:50.387,1.05465,1.0548,0.80,0.10
2008.05.19 17:25:50.420,1.0546,1.0548,0.80,0.10
2008.05.19 17:25:50.552,1.05455,1.0548,0.80,0.10
2008.05.19 17:25:50.570,1.05455,1.0547,0.80,0.40
2008.05.19 17:25:50.760,1.05445,1.0547,1.90,0.40
2008.05.19 17:25:53.359,1.05445,1.0547,1.10,0.40
2008.05.19 17:25:53.569,1.05445,1.0547,0.40,0.40
2008.05.19 17:25:56.197,1.05445,1.0547,0.40,0.50
2008.05.19 17:25:56.302,1.0544,1.0547,0.40,0.50
2008.05.19 17:26:00.389,1.05445,1.0547,0.80,0.50
2008.05.19 17:26:00.445,1.05445,1.0547,0.80,0.10
2008.05.19 17:26:00.500,1.05445,1.0547,1.60,0.10
2008.05.19 17:26:00.554,1.0545,1.0547,0.40,0.10
2008.05.19 17:26:00.645,1.0545,1.0548,0.40,0.50
2008.05.19 17:26:01.162,1.0545,1.0548,0.50,0.40
2008.05.19 17:26:01.514,1.05455,1.0548,1.10,0.40
2008.05.19 17:26:01.863,1.05455,1.0548,1.90,0.40
2008.05.19 17:26:04.171,1.05455,1.0548,2.10,0.40
2008.05.19 17:26:04.250,1.05455,1.0549,2.10,0.50
2008.05.19 17:26:04.406,1.05465,1.0549,0.80,0.50
2008.05.19 17:26:05.675,1.05465,1.0548,0.80,0.40
2008.05.19 17:26:08.033,1.0546,1.0548,0.80,0.40
2008.05.19 17:26:08.061,1.05455,1.0548,1.10,0.40
2008.05.19 17:26:16.091,1.05455,1.0548,0.40,0.40
2008.05.19 17:26:35.601,1.05455,1.05485,0.40,0.10
2008.05.19 17:26:35.615,1.0546,1.05485,0.40,0.10
2008.05.19 17:26:35.668,1.0546,1.0549,0.50,0.40
2008.05.19 17:26:35.707,1.05465,1.0549,0.40,0.40
2008.05.19 17:26:39.266,1.05465,1.0549,0.40,0.50
2008.05.19 17:26:39.443,1.05465,1.0548,0.40,0.40
2008.05.19 17:26:40.081,1.0546,1.0548,0.40,0.40
2008.05.19 17:26:41.763,1.0547,1.0548,0.40,0.40
2008.05.19 17:26:41.835,1.0547,1.0549,0.40,0.10
2008.05.19 17:26:41.893,1.0547,1.055,0.40,0.10
2008.05.19 17:26:42.317,1.05475,1.055,0.40,0.10
2008.05.19 17:26:42.801,1.05475,1.0551,0.50,0.50
2008.05.19 17:26:44.176,1.0548,1.0551,0.40,0.50
2008.05.19 17:26:50.373,1.0548,1.0551,0.50,0.40
2008.05.19 17:26:56.369,1.0548,1.0551,0.40,0.50
2008.05.19 17:27:04.872,1.0548,1.05505,0.40,0.10
2008.05.19 17:27:05.278,1.0548,1.055,0.40,0.10
2008.05.19 17:27:05.637,1.05475,1.055,1.10,0.10
2008.05.19 17:27:06.321,1.05475,1.05495,1.10,0.10
2008.05.19 17:27:06.614,1.05475,1.05495,0.80,0.10
2008.05.19 17:27:07.510,1.0547,1.05495,1.10,0.10
2008.05.19 17:27:07.777,1.0547,1.05495,0.40,0.10
2008.05.19 17:27:08.141,1.05475,1.05495,0.60,0.10
2008.05.19 17:27:14.805,1.05475,1.0549,0.60,0.10
2008.05.19 17:27:14.997,1.05475,1.0549,0.60,0.50
2008.05.19 17:27:15.270,1.05465,1.0549,1.10,0.50
2008.05.19 17:27:15.597,1.05465,1.0549,0.80,0.50
2008.05.19 17:27:16.200,1.05465,1.0549,1.40,0.50
2008.05.19 17:27:20.387,1.0547,1.0549,0.30,0.40
2008.05.19 17:27:20.437,1.0547,1.055,0.30,0.40
2008.05.19 17:27:20.462,1.05475,1.055,0.80,0.40
2008.05.19 17:27:20.545,1.05475,1.055,1.10,0.40
2008.05.19 17:27:23.828,1.05475,1.055,1.30,0.40
2008.05.19 17:27:23.957,1.05475,1.0551,1.30,0.10
2008.05.19 17:27:24.071,1.05475,1.0551,1.90,0.10
2008.05.19 17:27:24.185,1.05475,1.0551,1.30,0.10
2008.05.19 17:27:24.477,1.05475,1.0551,2.10,0.10
2008.05.19 17:27:26.118,1.05485,1.0552,0.30,0.50
2008.05.19 17:27:26.315,1.05485,1.0552,0.50,0.50
2008.05.19 17:27:26.350,1.05485,1.0552,0.50,0.10
2008.05.19 17:27:26.630,1.05485,1.05515,0.40,0.10
2008.05.19 17:27:26.796,1.05485,1.0551,0.40,0.40
2008.05.19 17:27:26.928,1.05485,1.0551,0.50,0.40
2008.05.19 17:27:27.126,1.05485,1.0551,0.40,0.50
2008.05.19 17:27:27.335,1.05485,1.0551,0.40,0.10
2008.05.19 17:27:33.965,1.05485,1.05515,0.40,0.10
2008.05.19 17:27:34.178,1.0549,1.05515,0.40,0.10
2008.05.19 17:27:38.937,1.0549,1.0552,0.40,0.10
2008.05.19 17:27:46.190,1.0549,1.05525,0.50,0.10
2008.05.19 17:27:46.782,1.0549,1.0552,0.40,0.10
2008.05.19 17:27:47.122,1.0549,1.05525,0.50,0.10
2008.05.19 17:27:48.733,1.05495,1.0553,0.30,0.50
2008.05.19 17:27:48.804,1.05495,1.0553,0.30,0.10
2008.05.19 17:27:48.849,1.05495,1.0553,0.50,0.10
2008.05.19 17:27:50.022,1.055,1.0553,0.40,0.10
2008.05.19 17:27:50.187,1.055,1.05535,0.50,0.10
2008.05.19 17:27:50.660,1.05505,1.0554,0.30,0.50
2008.05.19 17:27:50.920,1.05505,1.0554,0.50,0.50
2008.05.19 17:27:51.065,1.05505,1.0554,0.50,0.10
2008.05.19 17:27:51.209,1.0551,1.05545,0.30,0.10
2008.05.19 17:27:51.780,1.05505,1.0554,1.30,0.10
2008.05.19 17:27:52.059,1.05505,1.0554,2.10,0.10
2008.05.19 17:27:53.175,1.05505,1.0554,1.30,0.10
2008.05.19 17:27:53.296,1.05505,1.0554,0.50,0.10
2008.05.19 17:27:53.492,1.05505,1.05535,0.40,0.10
2008.05.19 17:27:53.669,1.05505,1.0554,0.50,0.10
2008.05.19 17:27:54.029,1.05505,1.05535,0.40,0.10
2008.05.19 17:27:54.460,1.05505,1.0553,0.40,0.10
2008.05.19 17:27:54.747,1.055,1.0553,0.40,0.10
2008.05.19 17:27:55.033,1.055,1.05525,0.40,0.10
2008.05.19 17:27:57.181,1.055,1.0553,0.40,0.10
2008.05.19 17:28:00.922,1.055,1.05535,0.50,0.10
2008.05.19 17:28:01.222,1.05505,1.05535,0.40,0.10
2008.05.19 17:28:01.966,1.05505,1.05525,0.40,0.10
2008.05.19 17:28:02.310,1.055,1.05525,0.40,0.10
2008.05.19 17:28:02.496,1.055,1.0552,0.40,0.10
2008.05.19 17:28:02.689,1.05495,1.0552,0.40,0.10
2008.05.19 17:28:02.881,1.0549,1.0552,0.40,0.10
2008.05.19 17:28:02.975,1.0549,1.05515,0.40,0.10
2008.05.19 17:28:03.713,1.0549,1.05525,0.50,0.10
2008.05.19 17:28:04.488,1.0549,1.0552,0.40,0.10
2008.05.19 17:28:05.039,1.05495,1.0553,0.30,0.10
2008.05.19 17:28:05.770,1.055,1.05535,0.30,0.10
2008.05.19 17:28:05.949,1.05505,1.05535,0.40,0.10
2008.05.19 17:28:06.421,1.05505,1.0554,0.50,0.10
2008.05.19 17:28:07.191,1.0551,1.0554,0.40,0.10
2008.05.19 17:28:07.443,1.0551,1.05535,0.40,0.10
2008.05.19 17:28:07.649,1.0551,1.0554,0.40,0.10
2008.05.19 17:28:09.005,1.0551,1.05535,0.40,0.10
2008.05.19 17:28:09.778,1.05505,1.05535,0.40,0.10
2008.05.19 17:28:10.011,1.05505,1.0553,0.40,0.10
2008.05.19 17:28:10.441,1.055,1.05525,0.40,0.10
2008.05.19 17:28:11.552,1.05495,1.05525,0.40,0.10
2008.05.19 17:28:12.720,1.0549,1.05525,0.50,0.10
2008.05.19 17:28:15.024,1.05495,1.0553,0.30,0.10
2008.05.19 17:28:15.290,1.05495,1.0553,0.50,0.10
2008.05.19 17:28:16.062,1.05495,1.05525,0.40,0.10
2008.05.19 17:28:16.132,1.05495,1.0553,0.50,0.10
2008.05.19 17:28:16.498,1.05495,1.05525,0.40,0.10
2008.05.19 17:28:21.705,1.0549,1.05525,0.30,0.10
2008.05.19 17:28:21.734,1.05485,1.0552,0.50,0.10
2008.05.19 17:28:24.469,1.0549,1.05525,0.30,0.10
2008.05.19 17:28:24.794,1.0549,1.05525,0.50,0.10
2008.05.19 17:28:25.887,1.0549,1.0552,0.40,0.10
2008.05.19 17:28:26.377,1.05485,1.0552,0.50,0.10
2008.05.19 17:28:28.517,1.05485,1.0552,1.30,0.10
2008.05.19 17:28:28.667,1.05495,1.0553,0.30,0.50
2008.05.19 17:28:28.817,1.05495,1.0553,0.30,0.10
2008.05.19 17:28:30.132,1.0549,1.05525,0.30,0.10
2008.05.19 17:28:39.551,1.05485,1.0552,1.30,0.10
2008.05.19 17:28:39.829,1.05485,1.0552,1.00,0.10
2008.05.19 17:28:40.141,1.05485,1.0552,1.30,0.10
2008.05.19 17:28:40.680,1.05485,1.05515,1.10,0.10
2008.05.19 17:28:42.308,1.05485,1.05515,1.70,0.10
2008.05.19 17:28:43.877,1.05485,1.05515,0.90,0.10
2008.05.19 17:28:46.168,1.05485,1.0552,1.10,0.50
2008.05.19 17:28:46.384,1.05485,1.0552,0.50,0.50
2008.05.19 17:28:46.783,1.05485,1.0552,0.30,0.50
2008.05.19 17:28:48.225,1.05485,1.0552,0.80,0.50
2008.05.19 17:28:51.160,1.05485,1.05515,0.60,0.10
2008.05.19 17:28:51.265,1.0548,1.05515,0.50,0.10
2008.05.19 17:28:51.968,1.0548,1.0551,0.40,0.10
2008.05.19 17:28:52.593,1.0548,1.05515,0.50,0.10
2008.05.19 17:28:52.918,1.0548,1.0551,0.40,0.10
2008.05.19 17:28:56.025,1.0548,1.05505,0.40,0.10
2008.05.19 17:28:56.270,1.05475,1.05505,0.40,0.10
2008.05.19 17:29:02.029,1.05475,1.0551,0.50,0.10
2008.05.19 17:29:05.123,1.05475,1.05505,0.40,0.10
2008.05.19 17:29:05.236,1.0547,1.05505,0.50,0.10
2008.05.19 17:29:05.361,1.0547,1.055,0.50,0.40
2008.05.19 17:29:07.100,1.05475,1.055,0.30,0.40
2008.05.19 17:29:07.189,1.05475,1.0551,0.30,0.10
2008.05.19 17:29:07.366,1.05475,1.0551,0.50,0.10
2008.05.19 17:29:16.126,1.05475,1.05505,0.40,0.10
2008.05.19 17:29:16.169,1.05475,1.055,0.40,0.40
2008.05.19 17:29:16.362,1.0547,1.055,0.50,0.40
2008.05.19 17:29:20.579,1.0548,1.055,0.30,0.40
2008.05.19 17:29:20.648,1.0548,1.05515,0.30,0.10
2008.05.19 17:29:20.897,1.0548,1.05515,0.30,0.10
2008.05.19 17:29:21.087,1.05475,1.0551,1.30,0.10
2008.05.19 17:29:21.538,1.05475,1.0551,0.50,0.10
2008.05.19 17:29:33.770,1.0548,1.05515,0.30,0.10
2008.05.19 17:29:35.676,1.0548,1.05515,0.30,0.10
2008.05.19 17:29:35.694,1.05475,1.055,0.40,0.10
2008.05.19 17:29:35.807,1.05465,1.055,11.60,0.10
2008.05.19 17:29:35.819,1.05465,1.055,1.30,0.10
2008.05.19 17:29:35.911,1.05465,1.055,1.30,0.50
2008.05.19 17:29:35.930,1.05465,1.055,0.50,0.50
2008.05.19 17:29:36.224,1.05465,1.05495,0.40,0.10
2008.05.19 17:29:37.630,1.05465,1.05495,0.90,0.10
2008.05.19 17:29:38.691,1.05465,1.0549,0.90,0.10
2008.05.19 17:29:38.825,1.05465,1.0549,0.40,0.10
2008.05.19 17:29:39.313,1.05455,1.0549,0.50,0.10
2008.05.19 17:29:40.348,1.05465,1.0549,0.60,0.10
2008.05.19 17:29:43.879,1.05465,1.05495,0.60,0.10
2008.05.19 17:29:44.064,1.0546,1.05495,0.30,0.10
2008.05.19 17:29:45.361,1.05465,1.05495,0.60,0.10
2008.05.19 17:29:46.162,1.05465,1.0549,0.60,0.10
2008.05.19 17:29:46.306,1.05455,1.0549,0.50,0.10
2008.05.19 17:29:47.343,1.05465,1.0549,0.60,0.10
2008.05.19 17:29:51.194,1.05465,1.05485,0.60,0.10
2008.05.19 17:29:51.402,1.05465,1.0549,0.60,0.10
2008.05.19 17:29:54.891,1.05465,1.05485,0.60,0.10
2008.05.19 17:29:59.856,1.05465,1.0549,0.60,0.10
2008.05.19 17:30:00.183,1.05465,1.05485,0.60,0.10
2008.05.19 17:30:00.454,1.0546,1.05485,0.50,0.10
2008.05.19 17:30:00.494,1.05455,1.05485,0.40,0.10
2008.05.19 17:30:02.924,1.05455,1.0548,0.40,0.10
2008.05.19 17:30:03.029,1.0545,1.0548,0.40,0.10
2008.05.19 17:30:04.395,1.0545,1.05485,0.50,0.10
2008.05.19 17:30:16.381,1.0545,1.0548,0.40,0.10
2008.05.19 17:30:16.745,1.0545,1.05475,0.40,0.10
2008.05.19 17:30:16.853,1.05445,1.05475,0.40,0.10
2008.05.19 17:30:17.698,1.05445,1.0548,0.50,0.10
2008.05.19 17:30:21.229,1.0545,1.05485,0.30,0.10
2008.05.19 17:30:21.457,1.0545,1.05485,0.50,0.10
2008.05.19 17:30:27.161,1.0545,1.0548,0.40,0.10
2008.05.19 17:30:37.722,1.0545,1.05485,0.50,0.10
2008.05.19 17:30:37.824,1.05455,1.05485,0.40,0.10
2008.05.19 17:30:37.926,1.05455,1.0549,0.50,0.50
2008.05.19 17:30:43.946,1.05455,1.05485,0.40,0.10
2008.05.19 17:30:44.678,1.05455,1.0549,0.50,0.50
2008.05.19 17:30:44.792,1.05455,1.0549,0.50,0.10
2008.05.19 17:30:45.209,1.0546,1.05495,0.30,0.10
2008.05.19 17:30:45.419,1.0546,1.05495,0.30,0.10
2008.05.19 17:30:45.836,1.0546,1.05495,0.50,0.10
2008.05.19 17:30:46.669,1.0546,1.0549,0.40,0.10
2008.05.19 17:30:46.716,1.05455,1.0549,0.50,0.10
2008.05.19 17:30:47.155,1.05455,1.0549,0.30,0.10
2008.05.19 17:30:48.469,1.0546,1.05495,0.30,0.10
2008.05.19 17:30:48.506,1.0546,1.05495,0.30,0.10
2008.05.19 17:30:50.286,1.0546,1.05495,0.50,0.10
2008.05.19 17:30:52.895,1.0546,1.0549,0.40,0.10
2008.05.19 17:30:54.800,1.0546,1.05485,0.40,0.10
2008.05.19 17:30:55.065,1.05455,1.05485,0.40,0.10
2008.05.19 17:30:58.157,1.05455,1.0549,0.50,0.10
2008.05.19 17:31:17.647,1.05455,1.05485,0.40,0.10
2008.05.19 17:31:19.877,1.05455,1.0549,0.50,0.10
2008.05.19 17:31:21.153,1.0546,1.05495,0.30,0.10
2008.05.19 17:31:21.426,1.0546,1.05495,0.50,0.10
2008.05.19 17:31:44.138,1.0547,1.055,0.30,0.40
2008.05.19 17:31:44.190,1.0547,1.05505,0.30,0.10
2008.05.19 17:31:44.312,1.0547,1.05505,0.30,0.10
2008.05.19 17:31:45.177,1.0547,1.05505,0.50,0.10
2008.05.19 17:31:46.024,1.0547,1.055,0.40,0.10
2008.05.19 17:31:46.264,1.0547,1.05505,0.50,0.10
2008.05.19 17:31:46.434,1.0547,1.055,0.40,0.10
2008.05.19 17:31:47.904,1.0547,1.05505,0.50,0.10
2008.05.19 17:31:48.651,1.0547,1.055,0.40,0.10
2008.05.19 17:31:49.252,1.05465,1.055,0.50,0.10
2008.05.19 17:31:49.653,1.05465,1.05495,0.40,0.10
2008.05.19 17:31:50.578,1.0546,1.05495,0.50,0.10
2008.05.19 17:31:51.682,1.05465,1.05495,0.60,0.10
2008.05.19 17:32:02.543,1.0546,1.05495,0.50,0.10
2008.05.19 17:32:02.641,1.05465,1.05495,0.60,0.10
2008.05.19 17:32:14.164,1.05465,1.05495,0.90,0.10
2008.05.19 17:32:26.691,1.05465,1.05495,0.60,0.10
2008.05.19 17:32:33.396,1.05465,1.0549,0.60,0.10
2008.05.19 17:32:33.475,1.0546,1.0549,0.40,0.10
2008.05.19 17:32:45.386,1.0546,1.05485,0.40,0.10
2008.05.19 17:32:47.471,1.0546,1.05475,0.40,0.10
2008.05.19 17:32:47.586,1.0546,1.0547,0.40,0.40
2008.05.19 17:32:47.722,1.0545,1.0547,0.80,0.40
2008.05.19 17:32:47.815,1.0545,1.0547,0.40,0.40
2008.05.19 17:32:47.985,1.0545,1.0547,0.50,0.40
2008.05.19 17:32:48.111,1.0545,1.05485,0.50,0.10
2008.05.19 17:32:48.266,1.0546,1.05485,0.40,0.10
2008.05.19 17:32:59.505,1.0546,1.0549,0.40,0.10
2008.05.19 17:33:00.018,1.05475,1.055,0.30,0.40
2008.05.19 17:33:00.948,1.0547,1.05495,0.40,0.10
2008.05.19 17:33:01.471,1.0547,1.0549,0.40,0.10
2008.05.19 17:33:01.715,1.05465,1.0549,0.40,0.10
2008.05.19 17:33:05.486,1.05465,1.05495,0.40,0.10
2008.05.19 17:33:09.020,1.0547,1.055,0.30,0.50
2008.05.19 17:33:09.275,1.05475,1.055,0.40,0.50
2008.05.19 17:33:10.462,1.05475,1.05495,0.40,0.10
2008.05.19 17:33:10.789,1.0547,1.05495,0.40,0.10
2008.05.19 17:33:13.377,1.0547,1.055,0.40,0.50
2008.05.19 17:33:13.589,1.0547,1.055,0.40,0.10
2008.05.19 17:33:13.909,1.0547,1.05505,0.50,0.10
2008.05.19 17:33:14.117,1.0547,1.055,0.40,0.10
2008.05.19 17:33:14.425,1.0547,1.05505,0.50,0.10
2008.05.19 17:33:15.158,1.05475,1.055,0.40,0.10
2008.05.19 17:33:15.718,1.0547,1.055,0.40,0.10
2008.05.19 17:33:17.936,1.0547,1.05495,0.40,0.10
2008.05.19 17:33:25.786,1.0547,1.055,0.40,0.10
2008.05.19 17:33:25.922,1.0547,1.05505,0.50,0.10
2008.05.19 17:33:26.034,1.05475,1.05505,0.40,0.10
2008.05.19 17:33:26.149,1.05475,1.055,0.40,0.10
2008.05.19 17:33:27.491,1.05475,1.05505,0.40,0.10
2008.05.19 17:33:27.963,1.05475,1.055,0.40,0.10
2008.05.19 17:33:28.103,1.0548,1.0551,0.30,0.50
2008.05.19 17:33:28.242,1.0548,1.0551,0.30,0.10
2008.05.19 17:33:28.381,1.0548,1.0551,0.50,0.10
2008.05.19 17:33:28.673,1.05485,1.05515,0.30,0.10
2008.05.19 17:33:28.813,1.05485,1.05515,0.50,0.10
2008.05.19 17:33:30.160,1.0549,1.05525,0.30,0.10
2008.05.19 17:33:30.293,1.05485,1.0552,0.50,0.10
2008.05.19 17:33:32.014,1.05485,1.0552,0.30,0.10
2008.05.19 17:33:33.205,1.05485,1.0552,0.30,0.50
2008.05.19 17:33:33.368,1.05485,1.0552,0.30,0.50
2008.05.19 17:33:33.448,1.0548,1.05515,0.30,0.10
2008.05.19 17:33:36.595,1.0548,1.05515,0.30,0.10
2008.05.19 17:33:36.720,1.05475,1.05505,1.10,0.10
2008.05.19 17:33:36.743,1.05475,1.05505,0.50,0.10
2008.05.19 17:33:38.086,1.05475,1.05505,1.90,0.10
2008.05.19 17:33:38.479,1.05475,1.05505,1.60,0.10
2008.05.19 17:33:38.519,1.05475,1.055,1.40,0.10
2008.05.19 17:33:38.568,1.05475,1.055,0.60,0.10
2008.05.19 17:33:38.624,1.05475,1.05495,0.60,0.10
2008.05.19 17:33:38.670,1.0547,1.05495,0.40,0.10
2008.05.19 17:33:38.835,1.05465,1.05495,1.60,0.10
2008.05.19 17:33:38.886,1.05465,1.05495,1.80,0.10
2008.05.19 17:33:38.949,1.05465,1.0549,1.60,0.10
2008.05.19 17:33:39.017,1.05465,1.0549,0.80,0.10
2008.05.19 17:33:39.056,1.0546,1.0549,0.40,0.10
2008.05.19 17:33:39.395,1.05455,1.05485,2.70,0.10
2008.05.19 17:33:39.731,1.05455,1.05475,1.60,0.10
2008.05.19 17:33:40.077,1.05445,1.05475,2.10,0.10
2008.05.19 17:33:40.333,1.05445,1.0547,1.60,0.10
2008.05.19 17:33:41.886,1.05455,1.0547,0.60,0.10
2008.05.19 17:33:43.726,1.05455,1.05465,0.60,0.10
2008.05.19 17:33:43.864,1.05435,1.05465,2.10,0.10
2008.05.19 17:33:44.276,1.05445,1.05465,0.80,0.10
2008.05.19 17:33:44.440,1.05445,1.05475,1.00,0.10
2008.05.19 17:33:44.768,1.0545,1.0548,0.30,0.10
2008.05.19 17:33:44.930,1.0545,1.0548,0.50,0.10
2008.05.19 17:33:45.667,1.0546,1.0549,0.30,0.08
2008.05.19 17:33:45.884,1.0546,1.05495,0.30,0.10
2008.05.19 17:33:46.100,1.05465,1.055,0.30,0.10
2008.05.19 17:33:48.400,1.05465,1.055,0.50,0.10
2008.05.19 17:33:53.033,1.05475,1.0551,0.30,0.50
2008.05.19 17:33:53.400,1.05475,1.0551,0.30,0.50
2008.05.19 17:33:55.888,1.0548,1.0551,0.30,0.40
2008.05.19 17:33:56.865,1.0548,1.0551,0.50,0.40
2008.05.19 17:34:01.140,1.05485,1.0551,0.30,0.40
2008.05.19 17:34:01.284,1.05485,1.0552,0.30,0.10
2008.05.19 17:34:01.856,1.05485,1.0552,0.50,0.10
2008.05.19 17:34:02.263,1.05485,1.0552,2.10,0.10
2008.05.19 17:34:02.377,1.05495,1.0552,0.80,0.10
2008.05.19 17:34:02.492,1.055,1.0553,0.30,0.40
2008.05.19 17:34:02.617,1.055,1.0553,0.30,0.40
2008.05.19 17:34:02.721,1.05505,1.0554,0.30,0.50
2008.05.19 17:34:02.948,1.05505,1.0554,0.30,0.50
2008.05.19 17:34:03.068,1.05505,1.0554,0.50,0.50
2008.05.19 17:34:03.287,1.05505,1.0554,0.50,0.10
2008.05.19 17:34:03.505,1.0551,1.05545,0.30,0.10
2008.05.19 17:34:04.108,1.05505,1.0554,0.50,0.10
2008.05.19 17:34:04.662,1.05505,1.05535,0.40,0.10
2008.05.19 17:34:05.032,1.055,1.05535,0.30,0.10
2008.05.19 17:34:05.278,1.05495,1.05525,0.40,0.10
2008.05.19 17:34:05.918,1.0549,1.05525,0.50,0.10
2008.05.19 17:34:11.912,1.05495,1.0553,0.30,0.10
2008.05.19 17:34:15.152,1.0549,1.05525,0.50,0.10
2008.05.19 17:34:17.167,1.0549,1.05525,0.30,0.10
2008.05.19 17:34:17.433,1.05485,1.0552,0.50,0.10
2008.05.19 17:34:24.864,1.05485,1.05515,0.40,0.10
2008.05.19 17:34:25.178,1.0548,1.05515,0.50,0.10
2008.05.19 17:34:27.391,1.0548,1.05505,0.40,0.10
2008.05.19 17:34:27.488,1.05475,1.05505,0.40,0.10
2008.05.19 17:34:27.594,1.0547,1.05505,0.50,0.10
2008.05.19 17:34:27.901,1.0547,1.055,0.40,0.10
2008.05.19 17:34:28.839,1.0547,1.05505,0.50,0.10
2008.05.19 17:34:29.023,1.05475,1.05505,0.40,0.10
2008.05.19 17:34:29.207,1.05475,1.0551,0.50,0.50
2008.05.19 17:34:29.393,1.05475,1.0551,0.50,0.10
2008.05.19 17:34:30.129,1.05475,1.055,0.40,0.10
2008.05.19 17:34:30.203,1.05475,1.055,0.40,0.50
2008.05.19 17:34:30.440,1.05465,1.055,0.50,0.50
2008.05.19 17:34:32.122,1.05465,1.0549,0.40,0.10
2008.05.19 17:34:32.432,1.0546,1.05495,0.50,0.10
2008.05.19 17:34:32.588,1.0546,1.05495,0.30,0.10
2008.05.19 17:34:32.653,1.05455,1.0549,0.50,0.10
2008.05.19 17:34:33.380,1.05455,1.05485,0.40,0.10
2008.05.19 17:34:33.781,1.0545,1.05485,0.50,0.10
2008.05.19 17:34:35.193,1.05455,1.0549,0.30,0.10
2008.05.19 17:34:35.473,1.05455,1.0549,0.50,0.10
2008.05.19 17:34:36.650,1.05455,1.05485,0.40,0.10
2008.05.19 17:34:37.007,1.0545,1.05485,0.50,0.10
2008.05.19 17:34:42.651,1.0545,1.0548,0.40,0.10
2008.05.19 17:34:42.760,1.05445,1.0548,0.50,0.10
2008.05.19 17:34:43.176,1.0545,1.05485,0.30,0.10
2008.05.19 17:34:43.520,1.0545,1.05485,0.50,0.10
2008.05.19 17:34:43.714,1.0545,1.0548,0.40,0.10
2008.05.19 17:34:43.954,1.05445,1.0548,0.50,0.10
2008.05.19 17:34:44.392,1.0545,1.0548,0.40,0.10
2008.05.19 17:34:46.413,1.05455,1.0549,0.30,0.10
2008.05.19 17:34:46.665,1.05455,1.0549,0.30,0.10
2008.05.19 17:34:46.894,1.0545,1.05485,0.50,0.10
2008.05.19 17:34:47.210,1.0545,1.0548,0.40,0.10
2008.05.19 17:34:47.335,1.05445,1.0548,0.50,0.10
2008.05.19 17:34:49.092,1.0545,1.05485,0.30,0.10
2008.05.19 17:34:49.322,1.0545,1.05485,0.50,0.10
2008.05.19 17:34:53.631,1.0545,1.0548,0.40,0.10
2008.05.19 17:34:53.956,1.0545,1.05485,0.50,0.10
2008.05.19 17:34:54.352,1.0545,1.05485,0.30,0.10
2008.05.19 17:34:54.381,1.05445,1.0548,0.50,0.10
2008.05.19 17:34:59.250,1.0545,1.0548,0.40,0.10
2008.05.19 17:34:59.432,1.0545,1.05485,0.50,0.10
2008.05.19 17:35:06.696,1.05455,1.0549,0.30,0.10
2008.05.19 17:35:06.909,1.05455,1.0549,0.50,0.10
2008.05.19 17:35:12.923,1.05455,1.05485,0.40,0.10
2008.05.19 17:35:17.246,1.05455,1.0549,0.50,0.10
2008.05.19 17:35:17.394,1.05455,1.05485,0.40,0.10
2008.05.19 17:35:17.622,1.0545,1.05485,0.50,0.10
2008.05.19 17:35:17.701,1.05455,1.0549,0.30,0.10
2008.05.19 17:35:18.927,1.05455,1.0549,0.50,0.10
2008.05.19 17:35:30.066,1.05455,1.0549,0.30,0.10
2008.05.19 17:35:30.105,1.0545,1.05485,0.50,0.10
2008.05.19 17:35:47.115,1.0545,1.0548,0.40,0.10
2008.05.19 17:35:47.144,1.05445,1.0548,0.50,0.10
2008.05.19 17:35:47.923,1.05445,1.05475,0.40,0.10
2008.05.19 17:35:48.066,1.0544,1.05475,0.50,0.10
2008.05.19 17:35:54.670,1.05445,1.0548,0.30,0.10
2008.05.19 17:35:54.920,1.05445,1.0548,0.50,0.10
2008.05.19 17:35:59.956,1.0545,1.05485,0.30,0.10
2008.05.19 17:36:02.116,1.05445,1.0548,0.50,0.10
2008.05.19 17:36:11.891,1.0545,1.05485,0.30,0.10
2008.05.19 17:36:13.094,1.05445,1.0548,0.50,0.10
2008.05.19 17:36:21.178,1.0545,1.05485,0.30,0.10
2008.05.19 17:36:25.896,1.05445,1.0548,0.50,0.10
2008.05.19 17:36:30.967,1.05445,1.0548,0.50,0.50
2008.05.19 17:36:41.390,1.05445,1.05475,0.40,0.10
2008.05.19 17:36:41.586,1.05445,1.0547,0.40,0.40
2008.05.19 17:36:41.633,1.0544,1.0547,0.50,0.40
2008.05.19 17:36:41.979,1.05445,1.0547,0.40,0.40
2008.05.19 17:36:43.015,1.05445,1.0547,0.50,0.40
2008.05.19 17:36:43.128,1.05445,1.0548,0.50,0.50
2008.05.19 17:36:45.954,1.05445,1.0548,0.30,0.50
2008.05.19 17:36:59.350,1.05445,1.0547,0.30,0.40
2008.05.19 17:36:59.447,1.05445,1.0548,0.30,0.10
2008.05.19 17:37:02.213,1.05445,1.0548,0.50,0.10
2008.05.19 17:37:07.485,1.0545,1.05485,0.30,0.10
2008.05.19 17:37:07.903,1.05445,1.0548,0.50,0.10
2008.05.19 17:37:08.256,1.05445,1.0548,0.30,0.10
2008.05.19 17:37:11.897,1.0544,1.05475,0.50,0.10
2008.05.19 17:37:13.620,1.05445,1.0548,0.30,0.10
2008.05.19 17:37:27.484,1.0545,1.05485,0.30,0.10
2008.05.19 17:37:29.010,1.05445,1.0548,0.30,0.10
2008.05.19 17:37:29.478,1.0544,1.05475,0.50,0.10
2008.05.19 17:37:30.418,1.05445,1.0548,0.30,0.50
2008.05.19 17:37:40.411,1.05445,1.0548,1.00,0.50
2008.05.19 17:37:40.517,1.05445,1.0548,1.80,0.50
2008.05.19 17:37:40.658,1.0545,1.0548,0.30,0.40
2008.05.19 17:37:54.495,1.0545,1.05485,0.30,0.10
2008.05.19 17:38:04.066,1.05445,1.0548,1.80,0.10
2008.05.19 17:38:04.213,1.05445,1.0548,1.80,0.50
2008.05.19 17:38:10.796,1.05445,1.0548,2.10,0.50
2008.05.19 17:38:29.366,1.0545,1.05485,0.30,0.10
2008.05.19 17:38:38.016,1.0545,1.05485,1.00,0.10
2008.05.19 17:38:38.104,1.05455,1.05485,0.80,0.10
2008.05.19 17:38:38.178,1.05455,1.0549,1.00,0.50
2008.05.19 17:38:38.327,1.05455,1.0549,1.80,0.50
2008.05.19 17:38:38.400,1.05455,1.05485,1.60,0.10
2008.05.19 17:38:38.984,1.05455,1.05485,0.80,0.10
2008.05.19 17:38:39.242,1.0545,1.05485,1.30,0.10
2008.05.19 17:38:39.795,1.05455,1.05485,0.80,0.10
2008.05.19 17:38:44.165,1.05455,1.0548,0.80,0.10
2008.05.19 17:38:44.308,1.0545,1.0548,1.10,0.10
2008.05.19 17:38:44.349,1.0545,1.0548,0.40,0.10
2008.05.19 17:38:44.431,1.05445,1.0548,1.30,0.10
2008.05.19 17:38:44.687,1.05445,1.05475,1.10,0.10
2008.05.19 17:38:44.780,1.05445,1.05475,0.80,0.10
2008.05.19 17:38:44.825,1.0544,1.05475,1.30,0.10
2008.05.19 17:38:45.040,1.0544,1.05475,0.50,0.10
2008.05.19 17:38:48.603,1.05445,1.0548,0.30,0.10
2008.05.19 17:38:49.659,1.0544,1.05475,0.50,0.10
2008.05.19 17:38:49.895,1.0544,1.05475,0.30,0.10
2008.05.19 17:38:50.440,1.0544,1.05475,0.50,0.10
2008.05.19 17:38:53.685,1.05445,1.0548,0.30,0.10
2008.05.19 17:38:53.841,1.05445,1.0548,0.50,0.10
2008.05.19 17:38:59.395,1.0545,1.05485,0.30,0.10
2008.05.19 17:39:09.937,1.05445,1.0548,0.50,0.10
2008.05.19 17:39:10.357,1.0545,1.05485,0.30,0.10
2008.05.19 17:39:11.633,1.05445,1.0548,0.50,0.10
2008.05.19 17:39:11.914,1.0545,1.05485,0.30,0.10
2008.05.19 17:39:12.498,1.05445,1.0548,0.50,0.10
2008.05.19 17:39:29.745,1.05445,1.05475,0.40,0.10
2008.05.19 17:39:30.529,1.0544,1.05475,0.50,0.10
2008.05.19 17:39:39.704,1.05445,1.0548,0.30,0.50
2008.05.19 17:39:39.985,1.0544,1.05475,0.50,0.10
2008.05.19 17:40:00.194,1.05445,1.0548,0.30,0.50
2008.05.19 17:40:01.181,1.05445,1.0548,0.50,0.50
2008.05.19 17:40:01.730,1.05445,1.0548,1.30,0.50
2008.05.19 17:40:02.596,1.0545,1.0548,0.30,0.40
2008.05.19 17:40:02.809,1.0545,1.05485,0.30,0.10
2008.05.19 17:40:02.923,1.0545,1.05485,0.50,0.10
2008.05.19 17:40:03.428,1.05455,1.0549,0.30,0.50
2008.05.19 17:40:04.433,1.0545,1.05485,0.50,0.10
2008.05.19 17:40:12.306,1.05455,1.0549,0.30,0.50
2008.05.19 17:40:14.796,1.0545,1.05485,0.50,0.10
2008.05.19 17:40:15.037,1.0545,1.05485,0.30,0.10
2008.05.19 17:40:15.510,1.0545,1.05485,0.50,0.10
2008.05.19 17:40:25.693,1.05455,1.0549,0.30,0.50
2008.05.19 17:40:25.807,1.05455,1.0549,0.50,0.50
2008.05.19 17:40:39.174,1.05455,1.0549,1.30,0.50
2008.05.19 17:40:40.597,1.0546,1.0549,0.30,0.40
2008.05.19 17:40:40.722,1.0546,1.05495,0.30,0.10
2008.05.19 17:40:40.839,1.0546,1.05495,0.50,0.10
2008.05.19 17:40:40.912,1.0546,1.0549,0.40,0.10
2008.05.19 17:40:41.200,1.0546,1.05495,0.50,0.10
2008.05.19 17:40:46.939,1.0546,1.0549,0.40,0.10
2008.05.19 17:40:47.117,1.05455,1.0549,1.30,0.10
2008.05.19 17:40:47.507,1.05455,1.0549,0.50,0.10
2008.05.19 17:40:48.359,1.05455,1.05485,0.40,0.10
2008.05.19 17:40:57.381,1.05455,1.0549,0.50,0.50
2008.05.19 17:40:59.440,1.0546,1.0549,0.30,0.40
2008.05.19 17:40:59.693,1.0546,1.0549,0.50,0.40
2008.05.19 17:41:01.951,1.0546,1.0549,0.40,0.50
2008.05.19 17:41:02.127,1.0546,1.0549,0.40,0.10
2008.05.19 17:41:02.158,1.0546,1.05495,0.50,0.10
2008.05.19 17:41:03.490,1.05465,1.05495,0.80,0.10
2008.05.19 17:41:03.635,1.05465,1.05495,1.90,0.10
2008.05.19 17:41:03.721,1.05465,1.055,2.10,0.50
2008.05.19 17:41:03.898,1.05465,1.055,0.50,0.50
2008.05.19 17:41:03.991,1.05465,1.055,1.30,0.50
2008.05.19 17:41:04.257,1.0547,1.055,0.40,0.50
2008.05.19 17:41:04.346,1.0547,1.055,0.40,0.10
2008.05.19 17:41:04.615,1.05475,1.055,0.80,0.10
2008.05.19 17:41:04.900,1.05475,1.0551,0.30,0.50
2008.05.19 17:41:05.187,1.0547,1.055,0.40,0.10
2008.05.19 17:41:06.187,1.05465,1.055,2.10,0.10
2008.05.19 17:41:06.345,1.05465,1.055,0.50,0.10
2008.05.19 17:41:06.505,1.05465,1.055,0.50,0.50
2008.05.19 17:41:06.822,1.05465,1.05495,0.40,0.10
2008.05.19 17:41:07.220,1.05465,1.055,0.50,0.50
2008.05.19 17:41:07.406,1.0547,1.055,0.40,0.50
2008.05.19 17:41:08.243,1.05465,1.055,0.50,0.50
2008.05.19 17:41:12.745,1.05465,1.05495,0.40,0.10
2008.05.19 17:41:20.779,1.0546,1.05495,0.50,0.10
2008.05.19 17:41:20.792,1.05465,1.055,0.30,0.50
2008.05.19 17:41:25.441,1.0546,1.05495,0.50,0.10
2008.05.19 17:41:25.865,1.05465,1.055,0.30,0.50
2008.05.19 17:41:26.907,1.0546,1.05495,0.50,0.10
2008.05.19 17:41:27.019,1.0546,1.05495,0.30,0.10
2008.05.19 17:41:27.442,1.05455,1.05485,0.40,0.10
2008.05.19 17:41:27.657,1.05455,1.0549,0.50,0.10
2008.05.19 17:41:30.008,1.05455,1.0549,0.50,0.50
2008.05.19 17:41:30.117,1.05455,1.05485,0.40,0.10
2008.05.19 17:41:37.134,1.0545,1.05485,0.50,0.10
2008.05.19 17:41:38.550,1.0545,1.05485,0.30,0.10
2008.05.19 17:41:38.621,1.05445,1.0548,2.10,0.10
2008.05.19 17:41:40.903,1.0545,1.05485,0.30,0.10
2008.05.19 17:41:41.161,1.0545,1.05485,0.50,0.10
2008.05.19 17:41:41.624,1.0545,1.0548,0.40,0.10
2008.05.19 17:41:45.996,1.05455,1.0548,0.80,0.10
2008.05.19 17:41:46.178,1.05455,1.05485,0.80,0.10
2008.05.19 17:41:48.248,1.05455,1.05485,1.10,0.10
2008.05.19 17:41:48.435,1.05455,1.0549,1.30,0.50
2008.05.19 17:41:49.891,1.05455,1.05485,1.10,0.10
2008.05.19 17:41:49.944,1.05455,1.05485,0.40,0.10
2008.05.19 17:41:51.495,1.05455,1.05485,1.10,0.10
2008.05.19 17:41:52.844,1.05455,1.05485,0.40,0.10
2008.05.19 17:41:54.573,1.05455,1.05485,1.10,0.10
2008.05.19 17:41:54.671,1.05455,1.05485,0.40,0.10
2008.05.19 17:41:57.800,1.05455,1.05485,1.10,0.10
2008.05.19 17:41:57.894,1.05455,1.05485,0.40,0.10
2008.05.19 17:42:00.298,1.0545,1.05485,0.50,0.10
2008.05.19 17:42:00.415,1.0545,1.05485,0.30,0.10
2008.05.19 17:42:00.589,1.05445,1.0548,1.30,0.10
2008.05.19 17:42:00.658,1.05445,1.05475,1.10,0.10
2008.05.19 17:42:00.696,1.05445,1.05475,0.40,0.10
2008.05.19 17:42:00.864,1.05445,1.0547,0.40,0.10
2008.05.19 17:42:00.917,1.0544,1.0547,0.40,0.10
2008.05.19 17:42:01.432,1.05435,1.0547,2.10,0.10
2008.05.19 17:42:01.647,1.05435,1.05465,1.90,0.10
2008.05.19 17:42:02.074,1.05435,1.05465,1.10,0.10
2008.05.19 17:42:02.288,1.05435,1.05465,0.40,0.10
2008.05.19 17:42:03.295,1.0543,1.05465,0.50,0.10
2008.05.19 17:42:03.386,1.0543,1.0546,0.40,0.10
2008.05.19 17:42:03.458,1.05425,1.0546,2.10,0.10
2008.05.19 17:42:07.724,1.05425,1.0546,1.30,0.10
2008.05.19 17:42:07.866,1.05425,1.0546,0.50,0.10
2008.05.19 17:42:07.922,1.05425,1.05455,0.50,0.10
2008.05.19 17:42:08.134,1.05425,1.05455,0.40,0.10
2008.05.19 17:42:08.363,1.0542,1.05455,0.50,0.10
2008.05.19 17:42:09.250,1.0542,1.0545,0.40,0.10
2008.05.19 17:42:09.453,1.05415,1.0545,0.50,0.10
2008.05.19 17:42:09.982,1.0542,1.05455,0.30,0.10
2008.05.19 17:42:10.733,1.0542,1.05455,0.50,0.10
2008.05.19 17:42:11.751,1.05425,1.0546,0.30,0.50
2008.05.19 17:42:14.854,1.05425,1.0546,0.50,0.50
2008.05.19 17:42:14.951,1.05425,1.0546,1.30,0.50
2008.05.19 17:42:19.628,1.05425,1.05455,1.10,0.10
2008.05.19 17:42:19.830,1.05425,1.0546,1.30,0.50
2008.05.19 17:42:20.164,1.05425,1.05455,1.10,0.10
2008.05.19 17:42:20.429,1.0543,1.05465,0.50,0.10
2008.05.19 17:42:20.563,1.05435,1.05465,0.80,0.10
2008.05.19 17:42:21.068,1.05435,1.05465,1.10,0.10
2008.05.19 17:42:21.335,1.05445,1.05465,0.80,0.10
2008.05.19 17:42:22.524,1.05445,1.0547,0.80,0.50
2008.05.19 17:42:22.598,1.05445,1.0547,1.60,0.50
2008.05.19 17:42:25.101,1.05445,1.0547,1.60,0.40
2008.05.19 17:42:28.134,1.05445,1.0547,1.60,0.50
2008.05.19 17:42:28.563,1.05445,1.0547,1.60,0.40
2008.05.19 17:42:28.676,1.05445,1.05475,1.60,0.10
2008.05.19 17:42:34.248,1.05445,1.05475,1.90,0.10
2008.05.19 17:42:34.682,1.05445,1.0548,2.10,0.50
2008.05.19 17:42:36.450,1.05445,1.0548,1.80,0.50
2008.05.19 17:42:36.628,1.05445,1.0547,1.60,0.10
2008.05.19 17:42:36.869,1.05445,1.0547,0.80,0.10
2008.05.19 17:42:37.033,1.0544,1.0547,0.40,0.10
2008.05.19 17:42:37.970,1.0544,1.05475,0.50,0.10
2008.05.19 17:42:41.079,1.05445,1.0548,0.30,0.50
2008.05.19 17:42:41.279,1.05445,1.0548,1.00,0.50
2008.05.19 17:42:41.352,1.05445,1.0548,1.30,0.50
2008.05.19 17:42:42.529,1.05445,1.05475,1.10,0.10
2008.05.19 17:42:42.854,1.05445,1.05475,0.80,0.10
2008.05.19 17:42:43.154,1.05445,1.0548,1.00,0.50
2008.05.19 17:42:45.931,1.05445,1.0548,1.80,0.50
2008.05.19 17:42:46.391,1.05445,1.0548,2.10,0.50
2008.05.19 17:42:51.642,1.05445,1.05475,1.90,0.10
2008.05.19 17:42:54.656,1.05445,1.0548,2.10,0.50
2008.05.19 17:42:54.872,1.05445,1.05475,1.90,0.10
2008.05.19 17:43:04.235,1.05445,1.0548,2.10,0.50
2008.05.19 17:43:04.583,1.05445,1.0548,2.10,0.10
2008.05.19 17:43:04.919,1.0545,1.05485,0.30,0.10
2008.05.19 17:43:07.721,1.0545,1.05485,1.00,0.10
2008.05.19 17:43:07.830,1.05455,1.05485,0.80,0.10
2008.05.19 17:43:08.047,1.05455,1.05485,1.60,0.10
2008.05.19 17:43:19.793,1.05455,1.05485,0.80,0.10
2008.05.19 17:43:19.853,1.0545,1.05485,0.50,0.10
2008.05.19 17:43:24.950,1.05455,1.05485,0.80,0.10
2008.05.19 17:43:30.181,1.05455,1.0549,1.00,0.50
2008.05.19 17:43:30.272,1.05455,1.0549,1.00,0.10
2008.05.19 17:43:32.339,1.05455,1.05485,0.80,0.10
2008.05.19 17:43:48.431,1.05455,1.0549,1.00,0.10
2008.05.19 17:43:54.024,1.05455,1.0549,1.30,0.10
2008.05.19 17:44:32.139,1.0546,1.05495,0.30,0.10
2008.05.19 17:44:32.305,1.0546,1.05495,0.50,0.10
2008.05.19 17:44:34.616,1.05465,1.055,0.30,0.50
2008.05.19 17:44:34.746,1.05465,1.055,0.50,0.10
2008.05.19 17:44:34.855,1.05465,1.055,0.30,0.10
2008.05.19 17:44:37.964,1.0547,1.05505,0.30,0.10
2008.05.19 17:44:47.957,1.05465,1.055,0.50,0.10
2008.05.19 17:44:55.330,1.0547,1.05505,0.30,0.10
2008.05.19 17:44:55.783,1.0547,1.05505,0.50,0.10
2008.05.19 17:44:55.854,1.05475,1.0551,0.30,0.10
2008.05.19 17:44:56.159,1.0547,1.05505,0.50,0.10
2008.05.19 17:44:56.457,1.05475,1.0551,0.30,0.10
2008.05.19 17:44:59.361,1.0547,1.05505,0.50,0.10
2008.05.19 17:45:00.626,1.0547,1.055,0.40,0.10
2008.05.19 17:45:03.483,1.05465,1.055,1.30,0.10
2008.05.19 17:45:04.408,1.05465,1.055,2.10,0.10
2008.05.19 17:45:05.172,1.0547,1.05505,0.30,0.10
2008.05.19 17:45:05.500,1.05475,1.0551,0.30,0.50
2008.05.19 17:45:05.674,1.05475,1.0551,0.30,0.50
2008.05.19 17:45:05.827,1.05475,1.05505,0.80,0.10
2008.05.19 17:45:06.125,1.05475,1.0551,1.00,0.50
2008.05.19 17:45:06.733,1.05475,1.05505,0.80,0.10
2008.05.19 17:45:07.647,1.05475,1.0551,1.00,0.50
2008.05.19 17:45:08.616,1.05475,1.05505,0.80,0.10
2008.05.19 17:45:27.361,1.05475,1.0551,1.00,0.50
2008.05.19 17:45:27.547,1.05475,1.0551,1.00,0.50
2008.05.19 17:45:28.175,1.05475,1.05505,0.80,0.10
2008.05.19 17:45:33.986,1.05475,1.0551,1.00,0.50
2008.05.19 17:45:34.015,1.05475,1.0551,1.30,0.50
2008.05.19 17:45:34.042,1.05475,1.0551,2.10,0.50
2008.05.19 17:45:34.508,1.05475,1.0551,2.10,0.10
2008.05.19 17:45:34.688,1.0548,1.05515,0.30,0.10
2008.05.19 17:45:36.567,1.0548,1.05515,0.50,0.10
2008.05.19 17:45:37.123,1.05485,1.0552,0.30,0.50
2008.05.19 17:45:38.431,1.05485,1.0552,0.30,0.50
2008.05.19 17:45:40.428,1.0548,1.05515,0.50,0.10
2008.05.19 17:45:45.888,1.0548,1.05505,0.40,0.10
2008.05.19 17:45:45.998,1.0548,1.055,0.40,0.40
2008.05.19 17:45:46.210,1.05475,1.055,1.60,0.40
2008.05.19 17:45:46.553,1.05475,1.05505,1.60,0.10
2008.05.19 17:45:46.913,1.05475,1.0551,1.80,0.50
2008.05.19 17:45:46.966,1.05475,1.0551,1.80,0.10
2008.05.19 17:45:47.424,1.0548,1.05515,0.30,0.10
2008.05.19 17:46:10.846,1.05485,1.05515,0.80,0.10
2008.05.19 17:46:10.925,1.05485,1.0552,1.00,0.50
2008.05.19 17:46:11.163,1.05485,1.0552,0.30,0.50
2008.05.19 17:46:11.308,1.05485,1.0552,1.00,0.50
2008.05.19 17:46:11.398,1.05485,1.0552,1.80,0.50
2008.05.19 17:46:11.675,1.05485,1.0552,2.10,0.50
2008.05.19 17:46:12.106,1.05485,1.0552,2.10,0.10
2008.05.19 17:46:12.250,1.0549,1.05525,0.30,0.10
2008.05.19 17:46:16.478,1.05495,1.0553,0.30,0.50
2008.05.19 17:46:16.521,1.05495,1.0553,0.30,0.50
2008.05.19 17:46:16.965,1.05495,1.0553,1.00,0.50
2008.05.19 17:46:17.305,1.05495,1.0553,1.30,0.50
2008.05.19 17:46:26.906,1.05495,1.05525,1.10,0.10
2008.05.19 17:46:28.244,1.05495,1.05525,0.80,0.10
2008.05.19 17:46:29.197,1.05495,1.0553,1.00,0.50
2008.05.19 17:46:29.594,1.05495,1.05525,0.80,0.10
2008.05.19 17:46:43.717,1.055,1.05525,0.80,0.10
2008.05.19 17:46:43.768,1.05505,1.05525,0.80,0.10
2008.05.19 17:46:43.868,1.05495,1.05525,0.40,0.10
2008.05.19 17:46:44.079,1.0549,1.05525,0.50,0.10
2008.05.19 17:46:45.957,1.0549,1.0552,0.40,0.10
2008.05.19 17:46:46.400,1.05485,1.0552,0.50,0.10
2008.05.19 17:46:46.646,1.05485,1.0552,0.30,0.50
2008.05.19 17:46:46.766,1.0548,1.05515,0.50,0.10
2008.05.19 17:46:54.343,1.0548,1.0551,0.40,0.10
2008.05.19 17:46:54.441,1.05475,1.0551,2.10,0.10
2008.05.19 17:46:55.162,1.05475,1.0551,1.30,0.10
2008.05.19 17:46:55.256,1.05475,1.05505,1.90,0.10
2008.05.19 17:46:55.361,1.05475,1.05505,1.10,0.10
2008.05.19 17:47:01.322,1.05475,1.05505,0.80,0.10
2008.05.19 17:47:14.453,1.05475,1.055,0.80,0.10
2008.05.19 17:47:20.672,1.05475,1.05505,0.80,0.10
2008.05.19 17:47:22.375,1.05475,1.0551,1.00,0.50
2008.05.19 17:47:33.210,1.05475,1.05505,0.80,0.10
2008.05.19 17:47:58.997,1.0547,1.05505,1.30,0.10
2008.05.19 17:47:59.009,1.0547,1.05505,0.50,0.10
2008.05.19 17:47:59.216,1.0547,1.055,0.40,0.10
2008.05.19 17:47:59.529,1.05465,1.055,0.50,0.10
2008.05.19 17:47:59.993,1.05465,1.055,0.30,0.10
2008.05.19 17:48:01.906,1.05465,1.055,0.30,0.50
2008.05.19 17:48:02.151,1.0546,1.05495,0.50,0.10
2008.05.19 17:48:02.415,1.0546,1.0549,0.40,0.10
2008.05.19 17:48:15.159,1.0546,1.05485,0.40,0.10
2008.05.19 17:48:15.296,1.05455,1.05485,0.80,0.10
2008.05.19 17:48:17.155,1.05455,1.0549,1.00,0.10
2008.05.19 17:48:31.519,1.05455,1.0549,1.30,0.10
2008.05.19 17:48:31.633,1.05455,1.0549,2.10,0.10
2008.05.19 17:48:32.280,1.0546,1.0549,0.40,0.10
2008.05.19 17:48:39.453,1.05455,1.0549,0.50,0.10
2008.05.19 17:48:59.931,1.05465,1.055,0.30,0.50
2008.05.19 17:49:00.349,1.0546,1.05495,0.30,0.10
2008.05.19 17:49:05.110,1.05465,1.055,0.30,0.50
2008.05.19 17:49:05.839,1.0546,1.05495,0.30,0.10
2008.05.19 17:49:27.687,1.05465,1.055,0.30,0.50
2008.05.19 17:49:27.869,1.05465,1.055,0.50,0.50
2008.05.19 17:49:31.828,1.05465,1.055,0.50,0.10
2008.05.19 17:49:31.867,1.0547,1.05505,0.30,0.10
2008.05.19 17:49:33.396,1.05465,1.055,0.50,0.10
2008.05.19 17:49:33.419,1.0547,1.05505,0.30,0.10
2008.05.19 17:49:56.204,1.05465,1.055,0.50,0.10
2008.05.19 17:49:56.329,1.05465,1.055,1.30,0.10
2008.05.19 17:49:56.743,1.05475,1.0551,0.30,0.50
2008.05.19 17:49:56.787,1.05475,1.0551,0.30,0.50
2008.05.19 17:49:57.432,1.0547,1.05505,0.50,0.10
2008.05.19 17:49:59.399,1.0547,1.055,0.40,0.10
2008.05.19 17:49:59.871,1.05465,1.055,1.30,0.10
2008.05.19 17:50:04.826,1.05465,1.055,1.00,0.10
2008.05.19 17:50:09.615,1.05465,1.055,1.00,0.50
2008.05.19 17:50:09.646,1.05465,1.05495,0.80,0.10
2008.05.19 17:50:11.391,1.0546,1.05495,1.30,0.10
2008.05.19 17:50:11.498,1.0546,1.0549,1.10,0.50
2008.05.19 17:50:11.589,1.05455,1.0549,0.50,0.50
2008.05.19 17:50:11.683,1.05455,1.05485,0.40,0.10
2008.05.19 17:50:11.859,1.0545,1.05485,0.50,0.10
2008.05.19 17:50:11.968,1.0545,1.0548,0.40,0.10
2008.05.19 17:50:12.304,1.05445,1.0548,0.50,0.10
2008.05.19 17:50:20.385,1.05445,1.0548,0.50,0.50
2008.05.19 17:50:20.430,1.05445,1.05475,0.40,0.10
2008.05.19 17:50:20.557,1.0544,1.05475,0.50,0.10
2008.05.19 17:50:22.179,1.0544,1.0547,0.40,0.10
2008.05.19 17:50:22.349,1.05435,1.0547,2.10,0.10
2008.05.19 17:50:22.744,1.0544,1.0547,0.40,0.10
2008.05.19 17:50:22.891,1.0544,1.05475,0.50,0.10
2008.05.19 17:50:23.210,1.0544,1.0547,0.40,0.10
2008.05.19 17:50:23.900,1.0544,1.05475,0.50,0.10
2008.05.19 17:50:24.356,1.0544,1.0547,0.40,0.10
2008.05.19 17:50:24.572,1.0544,1.05475,0.50,0.10
2008.05.19 17:50:29.114,1.0544,1.0547,0.40,0.10
2008.05.19 17:50:29.512,1.05435,1.0547,1.30,0.10
2008.05.19 17:50:29.561,1.05435,1.0547,0.50,0.10
2008.05.19 17:50:32.853,1.05435,1.0547,0.50,0.50
2008.05.19 17:50:32.908,1.05435,1.05465,0.40,0.10
2008.05.19 17:50:32.961,1.0543,1.05465,0.50,0.10
2008.05.19 17:50:39.405,1.05435,1.0547,0.30,0.50
2008.05.19 17:50:48.372,1.05435,1.0547,1.00,0.50
2008.05.19 17:50:48.393,1.0544,1.0547,0.30,0.40
2008.05.19 17:50:48.570,1.0544,1.05475,0.30,0.10
2008.05.19 17:50:48.788,1.05445,1.05475,0.80,0.10
2008.05.19 17:50:48.905,1.05445,1.0548,1.00,0.50
2008.05.19 17:50:48.921,1.05445,1.0548,1.00,0.50
2008.05.19 17:50:49.017,1.05445,1.0548,1.80,0.50
2008.05.19 17:50:49.397,1.05455,1.0548,0.80,0.50
2008.05.19 17:50:50.597,1.0545,1.0548,0.40,0.50
2008.05.19 17:50:50.694,1.05445,1.0548,1.30,0.50
2008.05.19 17:50:51.011,1.05445,1.0548,2.10,0.50
2008.05.19 17:50:51.207,1.05445,1.05475,1.90,0.10
2008.05.19 17:50:51.413,1.05445,1.0548,2.10,0.50
2008.05.19 17:50:52.047,1.05445,1.05475,1.90,0.10
2008.05.19 17:50:52.206,1.05445,1.05475,0.80,0.10
2008.05.19 17:50:52.365,1.0544,1.05475,0.50,0.10
2008.05.19 17:50:52.523,1.0544,1.0547,0.40,0.10
2008.05.19 17:50:52.691,1.05435,1.0547,0.50,0.10
2008.05.19 17:50:52.769,1.05435,1.0547,1.30,0.10
2008.05.19 17:50:55.339,1.05435,1.0547,1.30,0.50
2008.05.19 17:50:55.455,1.05435,1.05465,1.10,0.10
2008.05.19 17:50:57.125,1.05435,1.0547,1.30,0.50
2008.05.19 17:50:57.345,1.0544,1.0547,0.40,0.50
2008.05.19 17:50:57.655,1.0544,1.0547,0.50,0.40
2008.05.19 17:50:57.771,1.05445,1.0547,0.80,0.40
2008.05.19 17:50:57.811,1.05445,1.05475,0.80,0.10
2008.05.19 17:51:02.397,1.05445,1.0547,0.80,0.10
2008.05.19 17:51:02.917,1.05445,1.05475,0.80,0.10
2008.05.19 17:51:16.176,1.05445,1.0547,0.80,0.10
2008.05.19 17:51:17.513,1.05445,1.05475,0.80,0.10
2008.05.19 17:51:18.850,1.05445,1.0547,0.80,0.10
2008.05.19 17:51:18.939,1.0544,1.0547,1.10,0.10
2008.05.19 17:51:19.031,1.05435,1.0547,1.30,0.10
2008.05.19 17:51:19.129,1.05445,1.0547,0.80,0.50
2008.05.19 17:51:19.629,1.0544,1.0547,1.10,0.50
2008.05.19 17:51:19.806,1.0544,1.0547,0.40,0.50
2008.05.19 17:51:25.920,1.05435,1.0547,0.50,0.50
2008.05.19 17:51:26.174,1.05435,1.0547,0.30,0.50
2008.05.19 17:51:26.198,1.0543,1.05465,0.50,0.10
2008.05.19 17:51:43.178,1.05435,1.0547,0.30,0.50
2008.05.19 17:51:43.618,1.0543,1.05465,0.50,0.10
2008.05.19 17:51:43.987,1.05435,1.0547,0.30,0.50
2008.05.19 17:51:44.162,1.0543,1.0546,0.40,0.10
2008.05.19 17:51:44.337,1.0543,1.0546,0.40,0.50
2008.05.19 17:51:44.521,1.05435,1.0546,0.80,0.50
2008.05.19 17:51:44.695,1.05435,1.0547,1.00,0.10
2008.05.19 17:51:44.870,1.05435,1.0547,1.30,0.10
2008.05.19 17:51:51.052,1.05435,1.0547,2.10,0.10
2008.05.19 17:51:54.577,1.0544,1.05475,0.30,0.10
2008.05.19 17:51:54.859,1.0544,1.05475,0.50,0.10
2008.05.19 17:51:54.986,1.0544,1.0547,0.50,0.40
2008.05.19 17:51:55.205,1.0544,1.0547,0.40,0.50
2008.05.19 17:52:11.345,1.05435,1.0547,0.50,0.50
2008.05.19 17:52:13.650,1.05435,1.05465,0.40,0.10
2008.05.19 17:52:13.857,1.05435,1.0547,0.50,0.50
2008.05.19 17:52:21.356,1.05435,1.05465,0.40,0.10
2008.05.19 17:52:21.638,1.05435,1.0547,0.50,0.50
2008.05.19 17:52:58.425,1.05435,1.05465,0.40,0.10
2008.05.19 17:52:59.903,1.0543,1.05465,0.50,0.10
2008.05.19 17:53:03.171,1.0543,1.0546,0.50,0.40
2008.05.19 17:53:03.189,1.0543,1.0546,0.30,0.40
2008.05.19 17:53:03.356,1.05425,1.0546,0.50,0.50
2008.05.19 17:53:04.107,1.05425,1.0546,0.30,0.50
2008.05.19 17:53:04.252,1.0542,1.05455,0.50,0.10
2008.05.19 17:53:07.269,1.0542,1.0545,0.50,0.40
2008.05.19 17:53:07.302,1.0542,1.0545,0.30,0.40
2008.05.19 17:53:07.617,1.05415,1.0545,0.50,0.50
2008.05.19 17:53:08.720,1.0542,1.0545,0.30,0.40
2008.05.19 17:53:09.183,1.05415,1.0545,0.50,0.50
2008.05.19 17:53:11.046,1.0542,1.0545,0.30,0.40
2008.05.19 17:53:11.680,1.05415,1.0545,0.50,0.50
2008.05.19 17:53:12.651,1.0542,1.0545,0.30,0.40
2008.05.19 17:53:13.135,1.0542,1.05455,0.30,0.10
2008.05.19 17:53:13.205,1.05425,1.0546,0.30,0.50
2008.05.19 17:53:13.277,1.05425,1.0546,0.30,0.50
2008.05.19 17:53:14.146,1.0542,1.05455,0.50,0.10
2008.05.19 17:53:14.769,1.05425,1.0546,0.30,0.50
2008.05.19 17:53:15.815,1.0542,1.05455,0.50,0.10
2008.05.19 17:53:20.398,1.0542,1.0545,0.50,0.40
2008.05.19 17:53:20.672,1.0542,1.0545,0.40,0.50
2008.05.19 17:53:20.685,1.05415,1.0545,0.50,0.50
2008.05.19 17:53:21.126,1.0542,1.0545,0.30,0.40
2008.05.19 17:53:21.917,1.05415,1.0545,0.50,0.50
2008.05.19 17:53:24.068,1.05415,1.0544,0.50,0.40
2008.05.19 17:53:24.076,1.05415,1.0544,0.30,0.40
2008.05.19 17:53:24.123,1.05405,1.05435,1.10,0.10
2008.05.19 17:53:24.181,1.05405,1.05435,0.80,0.10
2008.05.19 17:53:24.325,1.054,1.05435,1.30,0.10
2008.05.19 17:53:24.511,1.054,1.05435,0.50,0.10
2008.05.19 17:53:24.864,1.054,1.05435,0.30,0.10
2008.05.19 17:53:26.435,1.054,1.0543,0.30,0.40
2008.05.19 17:53:26.678,1.05395,1.0543,1.30,0.50
2008.05.19 17:53:26.807,1.05395,1.0543,0.50,0.50
2008.05.19 17:53:28.888,1.054,1.0543,0.30,0.40
2008.05.19 17:53:29.177,1.054,1.0543,0.50,0.40
2008.05.19 17:53:29.201,1.054,1.0543,0.40,0.50
2008.05.19 17:53:29.326,1.05395,1.0543,0.50,0.50
2008.05.19 17:53:33.406,1.054,1.0543,0.30,0.40
2008.05.19 17:53:33.611,1.05395,1.0543,0.50,0.50
2008.05.19 17:53:36.206,1.05395,1.0543,0.50,0.10
2008.05.19 17:53:36.429,1.054,1.05435,0.30,0.10
2008.05.19 17:53:38.109,1.054,1.05435,0.50,0.10
2008.05.19 17:53:38.433,1.05405,1.0544,0.30,0.50
2008.05.19 17:53:38.594,1.054,1.05435,0.50,0.10
2008.05.19 17:53:39.420,1.0541,1.0544,0.30,0.40
2008.05.19 17:53:39.624,1.05405,1.0544,0.30,0.50
2008.05.19 17:53:40.373,1.054,1.05435,0.50,0.10
2008.05.19 17:53:40.461,1.05405,1.05435,0.40,0.10
2008.05.19 17:53:40.714,1.054,1.05435,0.50,0.10
2008.05.19 17:53:46.368,1.05405,1.0544,0.30,0.50
2008.05.19 17:53:47.961,1.05415,1.0544,0.30,0.40
2008.05.19 17:54:04.177,1.0542,1.0544,0.30,0.40
2008.05.19 17:54:04.190,1.0542,1.0545,0.30,0.40
2008.05.19 17:54:04.378,1.05415,1.0545,0.30,0.50
2008.05.19 17:54:04.702,1.0542,1.0545,0.30,0.40
2008.05.19 17:54:04.919,1.05415,1.0545,0.30,0.50
2008.05.19 17:54:07.433,1.0542,1.0545,0.30,0.40
2008.05.19 17:54:10.403,1.05415,1.0545,0.30,0.50
2008.05.19 17:54:12.686,1.0541,1.05445,0.30,0.10
2008.05.19 17:54:12.784,1.0541,1.0544,0.30,0.40
2008.05.19 17:54:18.275,1.05405,1.0544,0.50,0.50
2008.05.19 17:54:26.219,1.0541,1.0544,0.30,0.40
2008.05.19 17:54:26.366,1.05405,1.0544,0.50,0.50
2008.05.19 17:54:31.116,1.05405,1.0544,0.30,0.50
2008.05.19 17:54:35.364,1.054,1.05435,0.50,0.10
2008.05.19 17:54:39.707,1.054,1.0543,0.40,0.10
2008.05.19 17:54:39.840,1.054,1.0543,0.40,0.50
2008.05.19 17:54:39.906,1.05395,1.0543,0.50,0.50
2008.05.19 17:54:40.443,1.05395,1.0543,1.30,0.50
2008.05.19 17:54:44.466,1.05395,1.0543,0.50,0.50
2008.05.19 17:54:44.680,1.05395,1.05425,0.40,0.10
2008.05.19 17:54:44.900,1.0539,1.05425,0.50,0.10
2008.05.19 17:54:47.427,1.0539,1.05415,0.40,0.10
2008.05.19 17:54:47.477,1.05385,1.05415,1.10,0.10
2008.05.19 17:54:47.581,1.05385,1.05415,0.80,0.10
2008.05.19 17:54:49.384,1.0539,1.0542,0.30,0.40
2008.05.19 17:54:49.588,1.0539,1.05425,0.30,0.10
2008.05.19 17:54:49.723,1.054,1.0543,0.30,0.40
2008.05.19 17:54:49.931,1.0539,1.05425,0.30,0.10
2008.05.19 17:54:50.135,1.0539,1.05425,0.50,0.10
2008.05.19 17:54:50.730,1.05395,1.0543,0.30,0.50
2008.05.19 17:54:50.968,1.0539,1.05425,0.50,0.10
2008.05.19 17:54:54.953,1.05395,1.0543,0.30,0.50
2008.05.19 17:54:57.844,1.0539,1.05425,0.50,0.10
2008.05.19 17:55:03.640,1.05395,1.0543,0.30,0.50
2008.05.19 17:55:04.889,1.0539,1.05425,0.50,0.10
2008.05.19 17:55:05.108,1.05395,1.0543,0.30,0.50
2008.05.19 17:55:06.865,1.0539,1.05425,0.50,0.10
2008.05.19 17:55:10.530,1.0539,1.0542,0.50,0.40
2008.05.19 17:55:10.571,1.0539,1.0542,0.30,0.40
2008.05.19 17:55:10.691,1.05385,1.05415,0.80,0.10
2008.05.19 17:55:10.819,1.0538,1.05415,0.50,0.10
2008.05.19 17:55:10.898,1.05385,1.0542,0.30,0.50
2008.05.19 17:55:13.383,1.0539,1.0542,0.30,0.40
2008.05.19 17:55:18.469,1.0538,1.05405,0.40,0.10
2008.05.19 17:55:18.532,1.05375,1.05405,0.40,0.10
2008.05.19 17:55:19.849,1.0537,1.05405,0.50,0.10
2008.05.19 17:55:27.459,1.05375,1.0541,0.30,0.50
2008.05.19 17:55:30.688,1.0538,1.0541,0.30,0.40
2008.05.19 17:55:36.392,1.0537,1.05405,0.50,0.10
2008.05.19 17:55:37.139,1.05375,1.0541,0.30,0.50
2008.05.19 17:55:38.779,1.05375,1.0541,0.50,0.50
2008.05.19 17:55:38.880,1.0538,1.0541,0.30,0.40
2008.05.19 17:55:39.469,1.0538,1.0541,0.50,0.40
2008.05.19 17:55:43.743,1.0538,1.0541,0.40,0.50
2008.05.19 17:55:43.951,1.0539,1.0541,0.30,0.40
2008.05.19 17:55:44.075,1.0539,1.0542,0.30,0.40
2008.05.19 17:55:48.899,1.0539,1.0542,0.50,0.40
2008.05.19 17:55:49.106,1.0539,1.05425,0.50,0.10
2008.05.19 17:55:49.445,1.05395,1.0543,0.30,0.50
2008.05.19 17:55:49.646,1.054,1.0543,0.30,0.40
2008.05.19 17:55:49.714,1.054,1.0543,0.30,0.40
2008.05.19 17:55:50.563,1.05395,1.0543,0.50,0.50
2008.05.19 17:55:52.604,1.0539,1.05425,0.50,0.10
2008.05.19 17:55:53.170,1.054,1.0543,0.30,0.40
2008.05.19 17:55:53.373,1.05395,1.0543,0.50,0.50
2008.05.19 17:55:54.178,1.054,1.0543,0.30,0.40
2008.05.19 17:55:56.207,1.054,1.0543,0.50,0.40
2008.05.19 17:56:01.247,1.05405,1.0543,0.30,0.40
2008.05.19 17:56:05.498,1.054,1.0543,0.30,0.50
2008.05.19 17:56:05.732,1.05395,1.05425,0.50,0.10
2008.05.19 17:56:05.860,1.05395,1.05425,0.30,0.10
2008.05.19 17:56:11.703,1.05395,1.0542,0.30,0.40
2008.05.19 17:56:11.903,1.0539,1.0542,0.50,0.50
2008.05.19 17:56:13.591,1.05395,1.0542,0.30,0.40
2008.05.19 17:56:13.729,1.05395,1.0543,0.30,0.50
2008.05.19 17:56:13.876,1.05395,1.0543,0.30,0.50
2008.05.19 17:56:15.126,1.05395,1.0543,0.50,0.50
2008.05.19 17:56:15.161,1.054,1.0543,0.30,0.40
2008.05.19 17:56:25.397,1.0539,1.05425,0.50,0.10
2008.05.19 17:56:25.526,1.0539,1.05425,0.30,0.10
2008.05.19 17:56:25.661,1.0539,1.0542,0.30,0.40
2008.05.19 17:56:25.923,1.05385,1.0542,0.50,0.50
2008.05.19 17:56:26.197,1.05385,1.0542,0.30,0.50
2008.05.19 17:56:26.653,1.0539,1.0542,0.30,0.40
2008.05.19 17:56:27.397,1.05395,1.0543,0.30,0.50
2008.05.19 17:56:28.305,1.05395,1.0543,0.30,0.50
2008.05.19 17:56:29.412,1.0539,1.05425,0.50,0.10
2008.05.19 17:56:29.521,1.0539,1.05425,0.30,0.10
2008.05.19 17:56:34.097,1.05395,1.0543,0.30,0.50
2008.05.19 17:56:34.217,1.05395,1.0543,0.30,0.50
2008.05.19 17:56:34.699,1.0539,1.05425,0.30,0.10
2008.05.19 17:56:34.797,1.0539,1.0542,0.30,0.40
2008.05.19 17:56:36.898,1.05395,1.0542,0.30,0.40
2008.05.19 17:56:40.148,1.05395,1.05425,0.30,0.08
2008.05.19 17:56:40.727,1.05405,1.05425,0.30,0.08
2008.05.19 17:56:40.780,1.05405,1.0543,0.30,0.40
2008.05.19 17:56:42.981,1.054,1.0543,0.30,0.40
2008.05.19 17:56:44.397,1.05405,1.0543,0.30,0.40
2008.05.19 17:56:47.874,1.054,1.0543,0.30,0.40
2008.05.19 17:56:48.597,1.05405,1.0543,0.30,0.40
2008.05.19 17:56:56.682,1.054,1.0543,0.30,0.40
2008.05.19 17:56:56.742,1.054,1.0543,0.30,0.40
2008.05.19 17:56:56.923,1.05395,1.0543,0.30,0.50
2008.05.19 17:57:07.149,1.0539,1.05425,0.50,0.10
2008.05.19 17:57:07.393,1.0539,1.0542,0.50,0.40
2008.05.19 17:57:09.869,1.05395,1.0542,0.30,0.40
2008.05.19 17:57:11.113,1.0539,1.0542,0.50,0.40
2008.05.19 17:57:11.481,1.0539,1.0542,0.30,0.40
2008.05.19 17:57:11.662,1.0539,1.0541,0.30,0.40
2008.05.19 17:57:11.942,1.05385,1.0541,0.50,0.40
2008.05.19 17:57:17.042,1.05385,1.0541,0.30,0.40
2008.05.19 17:57:20.437,1.0538,1.0541,0.50,0.40
2008.05.19 17:57:23.274,1.0538,1.0541,0.30,0.40
2008.05.19 17:57:25.994,1.0538,1.054,0.30,0.40
2008.05.19 17:57:26.223,1.0537,1.054,0.50,0.40
2008.05.19 17:57:26.317,1.05375,1.054,0.30,0.40
2008.05.19 17:57:26.845,1.0537,1.054,0.50,0.40
2008.05.19 17:57:27.159,1.05375,1.054,0.30,0.40
2008.05.19 17:57:27.482,1.0537,1.054,0.50,0.40
2008.05.19 17:57:27.696,1.05375,1.054,0.30,0.40
2008.05.19 17:57:27.905,1.0537,1.054,0.50,0.40
2008.05.19 17:57:28.274,1.05375,1.054,0.30,0.40
2008.05.19 17:57:31.389,1.0537,1.054,0.30,0.40
2008.05.19 17:57:32.449,1.05375,1.054,0.30,0.40
2008.05.19 17:57:32.718,1.0537,1.054,0.30,0.40
2008.05.19 17:57:34.429,1.05365,1.054,0.30,0.50
2008.05.19 17:57:34.544,1.05365,1.054,0.30,0.50
2008.05.19 17:57:34.659,1.05355,1.05385,0.40,0.10
2008.05.19 17:57:34.739,1.0535,1.05385,0.30,0.10
2008.05.19 17:57:34.786,1.0535,1.0538,0.30,0.40
2008.05.19 17:57:34.855,1.05345,1.0538,0.50,0.50
2008.05.19 17:57:35.291,1.05345,1.05375,0.50,0.80
2008.05.19 17:57:35.415,1.05345,1.05375,0.30,0.80
2008.05.19 17:57:35.489,1.05345,1.05365,0.30,0.80
2008.05.19 17:57:35.752,1.0534,1.05355,0.30,0.80
2008.05.19 17:57:36.038,1.05325,1.0535,0.50,0.40
2008.05.19 17:57:36.574,1.05325,1.0535,0.30,1.10
2008.05.19 17:57:36.848,1.0532,1.0534,0.40,0.40
2008.05.19 17:57:36.938,1.0532,1.0535,0.40,0.50
2008.05.19 17:57:37.205,1.0533,1.0535,0.30,0.40
2008.05.19 17:57:37.391,1.0533,1.05365,0.30,0.90
2008.05.19 17:57:37.722,1.05325,1.0536,0.50,0.10
2008.05.19 17:57:37.851,1.05325,1.0535,0.50,0.40
2008.05.19 17:57:37.988,1.05325,1.0535,0.30,0.40
2008.05.19 17:57:38.246,1.0533,1.0535,0.30,0.40
2008.05.19 17:57:38.374,1.0533,1.05365,0.30,0.90
2008.05.19 17:57:38.503,1.0533,1.05365,0.30,0.80
2008.05.19 17:57:39.241,1.0533,1.05365,0.50,0.80
2008.05.19 17:57:39.335,1.0533,1.0536,0.40,0.10
2008.05.19 17:57:39.429,1.0533,1.0535,0.40,0.40
2008.05.19 17:57:39.535,1.05325,1.0535,0.50,0.40
2008.05.19 17:57:42.865,1.05325,1.0534,0.30,0.40
2008.05.19 17:57:43.064,1.05315,1.0534,0.50,0.40
2008.05.19 17:57:47.160,1.05325,1.0534,0.30,0.40
2008.05.19 17:57:47.390,1.05325,1.0535,0.30,0.40
2008.05.19 17:57:47.689,1.05315,1.0535,0.50,0.50
2008.05.19 17:57:48.045,1.0532,1.0535,0.30,0.40
2008.05.19 17:57:48.193,1.05315,1.0535,0.50,0.50
2008.05.19 17:57:48.353,1.05315,1.0534,0.30,0.40
2008.05.19 17:57:48.797,1.0531,1.0534,0.50,0.40
2008.05.19 17:57:51.462,1.05315,1.0534,0.30,0.40
2008.05.19 17:57:53.377,1.0531,1.0534,0.50,0.40
2008.05.19 17:57:53.709,1.0531,1.0534,0.30,0.40
2008.05.19 17:57:54.370,1.0531,1.0533,0.30,0.40
2008.05.19 17:57:54.430,1.05305,1.0533,0.50,0.40
2008.05.19 17:57:54.708,1.05305,1.0533,0.40,0.40
2008.05.19 17:57:57.413,1.05305,1.0533,0.50,0.40
2008.05.19 17:57:57.935,1.05305,1.0533,0.40,0.40
2008.05.19 17:57:59.466,1.053,1.0533,0.50,0.40
2008.05.19 17:57:59.602,1.05305,1.0533,0.30,0.40
2008.05.19 17:58:00.676,1.05305,1.0533,0.50,0.40
2008.05.19 17:58:01.653,1.05305,1.0533,0.40,0.40
2008.05.19 17:58:01.769,1.053,1.0532,0.30,0.40
2008.05.19 17:58:01.860,1.05295,1.0532,0.50,0.40
2008.05.19 17:58:05.178,1.05295,1.0531,0.50,0.40
2008.05.19 17:58:05.199,1.05295,1.0531,0.40,0.40
2008.05.19 17:58:05.287,1.0529,1.0531,0.50,0.40
2008.05.19 17:58:05.730,1.0529,1.0532,0.50,0.40
2008.05.19 17:58:06.762,1.05295,1.0532,0.30,0.40
2008.05.19 17:58:07.090,1.0529,1.0531,0.50,0.40
2008.05.19 17:58:07.254,1.05295,1.0531,0.30,0.40
2008.05.19 17:58:07.425,1.05295,1.0532,0.30,0.40
2008.05.19 17:58:11.414,1.05305,1.0532,0.30,0.40
2008.05.19 17:58:11.577,1.05305,1.0533,0.30,0.40
2008.05.19 17:58:13.422,1.05305,1.0533,0.50,0.40
2008.05.19 17:58:15.285,1.05305,1.0533,0.30,0.40
2008.05.19 17:58:15.422,1.05305,1.0533,0.50,0.40
2008.05.19 17:58:15.544,1.05305,1.0534,0.50,0.50
2008.05.19 17:58:15.648,1.05315,1.0534,0.30,0.40
2008.05.19 17:58:18.367,1.0531,1.0534,0.30,0.40
2008.05.19 17:58:19.148,1.05305,1.0534,0.50,0.50
2008.05.19 17:58:19.178,1.05305,1.0533,0.50,0.40
2008.05.19 17:58:20.454,1.05315,1.0533,0.30,0.40
2008.05.19 17:58:20.680,1.05315,1.0534,0.30,0.40
2008.05.19 17:58:20.934,1.05305,1.0534,0.50,0.50
2008.05.19 17:58:21.181,1.0531,1.0534,0.30,0.40
2008.05.19 17:58:24.170,1.05305,1.0534,0.50,0.50
2008.05.19 17:58:24.267,1.05305,1.0533,0.50,0.40
2008.05.19 17:58:27.202,1.05305,1.0533,0.30,0.40
2008.05.19 17:58:29.103,1.053,1.0533,0.30,0.40
2008.05.19 17:58:29.928,1.05305,1.0533,0.30,0.40
2008.05.19 17:58:32.410,1.053,1.0533,0.40,0.50
2008.05.19 17:58:32.608,1.05295,1.0533,0.50,0.50
2008.05.19 17:58:33.049,1.05295,1.0533,0.30,0.50
2008.05.19 17:58:33.474,1.0529,1.05325,0.50,0.10
2008.05.19 17:58:33.642,1.0529,1.0532,0.50,0.40
2008.05.19 17:58:35.687,1.0529,1.0532,0.30,0.40
2008.05.19 17:58:36.381,1.05295,1.0532,0.30,0.40
2008.05.19 17:58:36.959,1.0529,1.0532,0.50,0.40
2008.05.19 17:58:37.376,1.05295,1.0532,0.30,0.40
2008.05.19 17:58:37.606,1.0529,1.0532,0.50,0.40
2008.05.19 17:58:39.692,1.05295,1.0532,0.30,0.40
2008.05.19 17:58:42.608,1.0529,1.0532,0.50,0.40
2008.05.19 17:58:42.666,1.0529,1.0531,0.50,0.40
2008.05.19 17:58:42.726,1.0529,1.0531,0.30,0.40
2008.05.19 17:58:43.059,1.05285,1.0531,0.50,0.40
2008.05.19 17:58:43.187,1.05295,1.0531,0.30,0.40
2008.05.19 17:58:43.267,1.05295,1.0532,0.30,0.40
2008.05.19 17:58:43.505,1.05285,1.0532,0.50,0.50
2008.05.19 17:58:43.585,1.05285,1.0531,0.50,0.40
2008.05.19 17:58:43.711,1.05295,1.0531,0.30,0.40
2008.05.19 17:58:43.923,1.05285,1.0531,0.30,0.40
2008.05.19 17:58:44.510,1.05285,1.0531,0.50,0.40
2008.05.19 17:58:45.251,1.05285,1.0531,0.30,0.40
2008.05.19 17:58:45.947,1.0528,1.0531,0.40,0.50
