2014.01.28 06:00:00.337,0.9246,0.92472,1.00,1.38
2014.01.28 06:00:00.589,0.9246,0.92467,1.00,1.00
2014.01.28 06:00:00.741,0.92454,0.92467,2.48,1.00
2014.01.28 06:00:02.231,0.92458,0.9247,1.00,1.38
2014.01.28 06:00:02.859,0.92459,0.92471,1.00,1.50
2014.01.28 06:00:02.910,0.92459,0.92471,1.00,1.00
2014.01.28 06:00:03.542,0.92458,0.92474,1.50,1.88
2014.01.28 06:00:04.756,0.92458,0.92474,1.50,2.25
2014.01.28 06:00:06.223,0.92458,0.92472,1.00,1.88
2014.01.28 06:00:06.375,0.92456,0.9247,1.35,1.88
2014.01.28 06:00:06.476,0.92458,0.9247,1.00,1.38
2014.01.28 06:00:08.931,0.92458,0.92472,1.50,1.38
2014.01.28 06:00:10.065,0.92458,0.92472,1.00,1.00
2014.01.28 06:00:10.866,0.9246,0.92474,1.00,1.13
2014.01.28 06:00:11.646,0.9246,0.92474,1.00,3.60
2014.01.28 06:00:11.747,0.9246,0.92473,1.00,1.00
2014.01.28 06:00:11.999,0.92458,0.92473,1.00,1.50
2014.01.28 06:00:14.353,0.92458,0.92473,1.00,1.88
2014.01.28 06:00:14.454,0.92458,0.92473,1.00,3.60
2014.01.28 06:00:15.311,0.92458,0.92473,1.00,1.88
2014.01.28 06:00:15.857,0.92458,0.92471,1.00,1.00
2014.01.28 06:00:17.290,0.92458,0.92471,1.00,1.50
2014.01.28 06:00:17.716,0.92454,0.92471,1.50,1.88
2014.01.28 06:00:17.817,0.92456,0.92471,1.00,1.88
2014.01.28 06:00:20.526,0.92456,0.92472,1.00,2.63
2014.01.28 06:00:20.678,0.92458,0.92472,3.23,1.00
2014.01.28 06:00:20.980,0.92468,0.92482,1.00,1.50
2014.01.28 06:00:21.558,0.92467,0.92481,1.50,1.00
2014.01.28 06:00:22.486,0.92467,0.92482,1.50,1.88
2014.01.28 06:00:24.536,0.92467,0.92479,1.00,1.50
2014.01.28 06:00:24.637,0.92462,0.92477,1.13,1.00
2014.01.28 06:00:24.877,0.92463,0.92475,1.00,1.00
2014.01.28 06:00:26.410,0.92464,0.92481,1.00,1.88
2014.01.28 06:00:26.713,0.92466,0.92481,1.50,1.75
2014.01.28 06:00:27.274,0.92467,0.92481,2.10,1.75
2014.01.28 06:00:27.833,0.92466,0.92481,3.60,1.75
2014.01.28 06:00:28.346,0.92467,0.92482,2.10,1.88
2014.01.28 06:00:28.497,0.92465,0.92482,2.70,1.38
2014.01.28 06:00:31.790,0.92466,0.92482,1.38,1.38
2014.01.28 06:00:32.105,0.9247,0.92487,2.10,2.25
2014.01.28 06:00:32.916,0.92468,0.92486,2.85,1.13
2014.01.28 06:00:33.282,0.92467,0.92482,3.08,1.00
2014.01.28 06:00:35.740,0.92467,0.92482,2.03,1.00
2014.01.28 06:00:35.841,0.92469,0.92487,2.10,2.63
2014.01.28 06:00:35.994,0.92471,0.92487,2.10,1.75
2014.01.28 06:00:36.045,0.92471,0.92487,2.10,1.38
2014.01.28 06:00:36.261,0.92473,0.9249,1.00,2.25
2014.01.28 06:00:36.592,0.92473,0.92484,1.00,1.00
2014.01.28 06:00:36.744,0.92467,0.92482,1.50,1.00
2014.01.28 06:00:36.845,0.92468,0.92485,3.23,1.00
2014.01.28 06:00:36.946,0.92469,0.92482,1.13,1.00
2014.01.28 06:00:37.870,0.92469,0.92482,3.23,1.00
2014.01.28 06:00:37.920,0.9247,0.92487,2.10,1.88
2014.01.28 06:00:38.132,0.9247,0.92487,2.10,1.88
2014.01.28 06:00:38.233,0.9247,0.92486,2.10,2.10
2014.01.28 06:00:38.485,0.92474,0.92486,1.00,2.10
2014.01.28 06:00:38.586,0.9247,0.92485,1.60,1.13
2014.01.28 06:00:38.843,0.9247,0.92482,1.60,1.00
2014.01.28 06:00:39.609,0.9247,0.92485,1.60,1.00
2014.01.28 06:00:39.962,0.92472,0.92487,1.00,1.13
2014.01.28 06:00:40.013,0.92474,0.92487,1.00,1.13
2014.01.28 06:00:40.522,0.92474,0.92487,1.00,1.38
2014.01.28 06:00:40.572,0.92472,0.92487,1.00,1.38
2014.01.28 06:00:41.141,0.92472,0.92482,1.00,1.00
2014.01.28 06:00:45.830,0.92472,0.92477,1.00,1.00
2014.01.28 06:00:46.334,0.92469,0.92477,2.48,1.00
2014.01.28 06:00:46.806,0.92466,0.92477,2.10,1.00
2014.01.28 06:00:47.007,0.92466,0.92477,1.35,1.00
2014.01.28 06:00:51.553,0.92464,0.92476,2.85,1.00
2014.01.28 06:00:51.660,0.92464,0.92472,2.85,1.00
2014.01.28 06:00:56.227,0.92464,0.92479,3.23,1.00
2014.01.28 06:00:56.379,0.92464,0.92481,3.98,2.25
2014.01.28 06:00:57.303,0.92466,0.92477,1.35,1.00
2014.01.28 06:01:04.012,0.92466,0.92481,1.35,1.50
2014.01.28 06:01:06.482,0.92466,0.92482,2.85,3.00
2014.01.28 06:01:06.987,0.92469,0.92486,1.00,2.63
2014.01.28 06:01:07.501,0.9247,0.92485,1.00,1.13
2014.01.28 06:01:07.863,0.92474,0.92485,1.00,1.13
2014.01.28 06:01:07.964,0.9247,0.92485,1.00,1.13
2014.01.28 06:01:08.280,0.9247,0.92486,1.13,1.38
2014.01.28 06:01:10.583,0.92474,0.92486,1.00,1.38
2014.01.28 06:01:10.948,0.9247,0.92486,1.13,1.38
2014.01.28 06:01:11.051,0.92474,0.92486,1.00,1.38
2014.01.28 06:01:11.153,0.9247,0.92486,1.13,1.38
2014.01.28 06:01:11.482,0.92474,0.92486,1.00,1.13
2014.01.28 06:01:11.583,0.9247,0.92486,1.13,1.13
2014.01.28 06:01:11.794,0.92474,0.92486,1.00,1.13
2014.01.28 06:01:12.246,0.92474,0.92482,1.00,1.00
2014.01.28 06:01:12.456,0.9247,0.92482,1.13,1.00
2014.01.28 06:01:12.921,0.92474,0.92482,1.00,1.00
2014.01.28 06:01:13.815,0.9247,0.92482,1.13,1.00
2014.01.28 06:01:16.879,0.92474,0.92482,1.00,1.00
2014.01.28 06:01:19.645,0.92473,0.92482,1.00,1.00
2014.01.28 06:01:19.745,0.92471,0.92482,1.00,1.00
2014.01.28 06:01:20.107,0.92471,0.92477,1.00,1.00
2014.01.28 06:01:20.411,0.92466,0.92477,3.23,1.00
2014.01.28 06:01:20.512,0.92471,0.92477,1.00,1.00
2014.01.28 06:01:20.613,0.92466,0.92477,1.88,1.00
2014.01.28 06:01:20.865,0.92468,0.92482,1.35,1.38
2014.01.28 06:01:20.916,0.92468,0.92482,1.35,1.13
2014.01.28 06:01:20.966,0.92471,0.92482,1.00,1.13
2014.01.28 06:01:21.644,0.92471,0.92477,1.00,1.00
2014.01.28 06:01:21.723,0.92471,0.92482,1.00,1.00
2014.01.28 06:01:22.670,0.92471,0.92482,1.00,1.38
2014.01.28 06:01:25.352,0.92471,0.92477,1.00,1.00
2014.01.28 06:01:26.581,0.92471,0.92482,1.00,1.38
2014.01.28 06:01:26.905,0.92467,0.92477,1.60,1.00
2014.01.28 06:01:27.208,0.92465,0.92472,1.73,1.00
2014.01.28 06:01:27.359,0.92467,0.92477,1.00,1.00
2014.01.28 06:01:27.410,0.92468,0.92477,2.10,1.00
2014.01.28 06:01:28.053,0.9247,0.92477,1.00,1.00
2014.01.28 06:01:29.723,0.92468,0.92477,2.85,1.00
2014.01.28 06:01:30.603,0.9247,0.92477,1.00,1.00
2014.01.28 06:01:31.406,0.92466,0.92472,1.13,1.00
2014.01.28 06:01:31.865,0.92466,0.92477,1.13,1.00
2014.01.28 06:01:31.966,0.92466,0.92472,1.13,1.00
2014.01.28 06:01:32.067,0.92466,0.92477,1.13,1.00
2014.01.28 06:01:49.186,0.92466,0.92476,1.00,1.00
2014.01.28 06:01:49.388,0.92466,0.92472,1.00,1.00
2014.01.28 06:01:49.540,0.92464,0.92472,1.00,1.00
2014.01.28 06:01:50.690,0.92461,0.92467,2.10,1.00
2014.01.28 06:01:50.741,0.92462,0.92467,1.00,1.00
2014.01.28 06:01:50.792,0.92462,0.92472,1.00,1.00
2014.01.28 06:01:50.994,0.92459,0.92471,1.38,1.00
2014.01.28 06:01:51.497,0.92461,0.92472,1.00,1.38
2014.01.28 06:01:52.032,0.92461,0.92472,1.35,1.13
2014.01.28 06:01:52.285,0.92459,0.92472,1.00,2.18
2014.01.28 06:01:52.487,0.92459,0.92467,1.00,1.00
2014.01.28 06:01:57.320,0.92457,0.92462,2.10,1.00
2014.01.28 06:01:57.498,0.92457,0.92467,2.10,1.50
2014.01.28 06:01:57.762,0.92457,0.92462,2.10,1.00
2014.01.28 06:01:57.863,0.92457,0.92467,2.10,1.00
2014.01.28 06:02:03.070,0.92457,0.92467,1.00,1.00
2014.01.28 06:02:03.272,0.92457,0.92465,1.00,1.00
2014.01.28 06:02:03.423,0.92451,0.92465,1.50,1.50
2014.01.28 06:02:03.524,0.9245,0.92463,1.13,1.00
2014.01.28 06:02:04.310,0.92449,0.92463,1.68,1.00
2014.01.28 06:02:06.619,0.92454,0.92466,2.10,1.50
2014.01.28 06:02:07.123,0.92456,0.92467,1.00,1.88
2014.01.28 06:02:07.274,0.92452,0.92467,1.00,1.88
2014.01.28 06:02:07.343,0.9245,0.92467,1.30,1.88
2014.01.28 06:02:07.454,0.92452,0.92467,1.00,1.88
2014.01.28 06:02:07.756,0.92454,0.92467,2.85,1.00
2014.01.28 06:02:08.494,0.92456,0.92467,1.00,1.00
2014.01.28 06:02:09.039,0.92454,0.92467,2.85,1.88
2014.01.28 06:02:10.459,0.92454,0.92467,2.85,1.88
2014.01.28 06:02:10.762,0.9245,0.92462,1.38,1.00
2014.01.28 06:02:11.286,0.92452,0.92462,1.00,1.00
2014.01.28 06:02:21.292,0.92453,0.92466,1.00,1.38
2014.01.28 06:02:21.806,0.92454,0.92466,1.35,1.00
2014.01.28 06:02:28.673,0.92454,0.92462,1.35,1.00
2014.01.28 06:02:28.825,0.92452,0.92462,1.00,1.00
2014.01.28 06:02:29.077,0.92452,0.92457,1.00,1.00
2014.01.28 06:02:29.128,0.9245,0.92457,1.00,1.00
2014.01.28 06:02:37.872,0.9245,0.92461,1.00,2.48
2014.01.28 06:02:38.099,0.9245,0.92457,1.00,1.00
2014.01.28 06:02:38.352,0.9245,0.92461,1.00,3.15
2014.01.28 06:02:38.870,0.9245,0.92461,1.00,2.48
2014.01.28 06:02:39.581,0.9245,0.92457,1.00,1.00
2014.01.28 06:02:45.293,0.9245,0.92462,1.00,1.00
2014.01.28 06:02:45.445,0.92452,0.92462,1.00,1.00
2014.01.28 06:02:45.747,0.92454,0.92462,1.00,1.00
2014.01.28 06:02:46.057,0.92454,0.92467,1.60,1.75
2014.01.28 06:02:46.209,0.92456,0.92462,1.00,1.00
2014.01.28 06:02:46.874,0.92454,0.92462,1.60,1.00
2014.01.28 06:02:47.453,0.92456,0.92462,1.00,1.00
2014.01.28 06:02:47.930,0.92454,0.92462,1.00,1.00
2014.01.28 06:02:51.582,0.92456,0.92462,1.00,1.00
2014.01.28 06:02:57.269,0.92456,0.92465,1.00,2.10
2014.01.28 06:02:57.521,0.92456,0.92467,1.00,1.00
2014.01.28 06:02:57.736,0.92458,0.92467,1.00,1.00
2014.01.28 06:02:59.730,0.92458,0.92467,1.60,1.00
2014.01.28 06:02:59.932,0.92461,0.92471,1.00,1.00
2014.01.28 06:03:00.437,0.92461,0.92472,1.35,1.00
2014.01.28 06:03:00.706,0.92464,0.92472,1.00,1.00
2014.01.28 06:03:02.810,0.92461,0.92472,1.35,1.00
2014.01.28 06:03:02.933,0.92464,0.92472,1.00,1.00
2014.01.28 06:03:03.797,0.92461,0.92472,1.00,1.00
2014.01.28 06:03:04.100,0.92461,0.92467,1.00,1.00
2014.01.28 06:03:04.151,0.92459,0.92467,1.00,1.00
2014.01.28 06:03:04.688,0.9246,0.92467,1.00,1.00
2014.01.28 06:03:16.188,0.9246,0.92471,1.00,1.00
2014.01.28 06:03:16.712,0.9246,0.92472,1.00,1.00
2014.01.28 06:03:19.156,0.92462,0.92472,1.00,1.00
2014.01.28 06:03:21.249,0.92462,0.92467,1.00,1.00
2014.01.28 06:03:21.798,0.92461,0.92467,1.00,1.00
2014.01.28 06:03:22.303,0.92461,0.92472,1.00,1.00
2014.01.28 06:03:24.020,0.92464,0.92472,1.00,1.00
2014.01.28 06:03:26.322,0.92461,0.92472,1.00,1.00
2014.01.28 06:03:28.412,0.92463,0.92472,1.00,1.00
2014.01.28 06:03:31.178,0.92463,0.92467,1.00,1.00
2014.01.28 06:03:32.262,0.92461,0.92467,1.00,1.00
2014.01.28 06:03:36.237,0.92461,0.92472,1.00,1.00
2014.01.28 06:03:41.329,0.92461,0.92467,1.00,1.00
2014.01.28 06:03:46.025,0.92458,0.92467,1.13,1.00
2014.01.28 06:03:46.797,0.92453,0.92462,3.23,1.00
2014.01.28 06:03:47.398,0.92453,0.92462,2.48,1.00
2014.01.28 06:03:58.496,0.92454,0.92467,1.00,2.25
2014.01.28 06:03:59.341,0.92454,0.92462,1.00,1.00
2014.01.28 06:03:59.452,0.92452,0.92467,1.00,1.50
2014.01.28 06:03:59.503,0.92452,0.92467,1.13,1.00
2014.01.28 06:04:04.391,0.9245,0.92462,1.88,1.00
2014.01.28 06:04:06.659,0.92451,0.92462,1.00,1.00
2014.01.28 06:04:07.175,0.92452,0.92462,1.00,1.00
2014.01.28 06:04:09.223,0.92454,0.92462,1.00,1.00
2014.01.28 06:04:09.332,0.92452,0.92462,1.13,1.00
2014.01.28 06:04:11.303,0.92453,0.92467,1.00,1.00
2014.01.28 06:04:11.505,0.92455,0.92467,1.00,1.00
2014.01.28 06:04:11.657,0.92455,0.92472,1.13,1.75
2014.01.28 06:04:15.037,0.92455,0.92467,1.13,1.00
2014.01.28 06:04:15.625,0.92455,0.92467,1.50,1.00
2014.01.28 06:04:35.721,0.92454,0.92467,1.13,1.00
2014.01.28 06:04:46.169,0.92454,0.92462,1.13,1.00
2014.01.28 06:04:47.058,0.92454,0.92467,1.88,1.00
2014.01.28 06:04:48.365,0.92456,0.92467,1.00,1.00
2014.01.28 06:04:48.415,0.92456,0.92471,1.38,1.00
2014.01.28 06:04:48.961,0.92458,0.92472,2.10,1.00
2014.01.28 06:04:49.213,0.9246,0.92472,1.00,1.00
2014.01.28 06:04:49.327,0.92458,0.92472,2.85,1.00
2014.01.28 06:04:51.190,0.92459,0.92472,1.00,1.00
2014.01.28 06:04:53.869,0.92459,0.92476,1.00,1.38
2014.01.28 06:04:54.470,0.92459,0.92476,1.13,1.13
2014.01.28 06:04:59.355,0.9246,0.92476,1.00,1.13
2014.01.28 06:04:59.896,0.92461,0.92476,1.00,1.38
2014.01.28 06:05:00.445,0.92459,0.92475,1.00,1.13
2014.01.28 06:05:00.651,0.92461,0.92475,1.00,1.13
2014.01.28 06:05:02.436,0.92459,0.92475,1.00,1.13
2014.01.28 06:05:05.712,0.9246,0.92476,1.00,1.38
2014.01.28 06:05:06.401,0.92459,0.92475,1.50,1.13
2014.01.28 06:05:06.992,0.92459,0.92475,1.50,1.38
2014.01.28 06:05:07.519,0.92458,0.92474,1.00,1.05
2014.01.28 06:05:07.728,0.92458,0.92471,1.00,2.78
2014.01.28 06:05:07.879,0.92455,0.9247,1.00,2.48
2014.01.28 06:05:08.031,0.92453,0.9247,1.88,2.48
2014.01.28 06:05:09.487,0.92453,0.92469,1.88,2.10
2014.01.28 06:05:10.095,0.92453,0.92468,1.88,2.10
2014.01.28 06:05:10.485,0.92453,0.92466,1.13,2.10
2014.01.28 06:05:16.055,0.92453,0.92467,1.13,2.78
2014.01.28 06:05:17.486,0.92453,0.92466,1.13,2.10
2014.01.28 06:05:18.561,0.92452,0.92466,1.00,2.10
2014.01.28 06:05:20.638,0.92452,0.92467,1.00,3.53
2014.01.28 06:05:21.231,0.9245,0.92467,1.38,3.60
2014.01.28 06:05:21.919,0.9245,0.92462,1.38,1.00
2014.01.28 06:05:22.121,0.92452,0.92467,1.00,3.98
2014.01.28 06:05:22.876,0.92453,0.92467,1.00,3.98
2014.01.28 06:05:23.409,0.92452,0.92467,1.00,4.73
2014.01.28 06:05:24.166,0.92452,0.92467,1.00,4.35
2014.01.28 06:05:24.674,0.9245,0.92467,1.88,4.35
2014.01.28 06:05:27.967,0.9245,0.92467,1.88,5.03
2014.01.28 06:05:28.637,0.9245,0.92463,1.88,2.10
2014.01.28 06:05:30.589,0.9245,0.92464,1.88,2.10
2014.01.28 06:05:32.042,0.9245,0.92466,1.88,2.10
2014.01.28 06:05:32.641,0.9245,0.92462,1.88,1.00
2014.01.28 06:05:32.944,0.92447,0.92457,1.35,1.00
2014.01.28 06:05:34.617,0.92448,0.92457,1.00,1.00
2014.01.28 06:05:39.640,0.92448,0.92462,1.50,1.88
2014.01.28 06:05:40.408,0.92448,0.92457,1.00,1.00
2014.01.28 06:05:41.130,0.92445,0.92457,1.98,1.00
2014.01.28 06:05:41.840,0.92448,0.92461,1.00,1.38
2014.01.28 06:05:42.360,0.92448,0.92461,1.00,1.00
2014.01.28 06:06:00.110,0.92453,0.92461,1.00,1.00
2014.01.28 06:06:10.911,0.92448,0.92461,1.73,1.00
2014.01.28 06:06:13.467,0.92448,0.9246,1.13,2.10
2014.01.28 06:06:14.160,0.92448,0.92461,1.13,1.00
2014.01.28 06:06:15.335,0.92448,0.92461,1.38,1.00
2014.01.28 06:06:16.367,0.92448,0.92458,1.38,1.00
2014.01.28 06:06:16.669,0.92458,0.92469,1.73,1.00
2014.01.28 06:06:16.720,0.92458,0.92472,1.73,1.13
2014.01.28 06:06:17.111,0.92463,0.92474,1.00,1.00
2014.01.28 06:06:17.212,0.9246,0.92472,1.00,1.00
2014.01.28 06:06:17.620,0.92463,0.92475,1.35,1.13
2014.01.28 06:06:20.841,0.92463,0.92478,1.50,1.13
2014.01.28 06:06:22.828,0.92465,0.92479,1.00,2.85
2014.01.28 06:06:23.133,0.92466,0.92477,1.00,1.00
2014.01.28 06:06:23.284,0.92464,0.92477,1.00,1.00
2014.01.28 06:06:23.486,0.92463,0.92475,1.13,1.00
2014.01.28 06:06:29.113,0.92464,0.92477,1.50,1.00
2014.01.28 06:06:29.873,0.92463,0.92475,1.75,1.00
2014.01.28 06:06:30.994,0.92463,0.92475,1.13,1.00
2014.01.28 06:06:33.687,0.92461,0.92472,1.50,1.00
2014.01.28 06:06:33.738,0.92461,0.92472,1.00,1.00
2014.01.28 06:06:33.848,0.92459,0.92472,1.13,1.00
2014.01.28 06:06:34.263,0.92463,0.92472,1.00,1.00
2014.01.28 06:06:36.006,0.92459,0.92472,1.38,1.50
2014.01.28 06:06:40.855,0.92458,0.92472,2.25,1.50
2014.01.28 06:06:43.398,0.92463,0.92472,1.00,1.00
2014.01.28 06:06:47.285,0.92463,0.92474,1.00,1.00
2014.01.28 06:06:47.844,0.92463,0.92473,1.00,1.00
2014.01.28 06:06:48.458,0.92459,0.92472,1.50,1.00
2014.01.28 06:06:48.861,0.92463,0.92471,1.00,1.00
2014.01.28 06:06:48.912,0.92463,0.92474,1.00,1.00
2014.01.28 06:07:10.329,0.92463,0.92475,1.00,1.00
2014.01.28 06:07:10.480,0.92463,0.92473,1.00,1.00
2014.01.28 06:07:16.739,0.92459,0.92472,2.48,1.00
2014.01.28 06:07:17.251,0.92459,0.92472,2.48,1.00
2014.01.28 06:07:22.050,0.92463,0.92473,1.00,1.43
2014.01.28 06:07:22.802,0.92463,0.92471,1.00,1.00
2014.01.28 06:07:24.139,0.92463,0.92473,1.00,1.00
2014.01.28 06:07:25.414,0.92463,0.92472,1.00,2.10
2014.01.28 06:07:26.177,0.92463,0.92473,1.00,2.85
2014.01.28 06:07:30.270,0.92463,0.92475,1.00,1.00
2014.01.28 06:07:35.530,0.92463,0.92477,1.00,1.00
2014.01.28 06:07:35.580,0.92468,0.92478,1.00,2.85
2014.01.28 06:07:36.683,0.92463,0.92477,1.00,1.00
2014.01.28 06:07:37.444,0.92462,0.92472,1.00,1.00
2014.01.28 06:07:37.646,0.92462,0.92475,1.00,2.10
2014.01.28 06:07:37.747,0.92459,0.92473,1.50,1.00
2014.01.28 06:07:37.841,0.9246,0.92475,1.13,2.10
2014.01.28 06:07:38.864,0.9246,0.92476,1.13,1.00
2014.01.28 06:07:44.550,0.9246,0.92475,1.00,1.00
2014.01.28 06:07:44.601,0.9246,0.92472,1.00,1.00
2014.01.28 06:07:44.854,0.9246,0.92474,1.00,3.90
2014.01.28 06:07:45.006,0.9246,0.92473,1.00,1.38
2014.01.28 06:07:45.524,0.92459,0.92472,1.00,3.60
2014.01.28 06:07:47.386,0.92456,0.92472,1.00,3.60
2014.01.28 06:07:48.728,0.92456,0.92472,1.00,4.35
2014.01.28 06:07:48.937,0.92454,0.9247,1.35,1.13
2014.01.28 06:07:52.948,0.92454,0.9247,1.35,1.38
2014.01.28 06:07:54.466,0.92454,0.9247,1.35,1.00
2014.01.28 06:07:58.985,0.92454,0.92467,1.35,1.00
2014.01.28 06:07:59.591,0.92458,0.92467,1.00,1.00
2014.01.28 06:07:59.642,0.92458,0.9247,1.50,1.00
2014.01.28 06:07:59.844,0.92458,0.92467,1.00,1.00
2014.01.28 06:08:00.140,0.92456,0.92467,1.00,1.00
2014.01.28 06:08:00.250,0.92454,0.92467,1.50,1.00
2014.01.28 06:08:00.672,0.92458,0.92467,1.00,1.00
2014.01.28 06:08:01.275,0.92454,0.92467,1.13,1.00
2014.01.28 06:08:04.233,0.92458,0.92469,1.00,1.00
2014.01.28 06:08:06.533,0.92458,0.9247,1.00,1.00
2014.01.28 06:08:09.045,0.92458,0.9247,1.60,1.00
2014.01.28 06:08:09.347,0.92459,0.92472,1.35,1.00
2014.01.28 06:08:09.398,0.92458,0.9247,1.00,1.50
2014.01.28 06:08:11.102,0.92458,0.92471,1.00,1.00
2014.01.28 06:08:11.712,0.92458,0.92472,1.00,1.50
2014.01.28 06:08:17.242,0.92463,0.92472,1.00,1.00
2014.01.28 06:08:17.436,0.92458,0.92472,1.50,1.50
2014.01.28 06:08:21.480,0.9246,0.92472,1.00,1.50
2014.01.28 06:08:23.268,0.9246,0.92471,1.00,1.00
2014.01.28 06:08:23.570,0.92456,0.92469,1.00,1.00
2014.01.28 06:08:23.724,0.92458,0.92469,1.00,1.00
2014.01.28 06:08:30.829,0.92454,0.92469,1.00,1.00
2014.01.28 06:08:31.551,0.92453,0.92469,1.50,1.00
2014.01.28 06:08:31.854,0.92453,0.92467,1.00,1.00
2014.01.28 06:09:01.101,0.92453,0.92467,2.10,1.00
2014.01.28 06:09:01.403,0.92458,0.9247,1.00,1.13
2014.01.28 06:09:02.385,0.92457,0.92472,1.13,1.88
2014.01.28 06:09:02.436,0.92458,0.92472,1.00,1.00
2014.01.28 06:09:02.688,0.92463,0.92475,1.00,1.50
2014.01.28 06:09:03.059,0.92463,0.92477,1.13,1.13
2014.01.28 06:09:03.262,0.92468,0.9248,1.00,1.75
2014.01.28 06:09:03.884,0.92466,0.9248,1.00,1.75
2014.01.28 06:09:03.935,0.92466,0.9248,1.13,1.00
2014.01.28 06:09:04.036,0.92468,0.92481,1.00,1.00
2014.01.28 06:09:04.342,0.92473,0.92485,1.00,1.00
2014.01.28 06:09:04.846,0.92472,0.92485,1.00,1.00
2014.01.28 06:09:04.948,0.9247,0.92484,1.00,1.00
2014.01.28 06:09:05.048,0.92468,0.92483,2.78,1.00
2014.01.28 06:09:05.402,0.9247,0.92483,1.00,1.00
2014.01.28 06:09:06.082,0.9247,0.92482,1.00,1.00
2014.01.28 06:09:06.440,0.9247,0.9248,1.00,1.00
2014.01.28 06:09:06.592,0.92464,0.92477,2.10,1.00
2014.01.28 06:09:06.692,0.92466,0.92477,1.00,1.00
2014.01.28 06:09:07.406,0.92466,0.9248,1.00,1.00
2014.01.28 06:09:07.709,0.92466,0.92482,1.50,1.00
2014.01.28 06:09:08.519,0.92467,0.92482,1.00,1.00
2014.01.28 06:09:09.383,0.92468,0.92483,1.00,1.50
2014.01.28 06:09:11.082,0.92467,0.92482,1.00,1.00
2014.01.28 06:09:11.711,0.92468,0.92481,1.00,1.00
2014.01.28 06:09:14.442,0.92467,0.92481,1.00,1.00
2014.01.28 06:09:16.544,0.92468,0.92481,1.00,1.00
2014.01.28 06:09:16.695,0.92468,0.92483,1.00,1.50
2014.01.28 06:09:17.388,0.92469,0.92483,1.00,1.50
2014.01.28 06:09:21.194,0.92469,0.92482,1.00,1.00
2014.01.28 06:09:21.919,0.92466,0.92481,1.00,1.00
2014.01.28 06:09:33.199,0.92466,0.92477,1.00,1.00
2014.01.28 06:09:33.936,0.92465,0.92477,1.00,1.00
2014.01.28 06:09:35.491,0.92465,0.92479,1.00,1.00
2014.01.28 06:09:37.965,0.92466,0.92481,1.00,1.50
2014.01.28 06:09:38.472,0.92466,0.92481,4.58,1.00
2014.01.28 06:09:41.085,0.92468,0.92481,1.00,1.00
2014.01.28 06:09:41.858,0.92468,0.92482,1.50,1.50
2014.01.28 06:09:46.835,0.92468,0.92477,1.50,1.00
2014.01.28 06:09:51.039,0.92468,0.92482,1.50,1.50
2014.01.28 06:09:54.632,0.92468,0.92477,1.00,1.00
2014.01.28 06:10:00.463,0.92468,0.92482,1.50,1.50
2014.01.28 06:10:00.965,0.92468,0.92482,2.10,1.50
2014.01.28 06:10:06.414,0.92473,0.92485,1.00,1.00
2014.01.28 06:10:06.767,0.92473,0.92487,1.35,2.25
2014.01.28 06:10:07.383,0.92473,0.92487,5.25,1.50
2014.01.28 06:10:07.536,0.92478,0.92487,1.00,1.00
2014.01.28 06:10:07.889,0.92475,0.92487,2.48,1.00
2014.01.28 06:10:07.990,0.92477,0.92487,1.00,1.00
2014.01.28 06:10:08.616,0.92478,0.92487,1.00,1.00
2014.01.28 06:10:09.525,0.92475,0.92487,2.85,1.00
2014.01.28 06:10:09.727,0.92478,0.92487,1.00,1.00
2014.01.28 06:10:10.999,0.92475,0.92487,2.85,1.00
2014.01.28 06:10:11.658,0.92475,0.92487,3.83,1.00
2014.01.28 06:10:12.061,0.92478,0.92487,1.00,1.00
2014.01.28 06:10:12.161,0.92479,0.92492,1.00,1.00
2014.01.28 06:10:12.485,0.92479,0.92487,1.00,1.00
2014.01.28 06:10:14.120,0.92477,0.92487,2.48,1.00
2014.01.28 06:10:14.558,0.92481,0.92487,1.00,1.00
2014.01.28 06:10:17.990,0.92481,0.92492,1.00,1.00
2014.01.28 06:10:34.065,0.92482,0.92492,1.00,1.00
2014.01.28 06:10:42.077,0.92481,0.92492,1.50,1.00
2014.01.28 06:10:48.505,0.9248,0.92487,1.00,1.00
2014.01.28 06:10:48.657,0.92478,0.92487,1.00,1.00
2014.01.28 06:10:53.426,0.92478,0.92492,1.13,1.00
2014.01.28 06:10:55.918,0.92479,0.92492,1.00,1.00
2014.01.28 06:10:59.274,0.92479,0.92487,1.00,1.00
2014.01.28 06:11:08.135,0.92478,0.92487,1.00,1.00
2014.01.28 06:11:23.577,0.92476,0.92482,1.00,1.00
2014.01.28 06:11:23.786,0.92473,0.92482,1.38,1.00
2014.01.28 06:11:29.736,0.92473,0.92482,1.00,1.00
2014.01.28 06:11:35.364,0.92472,0.92482,1.00,1.00
2014.01.28 06:11:36.115,0.92471,0.92482,1.00,1.00
2014.01.28 06:11:36.411,0.92471,0.92477,1.00,1.00
2014.01.28 06:11:36.651,0.92464,0.92477,2.85,1.00
2014.01.28 06:11:38.091,0.92464,0.92477,2.10,1.00
2014.01.28 06:11:39.308,0.92464,0.92481,2.10,1.13
2014.01.28 06:11:39.560,0.92466,0.92481,1.00,1.13
2014.01.28 06:11:39.863,0.92468,0.92477,1.00,1.00
2014.01.28 06:11:41.390,0.92468,0.92482,1.00,1.38
2014.01.28 06:11:42.052,0.92468,0.92477,1.00,1.00
2014.01.28 06:11:42.273,0.92468,0.92482,1.00,1.38
2014.01.28 06:11:42.933,0.92468,0.92477,1.00,1.00
2014.01.28 06:11:47.295,0.92467,0.92477,1.00,1.00
2014.01.28 06:11:55.758,0.92469,0.92477,1.00,1.00
2014.01.28 06:12:02.142,0.92468,0.92477,1.00,1.00
2014.01.28 06:12:02.989,0.92466,0.92477,1.13,1.00
2014.01.28 06:12:03.039,0.92466,0.92472,1.13,1.00
2014.01.28 06:12:03.241,0.92463,0.92472,1.00,1.00
2014.01.28 06:12:03.342,0.92461,0.92472,1.13,1.00
2014.01.28 06:12:04.830,0.92459,0.92472,1.00,2.25
2014.01.28 06:12:05.883,0.92457,0.92472,1.00,2.25
2014.01.28 06:12:05.948,0.92455,0.92472,1.88,2.25
2014.01.28 06:12:06.562,0.92457,0.92472,2.10,1.50
2014.01.28 06:12:06.865,0.92465,0.92477,1.00,2.25
2014.01.28 06:12:07.073,0.92463,0.92477,1.00,2.25
2014.01.28 06:12:08.012,0.92463,0.92477,1.00,1.50
2014.01.28 06:12:08.402,0.92465,0.92477,1.00,1.50
2014.01.28 06:12:09.100,0.92465,0.92479,1.60,2.25
2014.01.28 06:12:09.353,0.92466,0.9248,1.35,1.00
2014.01.28 06:12:09.510,0.92466,0.92482,1.35,1.00
2014.01.28 06:12:09.720,0.92469,0.92482,1.00,1.00
2014.01.28 06:12:10.229,0.92469,0.92486,1.35,1.75
2014.01.28 06:12:10.841,0.92478,0.92486,1.00,1.75
2014.01.28 06:12:10.891,0.92478,0.92487,1.00,1.00
2014.01.28 06:12:10.942,0.9248,0.92492,1.00,1.80
2014.01.28 06:12:11.043,0.92478,0.92492,1.50,1.13
2014.01.28 06:12:11.380,0.9248,0.92491,1.00,1.00
2014.01.28 06:12:11.682,0.92474,0.92487,1.38,1.00
2014.01.28 06:12:13.127,0.92478,0.92487,1.00,1.00
2014.01.28 06:12:14.638,0.92476,0.92487,1.00,1.00
2014.01.28 06:12:14.747,0.92474,0.92487,1.50,1.00
2014.01.28 06:12:15.721,0.92474,0.92491,1.50,1.50
2014.01.28 06:12:16.288,0.92478,0.92491,1.00,1.50
2014.01.28 06:12:16.868,0.92474,0.92491,1.50,1.50
2014.01.28 06:12:16.969,0.92478,0.92491,1.00,1.50
2014.01.28 06:12:19.147,0.92478,0.92492,1.50,1.50
2014.01.28 06:12:19.459,0.9248,0.92492,1.00,1.00
2014.01.28 06:12:21.124,0.9248,0.92487,1.00,1.00
2014.01.28 06:12:21.884,0.9248,0.92492,1.00,1.00
2014.01.28 06:12:27.946,0.9248,0.92492,2.48,1.00
2014.01.28 06:12:28.047,0.92483,0.92494,1.00,1.00
2014.01.28 06:12:28.655,0.92483,0.92497,2.10,1.88
2014.01.28 06:12:29.590,0.92483,0.92497,2.10,1.50
2014.01.28 06:12:31.138,0.92485,0.92497,1.00,1.00
2014.01.28 06:12:31.872,0.92485,0.92492,1.00,1.00
2014.01.28 06:12:32.024,0.92482,0.92492,1.73,1.00
2014.01.28 06:12:34.839,0.92483,0.92495,1.35,1.00
2014.01.28 06:12:34.991,0.92483,0.92495,1.73,1.00
2014.01.28 06:12:35.243,0.92484,0.92497,1.13,1.00
2014.01.28 06:12:36.316,0.92483,0.92495,1.35,1.00
2014.01.28 06:12:36.619,0.92483,0.92492,1.35,1.00
2014.01.28 06:12:37.218,0.92481,0.92492,1.00,1.00
2014.01.28 06:12:37.420,0.92479,0.92491,1.00,1.00
2014.01.28 06:12:37.672,0.92479,0.92493,1.13,1.13
2014.01.28 06:12:38.610,0.92477,0.92492,2.48,1.00
2014.01.28 06:12:42.342,0.92483,0.92494,1.00,1.50
2014.01.28 06:12:42.443,0.92483,0.92496,1.00,1.00
2014.01.28 06:12:46.535,0.92482,0.92492,1.00,1.00
2014.01.28 06:12:49.178,0.92483,0.92496,1.00,1.00
2014.01.28 06:12:58.848,0.92482,0.92492,1.00,1.00
2014.01.28 06:12:59.005,0.92483,0.92496,1.00,1.00
2014.01.28 06:12:59.506,0.92484,0.92497,1.00,1.00
2014.01.28 06:13:05.567,0.92488,0.92498,1.00,1.50
2014.01.28 06:13:05.618,0.92488,0.92501,1.50,1.00
2014.01.28 06:13:05.719,0.9249,0.92502,1.00,1.88
2014.01.28 06:13:05.820,0.92488,0.92502,2.25,1.88
2014.01.28 06:13:05.871,0.92491,0.92502,2.85,1.38
2014.01.28 06:13:06.382,0.92493,0.92507,1.50,3.00
2014.01.28 06:13:07.174,0.92493,0.92507,1.50,2.25
2014.01.28 06:13:09.521,0.92493,0.92502,1.00,1.00
2014.01.28 06:13:12.870,0.92491,0.92502,1.00,1.00
2014.01.28 06:13:13.122,0.92487,0.92502,1.20,1.00
2014.01.28 06:13:13.657,0.92486,0.92502,1.00,1.50
2014.01.28 06:13:17.968,0.92486,0.92501,1.00,1.00
2014.01.28 06:13:19.751,0.92486,0.92497,1.00,1.00
2014.01.28 06:13:20.144,0.92484,0.92497,2.25,1.00
2014.01.28 06:13:21.332,0.92484,0.92501,1.50,1.00
2014.01.28 06:13:26.414,0.92486,0.92502,1.00,4.35
2014.01.28 06:13:26.739,0.92488,0.92502,1.00,3.98
2014.01.28 06:13:28.289,0.92488,0.92502,1.00,3.60
2014.01.28 06:13:29.148,0.92488,0.92502,1.00,3.98
2014.01.28 06:13:29.489,0.92486,0.92497,1.00,1.00
2014.01.28 06:13:33.113,0.92485,0.92497,1.00,1.00
2014.01.28 06:13:33.164,0.92485,0.925,1.35,2.48
2014.01.28 06:13:33.366,0.92486,0.92497,1.00,1.00
2014.01.28 06:13:36.626,0.92483,0.92497,1.00,1.00
2014.01.28 06:13:40.391,0.92483,0.92498,1.00,2.48
2014.01.28 06:13:41.022,0.92483,0.92497,1.00,1.00
2014.01.28 06:13:49.640,0.9248,0.92497,1.00,1.50
2014.01.28 06:13:59.456,0.92481,0.92497,1.00,1.00
2014.01.28 06:14:02.534,0.9248,0.92497,1.00,1.00
2014.01.28 06:14:24.366,0.92482,0.92497,1.00,1.00
2014.01.28 06:14:29.572,0.92478,0.92497,3.60,1.50
2014.01.28 06:14:30.550,0.9248,0.92497,1.00,1.50
2014.01.28 06:14:31.390,0.92483,0.92497,1.00,1.50
2014.01.28 06:14:33.116,0.9248,0.92497,1.00,1.50
2014.01.28 06:14:36.013,0.9248,0.92492,1.00,1.00
2014.01.28 06:14:36.691,0.92478,0.92492,1.00,1.88
2014.01.28 06:14:36.793,0.92477,0.92487,1.13,1.00
2014.01.28 06:14:37.872,0.92474,0.92487,2.10,1.00
2014.01.28 06:14:40.685,0.92473,0.92487,1.50,1.00
2014.01.28 06:14:54.216,0.92474,0.92487,1.00,1.00
2014.01.28 06:14:54.766,0.92473,0.92487,1.00,1.00
2014.01.28 06:14:58.347,0.92473,0.92491,1.50,1.80
2014.01.28 06:14:58.729,0.92476,0.92491,1.00,1.00
2014.01.28 06:15:00.068,0.92476,0.92487,1.00,1.00
2014.01.28 06:15:00.471,0.92473,0.92487,1.50,1.00
2014.01.28 06:15:00.623,0.92474,0.9249,1.00,2.10
2014.01.28 06:15:01.127,0.92473,0.92491,1.00,1.00
2014.01.28 06:15:01.430,0.92473,0.92487,1.50,1.00
2014.01.28 06:15:02.345,0.92474,0.92487,1.00,1.00
2014.01.28 06:15:02.852,0.92473,0.92487,1.00,2.25
2014.01.28 06:15:03.913,0.92474,0.92487,1.60,1.50
2014.01.28 06:15:04.115,0.92474,0.92489,1.60,1.00
2014.01.28 06:15:04.664,0.92474,0.92491,2.10,1.88
2014.01.28 06:15:06.371,0.92474,0.92487,2.10,1.00
2014.01.28 06:15:06.738,0.92474,0.92491,2.48,1.50
2014.01.28 06:15:07.062,0.92474,0.92489,1.73,1.00
2014.01.28 06:15:07.365,0.92474,0.92487,1.73,1.00
2014.01.28 06:15:08.018,0.92474,0.9249,1.73,1.00
2014.01.28 06:15:10.411,0.92474,0.9249,1.35,1.00
2014.01.28 06:15:13.277,0.92474,0.92492,2.10,2.55
2014.01.28 06:15:15.368,0.92474,0.92492,2.48,1.88
2014.01.28 06:15:16.177,0.92476,0.92487,1.13,1.00
2014.01.28 06:15:17.576,0.92471,0.92487,3.60,1.00
2014.01.28 06:15:17.627,0.92472,0.92482,1.00,1.00
2014.01.28 06:15:17.728,0.92468,0.92482,3.53,1.00
2014.01.28 06:15:18.266,0.92468,0.92482,1.00,1.00
2014.01.28 06:15:19.041,0.92468,0.92482,1.00,1.38
2014.01.28 06:15:19.344,0.92466,0.92477,1.00,1.00
2014.01.28 06:15:21.673,0.92466,0.92482,1.00,3.00
2014.01.28 06:15:21.825,0.92465,0.92481,1.00,1.73
2014.01.28 06:15:22.129,0.92463,0.92475,1.00,1.00
2014.01.28 06:15:22.431,0.92461,0.92472,1.38,1.00
2014.01.28 06:15:22.683,0.92458,0.92475,2.25,1.88
2014.01.28 06:15:25.531,0.92458,0.92475,2.25,1.00
2014.01.28 06:15:27.602,0.92458,0.92472,1.50,1.00
2014.01.28 06:15:28.828,0.92458,0.92472,1.00,1.38
2014.01.28 06:15:29.179,0.92458,0.92469,1.00,1.00
2014.01.28 06:15:31.480,0.92458,0.92471,1.00,1.88
2014.01.28 06:15:32.572,0.92458,0.92472,1.00,1.00
2014.01.28 06:15:32.824,0.92459,0.92472,2.85,1.00
2014.01.28 06:15:33.227,0.92463,0.92476,1.00,1.38
2014.01.28 06:15:34.002,0.92463,0.92477,1.00,5.48
2014.01.28 06:15:34.199,0.9246,0.92477,1.60,5.03
2014.01.28 06:15:40.889,0.9246,0.92477,1.00,1.88
2014.01.28 06:15:40.939,0.92462,0.92477,1.00,1.88
2014.01.28 06:15:44.498,0.92462,0.92477,1.00,2.25
2014.01.28 06:15:44.601,0.9246,0.92476,1.50,1.00
2014.01.28 06:15:44.702,0.9246,0.92472,1.50,1.00
2014.01.28 06:15:51.383,0.92459,0.92472,1.00,1.00
2014.01.28 06:15:53.647,0.92463,0.92474,1.00,2.10
2014.01.28 06:15:54.152,0.92463,0.92476,1.00,1.00
2014.01.28 06:15:55.105,0.92459,0.92472,1.00,1.00
2014.01.28 06:15:55.613,0.92458,0.92472,1.00,1.50
2014.01.28 06:15:57.271,0.92459,0.92473,1.00,3.23
2014.01.28 06:15:57.473,0.92457,0.92472,1.00,1.00
2014.01.28 06:15:58.176,0.92458,0.92475,1.00,2.25
2014.01.28 06:15:59.298,0.92458,0.92475,1.00,1.88
2014.01.28 06:16:00.685,0.92457,0.92472,1.13,1.00
2014.01.28 06:16:01.254,0.92455,0.92471,1.60,1.00
2014.01.28 06:16:03.290,0.92456,0.92472,1.73,1.00
2014.01.28 06:16:03.640,0.92458,0.92474,1.00,1.00
2014.01.28 06:16:05.114,0.92458,0.92475,1.50,1.88
2014.01.28 06:16:05.552,0.92459,0.92472,1.00,1.00
2014.01.28 06:16:08.016,0.92457,0.92472,1.00,1.00
2014.01.28 06:16:08.327,0.92457,0.92469,1.00,1.00
2014.01.28 06:16:08.633,0.92455,0.92467,1.00,1.00
2014.01.28 06:16:09.196,0.92454,0.92467,1.00,1.50
2014.01.28 06:16:11.616,0.92457,0.92467,1.00,1.00
2014.01.28 06:16:12.088,0.92454,0.92465,1.00,1.00
2014.01.28 06:16:12.212,0.92451,0.92462,1.50,1.00
2014.01.28 06:16:12.263,0.92451,0.92462,1.00,1.00
2014.01.28 06:16:12.414,0.92448,0.9246,1.73,1.00
2014.01.28 06:16:12.465,0.92448,0.92457,1.30,1.00
2014.01.28 06:16:17.452,0.92448,0.92465,2.48,1.13
2014.01.28 06:16:18.068,0.92448,0.92462,2.48,1.00
2014.01.28 06:16:18.563,0.92452,0.92462,1.00,1.00
2014.01.28 06:16:19.205,0.92448,0.92462,1.73,1.00
2014.01.28 06:16:23.788,0.92448,0.92457,1.73,1.00
2014.01.28 06:16:24.049,0.92448,0.92462,2.48,1.00
2014.01.28 06:16:27.375,0.92448,0.92457,1.30,1.00
2014.01.28 06:16:30.164,0.92445,0.92457,3.53,1.00
2014.01.28 06:16:30.669,0.92445,0.92457,3.90,1.00
2014.01.28 06:16:31.199,0.92445,0.92457,3.90,1.00
2014.01.28 06:16:37.177,0.92445,0.92457,3.90,1.00
2014.01.28 06:16:39.854,0.92446,0.92457,1.88,1.00
2014.01.28 06:16:45.108,0.92446,0.92457,1.88,1.00
2014.01.28 06:16:50.059,0.92446,0.92457,2.48,1.00
2014.01.28 06:16:50.160,0.92447,0.92462,1.05,1.00
2014.01.28 06:16:50.311,0.9245,0.92462,1.00,1.00
2014.01.28 06:16:50.828,0.92451,0.92462,2.70,1.00
2014.01.28 06:16:51.463,0.92452,0.92462,1.00,1.00
2014.01.28 06:17:01.723,0.92452,0.92462,1.38,1.00
2014.01.28 06:17:05.407,0.92453,0.92467,1.13,1.00
2014.01.28 06:17:09.294,0.92454,0.92467,1.00,1.00
2014.01.28 06:17:10.349,0.92455,0.92467,1.00,1.00
2014.01.28 06:17:28.292,0.92456,0.92467,1.00,1.00
2014.01.28 06:17:28.494,0.92456,0.92467,3.90,1.00
2014.01.28 06:17:28.653,0.92459,0.92472,1.60,1.00
2014.01.28 06:17:29.596,0.92463,0.92475,1.00,1.38
2014.01.28 06:17:29.647,0.92463,0.92475,1.00,1.00
2014.01.28 06:17:30.925,0.92463,0.92476,1.00,1.00
2014.01.28 06:17:32.505,0.92463,0.92477,1.00,2.25
2014.01.28 06:17:38.369,0.92463,0.92477,1.60,1.00
2014.01.28 06:17:38.419,0.92468,0.92479,1.00,1.00
2014.01.28 06:17:38.671,0.92468,0.92481,1.00,1.13
2014.01.28 06:17:42.738,0.92468,0.92484,1.00,1.50
2014.01.28 06:17:43.943,0.92467,0.92477,1.00,1.00
2014.01.28 06:17:44.357,0.92464,0.92477,2.48,1.00
2014.01.28 06:17:58.755,0.92464,0.92476,1.35,1.00
2014.01.28 06:18:08.056,0.92464,0.92476,1.60,1.00
2014.01.28 06:18:08.593,0.92465,0.92477,1.30,1.00
2014.01.28 06:18:09.144,0.92464,0.92477,2.48,1.00
2014.01.28 06:18:15.354,0.92464,0.92481,4.58,1.00
2014.01.28 06:18:15.406,0.92465,0.92481,1.35,1.00
2014.01.28 06:18:15.910,0.92467,0.92482,1.73,1.50
2014.01.28 06:18:16.437,0.92467,0.92482,1.73,1.50
2014.01.28 06:18:19.004,0.92467,0.92482,1.73,1.50
2014.01.28 06:18:21.552,0.92467,0.92477,1.35,1.00
2014.01.28 06:18:21.965,0.92464,0.92477,1.73,1.00
2014.01.28 06:18:23.632,0.92464,0.92477,1.98,1.00
2014.01.28 06:18:24.320,0.92466,0.92477,1.38,1.00
2014.01.28 06:18:24.635,0.92466,0.92482,1.73,2.25
2014.01.28 06:18:25.246,0.92466,0.92482,1.73,2.25
2014.01.28 06:18:30.599,0.92467,0.92482,1.00,1.50
2014.01.28 06:18:31.754,0.92468,0.92482,1.00,1.50
2014.01.28 06:18:35.885,0.92471,0.92482,3.53,1.00
2014.01.28 06:18:36.188,0.92479,0.92491,1.73,1.00
2014.01.28 06:18:36.269,0.92481,0.92492,1.00,1.00
2014.01.28 06:18:36.572,0.92484,0.92492,1.00,1.00
2014.01.28 06:18:36.623,0.92488,0.92498,1.00,1.00
2014.01.28 06:18:36.775,0.92489,0.92502,1.00,1.38
2014.01.28 06:18:36.876,0.9249,0.92497,1.00,1.00
2014.01.28 06:18:37.035,0.92488,0.92497,2.10,1.00
2014.01.28 06:18:37.136,0.92486,0.92497,2.85,1.00
2014.01.28 06:18:37.187,0.92491,0.92497,1.00,1.00
2014.01.28 06:18:37.288,0.92487,0.92497,1.00,1.00
2014.01.28 06:18:37.364,0.92489,0.92497,1.00,1.00
2014.01.28 06:18:42.094,0.9249,0.92497,1.00,1.00
2014.01.28 06:18:44.845,0.92488,0.92497,1.00,1.00
2014.01.28 06:18:45.098,0.9249,0.92497,1.00,1.00
2014.01.28 06:18:45.402,0.92486,0.92492,2.85,1.00
2014.01.28 06:18:45.655,0.92488,0.92498,1.13,1.00
2014.01.28 06:18:45.747,0.9249,0.92502,1.00,1.38
2014.01.28 06:18:46.269,0.92491,0.92502,1.00,1.38
2014.01.28 06:18:46.320,0.92491,0.92497,1.00,1.00
2014.01.28 06:18:46.622,0.92487,0.92497,1.00,1.00
2014.01.28 06:18:46.774,0.92487,0.92502,1.00,1.50
2014.01.28 06:18:47.397,0.92488,0.92502,1.00,1.00
2014.01.28 06:18:50.255,0.92488,0.92497,1.00,1.00
2014.01.28 06:18:51.335,0.92487,0.92497,1.00,1.00
2014.01.28 06:18:56.086,0.92487,0.92499,1.00,1.00
2014.01.28 06:18:56.339,0.92488,0.92502,1.00,1.50
2014.01.28 06:18:56.440,0.9249,0.92502,1.00,1.50
2014.01.28 06:18:57.650,0.92487,0.92502,1.50,1.00
2014.01.28 06:19:05.543,0.92488,0.92502,1.00,1.00
2014.01.28 06:19:05.745,0.9249,0.92502,1.00,1.00
2014.01.28 06:19:06.098,0.92487,0.92502,1.50,1.00
2014.01.28 06:19:06.650,0.9249,0.92502,1.00,1.00
2014.01.28 06:19:07.204,0.92491,0.92502,1.00,1.00
2014.01.28 06:19:13.253,0.92494,0.92502,1.00,1.00
2014.01.28 06:19:13.375,0.92491,0.92502,1.00,1.00
2014.01.28 06:19:13.444,0.92493,0.92502,1.00,1.00
2014.01.28 06:19:18.404,0.9249,0.92502,1.00,1.00
2014.01.28 06:19:26.584,0.92494,0.92502,1.00,1.00
2014.01.28 06:19:27.484,0.92494,0.92507,1.00,1.00
2014.01.28 06:19:34.384,0.92495,0.92507,1.00,1.00
2014.01.28 06:19:34.986,0.92496,0.92507,1.00,1.00
2014.01.28 06:19:37.584,0.92496,0.92502,1.00,1.00
2014.01.28 06:19:40.223,0.92496,0.92507,1.00,1.00
2014.01.28 06:19:43.260,0.92498,0.92507,1.00,1.00
2014.01.28 06:19:44.161,0.92499,0.92507,1.00,1.00
2014.01.28 06:19:44.665,0.92498,0.92507,1.00,1.00
2014.01.28 06:19:51.923,0.92498,0.92502,1.00,1.00
2014.01.28 06:19:53.094,0.92498,0.92507,1.00,1.00
2014.01.28 06:19:55.015,0.92498,0.92502,1.00,1.00
2014.01.28 06:19:55.318,0.92494,0.92506,1.00,1.00
2014.01.28 06:19:55.488,0.92489,0.92497,2.48,1.00
2014.01.28 06:19:59.032,0.92489,0.92502,2.10,1.00
2014.01.28 06:20:14.115,0.92489,0.92497,2.10,1.00
2014.01.28 06:20:14.518,0.92491,0.92497,1.00,1.00
2014.01.28 06:20:15.318,0.92491,0.92497,1.60,1.00
2014.01.28 06:20:15.469,0.92491,0.92502,1.60,1.00
2014.01.28 06:20:15.815,0.92495,0.92502,1.00,1.00
2014.01.28 06:20:17.486,0.92493,0.92502,1.00,1.00
2014.01.28 06:20:17.991,0.92491,0.92502,1.00,1.00
2014.01.28 06:20:18.042,0.92489,0.92502,1.50,1.00
2014.01.28 06:20:18.092,0.92485,0.92494,2.40,1.00
2014.01.28 06:20:18.193,0.92489,0.92497,1.00,1.00
2014.01.28 06:20:18.299,0.92487,0.92497,1.00,1.00
2014.01.28 06:20:18.353,0.92485,0.92497,1.00,1.50
2014.01.28 06:20:18.404,0.92485,0.92497,1.00,1.88
2014.01.28 06:20:18.940,0.92485,0.92497,1.00,1.88
2014.01.28 06:20:19.907,0.92488,0.92497,1.00,1.50
2014.01.28 06:20:20.822,0.92488,0.92497,1.00,1.00
2014.01.28 06:20:21.466,0.92486,0.92497,1.00,1.00
2014.01.28 06:20:21.644,0.92483,0.92497,1.60,1.00
2014.01.28 06:20:23.564,0.92483,0.92497,2.85,1.00
2014.01.28 06:20:35.945,0.92486,0.92497,1.00,1.00
2014.01.28 06:20:36.620,0.92484,0.92497,3.45,1.00
2014.01.28 06:20:36.721,0.92486,0.92502,1.00,1.00
2014.01.28 06:20:36.923,0.92489,0.92502,1.35,1.00
2014.01.28 06:20:37.690,0.92489,0.92497,1.35,1.00
2014.01.28 06:20:41.659,0.92489,0.92502,1.00,1.00
2014.01.28 06:20:44.918,0.9249,0.92502,1.00,1.00
2014.01.28 06:20:45.457,0.92491,0.92502,2.10,1.00
2014.01.28 06:20:46.686,0.9249,0.92502,1.43,1.00
2014.01.28 06:20:47.273,0.92489,0.92502,1.00,1.00
2014.01.28 06:20:56.052,0.92489,0.92506,1.00,1.13
2014.01.28 06:21:02.651,0.92489,0.92502,1.00,1.00
2014.01.28 06:21:03.566,0.92489,0.92506,1.50,1.13
2014.01.28 06:21:03.769,0.92491,0.92507,1.00,1.00
2014.01.28 06:21:06.046,0.9249,0.92506,1.00,1.50
2014.01.28 06:21:06.579,0.92489,0.92506,1.73,1.50
2014.01.28 06:21:07.429,0.92489,0.92506,1.00,1.88
2014.01.28 06:21:07.935,0.92488,0.92502,1.00,1.50
2014.01.28 06:21:08.569,0.92488,0.92502,1.00,1.88
2014.01.28 06:21:14.532,0.92488,0.92497,1.00,1.00
2014.01.28 06:21:17.103,0.92488,0.92502,1.00,2.25
2014.01.28 06:21:18.435,0.92488,0.92502,1.00,1.88
2014.01.28 06:21:20.802,0.92488,0.92497,1.00,1.00
2014.01.28 06:21:21.574,0.92488,0.92502,1.00,1.88
2014.01.28 06:21:23.883,0.92488,0.92497,1.00,1.00
2014.01.28 06:21:26.346,0.92488,0.92502,1.00,1.88
2014.01.28 06:21:29.615,0.92488,0.92497,1.00,1.00
2014.01.28 06:21:38.875,0.9249,0.92497,1.00,1.00
2014.01.28 06:21:39.552,0.9249,0.92502,1.00,1.00
2014.01.28 06:21:42.932,0.92486,0.92502,2.85,1.00
2014.01.28 06:21:43.186,0.92488,0.92502,1.00,1.00
2014.01.28 06:21:44.429,0.9249,0.92504,1.00,1.00
2014.01.28 06:21:44.631,0.92491,0.92507,1.00,1.38
2014.01.28 06:21:44.935,0.92494,0.92507,1.00,1.38
2014.01.28 06:21:47.032,0.92494,0.92507,1.00,1.00
2014.01.28 06:21:47.301,0.92494,0.92509,1.00,1.88
2014.01.28 06:21:47.920,0.92496,0.9251,1.00,1.38
2014.01.28 06:21:48.447,0.92495,0.92511,1.00,1.38
2014.01.28 06:21:50.763,0.92495,0.92507,1.00,1.00
2014.01.28 06:21:54.293,0.92495,0.92511,1.00,1.00
2014.01.28 06:21:56.983,0.92495,0.9251,1.00,3.15
2014.01.28 06:21:57.085,0.92495,0.92507,1.00,1.00
2014.01.28 06:21:57.365,0.92488,0.92502,1.35,1.00
2014.01.28 06:21:57.467,0.9249,0.92502,1.00,1.00
2014.01.28 06:21:57.569,0.92488,0.92502,1.35,1.00
2014.01.28 06:21:57.922,0.9249,0.92502,1.00,1.00
2014.01.28 06:22:03.900,0.9249,0.92497,1.00,1.00
2014.01.28 06:22:03.951,0.92488,0.92497,1.00,1.00
2014.01.28 06:22:30.530,0.92488,0.92502,1.00,1.00
2014.01.28 06:22:45.426,0.92488,0.92505,1.50,1.38
2014.01.28 06:22:45.527,0.9249,0.92505,1.00,1.00
2014.01.28 06:22:46.039,0.9249,0.92506,1.50,1.00
2014.01.28 06:22:47.371,0.9249,0.92502,1.50,1.00
2014.01.28 06:22:58.434,0.92491,0.92502,1.00,1.00
2014.01.28 06:22:58.636,0.92495,0.92507,1.00,3.98
2014.01.28 06:22:58.737,0.92495,0.92502,1.00,1.00
2014.01.28 06:22:58.838,0.92491,0.92502,1.00,1.00
2014.01.28 06:23:03.113,0.92491,0.92505,1.00,1.00
2014.01.28 06:23:03.164,0.92496,0.92505,1.00,1.00
2014.01.28 06:23:03.342,0.92496,0.92507,1.00,1.50
2014.01.28 06:23:03.645,0.92494,0.92507,1.00,1.80
2014.01.28 06:23:03.910,0.92491,0.92502,1.00,1.00
2014.01.28 06:23:06.970,0.92495,0.92502,1.00,1.00
2014.01.28 06:23:07.172,0.92491,0.92502,1.50,1.00
2014.01.28 06:23:07.223,0.92494,0.92502,1.00,1.00
2014.01.28 06:23:07.433,0.92491,0.92502,1.00,1.00
2014.01.28 06:23:16.441,0.92491,0.92505,1.00,1.00
2014.01.28 06:23:16.492,0.92495,0.92505,1.00,1.00
2014.01.28 06:23:17.042,0.92495,0.92506,1.00,2.48
2014.01.28 06:23:23.112,0.92495,0.92502,1.00,1.00
2014.01.28 06:23:23.163,0.92491,0.92502,1.50,1.00
2014.01.28 06:23:38.480,0.92494,0.92502,1.00,1.00
2014.01.28 06:23:41.096,0.92495,0.92502,1.00,1.00
2014.01.28 06:23:44.282,0.92496,0.92502,1.00,1.00
2014.01.28 06:23:44.714,0.92494,0.92502,1.00,1.00
2014.01.28 06:23:46.323,0.92495,0.92502,1.00,1.00
2014.01.28 06:23:46.475,0.92496,0.92507,1.00,1.00
2014.01.28 06:23:47.019,0.92497,0.92507,1.00,1.00
2014.01.28 06:23:47.796,0.92497,0.92507,1.00,1.38
2014.01.28 06:23:47.898,0.92496,0.92502,1.00,1.00
2014.01.28 06:23:47.948,0.92493,0.92502,1.00,1.00
2014.01.28 06:23:48.712,0.92494,0.92502,1.00,1.00
2014.01.28 06:23:50.413,0.92496,0.92502,1.00,1.00
2014.01.28 06:23:56.597,0.92495,0.92502,1.00,1.00
2014.01.28 06:23:57.120,0.92494,0.92502,1.00,1.00
2014.01.28 06:23:59.498,0.92496,0.92502,1.00,1.00
2014.01.28 06:24:00.938,0.92495,0.92502,1.00,1.00
2014.01.28 06:24:00.988,0.92492,0.92502,1.35,1.00
2014.01.28 06:24:01.089,0.92495,0.92502,1.00,1.00
2014.01.28 06:24:01.867,0.92496,0.92502,1.00,1.00
2014.01.28 06:24:04.340,0.92495,0.92502,1.00,1.00
2014.01.28 06:24:04.541,0.92493,0.92502,1.50,1.00
2014.01.28 06:24:04.743,0.92492,0.92497,1.00,1.00
2014.01.28 06:24:05.420,0.92491,0.92497,1.00,1.00
2014.01.28 06:24:05.723,0.92487,0.92492,1.00,1.00
2014.01.28 06:24:06.262,0.92486,0.92492,1.00,1.00
2014.01.28 06:24:06.745,0.92488,0.92492,1.00,1.00
2014.01.28 06:24:06.917,0.92488,0.92497,1.00,1.00
2014.01.28 06:24:07.368,0.9249,0.92497,1.00,1.00
2014.01.28 06:24:07.520,0.9249,0.92502,1.00,3.60
2014.01.28 06:24:10.774,0.9249,0.92497,1.00,1.00
2014.01.28 06:24:10.876,0.92487,0.92497,1.00,1.00
2014.01.28 06:24:11.911,0.92482,0.92497,1.35,1.50
2014.01.28 06:24:24.139,0.9248,0.92497,1.98,1.50
2014.01.28 06:24:24.643,0.92483,0.92498,1.50,1.00
2014.01.28 06:24:29.583,0.92482,0.92497,4.20,1.00
2014.01.28 06:24:30.137,0.92483,0.92498,1.50,1.00
2014.01.28 06:24:32.341,0.92483,0.92497,1.50,1.00
2014.01.28 06:24:32.873,0.92483,0.92497,1.13,1.00
2014.01.28 06:24:43.420,0.92483,0.92497,1.38,1.00
2014.01.28 06:24:44.063,0.92483,0.92498,1.38,1.00
2014.01.28 06:24:48.848,0.92484,0.92498,1.38,1.00
2014.01.28 06:24:50.227,0.92485,0.92498,1.60,1.00
2014.01.28 06:24:50.769,0.92488,0.92499,1.88,1.00
2014.01.28 06:24:50.820,0.92488,0.92501,1.88,1.00
2014.01.28 06:24:52.538,0.92489,0.92501,2.48,1.00
2014.01.28 06:24:54.965,0.92488,0.92501,2.48,1.00
2014.01.28 06:24:55.368,0.92488,0.92499,1.35,1.00
2014.01.28 06:24:55.884,0.92488,0.92498,1.35,1.00
2014.01.28 06:25:00.757,0.92488,0.92501,1.35,1.00
2014.01.28 06:25:01.415,0.92488,0.92502,2.10,2.25
2014.01.28 06:25:18.656,0.92488,0.92501,1.35,1.00
2014.01.28 06:25:20.254,0.92488,0.92499,1.00,2.85
2014.01.28 06:25:20.305,0.92486,0.92499,1.13,3.23
2014.01.28 06:25:20.407,0.92483,0.92497,1.50,1.00
2014.01.28 06:25:22.534,0.92483,0.92497,1.00,1.50
2014.01.28 06:25:24.217,0.92484,0.92497,1.00,1.00
2014.01.28 06:25:24.722,0.92483,0.92497,1.00,3.60
2014.01.28 06:25:24.904,0.92481,0.92492,1.30,1.00
2014.01.28 06:25:26.424,0.9248,0.92492,2.10,1.00
2014.01.28 06:25:30.973,0.92476,0.92492,2.25,1.00
2014.01.28 06:25:31.492,0.92478,0.92492,1.38,1.88
2014.01.28 06:25:31.852,0.92473,0.92487,2.25,1.00
2014.01.28 06:25:33.128,0.92473,0.92487,2.25,1.00
2014.01.28 06:25:33.179,0.92476,0.92491,1.13,2.10
2014.01.28 06:25:33.759,0.92476,0.92492,1.13,2.55
2014.01.28 06:25:38.540,0.92478,0.92492,1.00,1.88
2014.01.28 06:25:38.692,0.92475,0.92492,1.00,1.88
2014.01.28 06:25:38.843,0.92474,0.92491,1.13,1.38
2014.01.28 06:25:39.146,0.92472,0.92487,1.38,1.00
2014.01.28 06:25:41.339,0.92472,0.92487,1.13,1.00
2014.01.28 06:25:41.935,0.92472,0.92487,1.50,1.00
2014.01.28 06:25:42.458,0.92472,0.92487,1.13,1.00
2014.01.28 06:25:44.372,0.92472,0.92482,1.13,1.00
2014.01.28 06:25:44.524,0.9247,0.92482,1.88,1.00
2014.01.28 06:25:46.647,0.92468,0.92482,2.85,1.00
2014.01.28 06:25:47.945,0.92468,0.92482,3.23,1.00
2014.01.28 06:25:48.267,0.92471,0.92487,1.38,2.25
2014.01.28 06:25:49.311,0.92471,0.92487,1.88,2.25
2014.01.28 06:25:49.596,0.92475,0.92491,1.00,1.13
2014.01.28 06:25:49.664,0.92475,0.92489,1.00,1.00
2014.01.28 06:25:51.670,0.92474,0.92488,1.88,1.00
2014.01.28 06:25:52.089,0.92472,0.92487,1.13,1.00
2014.01.28 06:25:53.956,0.92474,0.92487,1.00,1.00
2014.01.28 06:25:54.845,0.92473,0.92487,1.50,1.00
2014.01.28 06:25:55.467,0.92474,0.92487,1.00,1.00
2014.01.28 06:25:58.483,0.92476,0.92487,1.00,1.00
2014.01.28 06:26:06.419,0.92478,0.92492,1.00,1.50
2014.01.28 06:26:06.671,0.92478,0.92487,1.00,1.00
2014.01.28 06:26:07.206,0.92477,0.92487,1.00,1.00
2014.01.28 06:26:07.736,0.9248,0.92487,1.00,1.00
2014.01.28 06:26:07.837,0.92478,0.92492,1.50,1.88
2014.01.28 06:26:07.938,0.92481,0.92492,1.00,1.13
2014.01.28 06:26:08.241,0.92481,0.92487,1.00,1.00
2014.01.28 06:26:08.392,0.92477,0.92487,1.00,1.00
2014.01.28 06:26:12.891,0.92478,0.92492,1.00,1.00
2014.01.28 06:26:13.227,0.92477,0.92487,1.00,1.00
2014.01.28 06:26:20.811,0.92478,0.92492,1.00,1.50
2014.01.28 06:26:21.037,0.92477,0.92487,1.00,1.00
2014.01.28 06:26:23.080,0.92477,0.92487,1.60,1.00
2014.01.28 06:26:23.130,0.92478,0.92492,1.35,1.00
2014.01.28 06:26:23.232,0.92482,0.92492,1.00,1.00
2014.01.28 06:26:28.309,0.92483,0.92492,1.00,1.00
2014.01.28 06:26:59.352,0.92483,0.92497,1.50,3.98
2014.01.28 06:27:01.170,0.92483,0.92492,1.00,1.00
2014.01.28 06:27:01.382,0.92479,0.92492,1.60,1.00
2014.01.28 06:27:21.109,0.92479,0.92492,1.00,1.00
2014.01.28 06:27:43.229,0.92479,0.92487,1.00,1.00
2014.01.28 06:27:43.293,0.92476,0.92487,2.10,1.00
2014.01.28 06:27:43.810,0.92478,0.92487,1.00,1.00
2014.01.28 06:27:46.505,0.9248,0.92487,1.00,1.00
2014.01.28 06:27:48.241,0.92476,0.92487,1.50,1.00
2014.01.28 06:27:53.521,0.92478,0.92487,1.00,1.00
2014.01.28 06:27:59.082,0.92478,0.92482,1.00,1.00
2014.01.28 06:27:59.184,0.92478,0.92487,1.00,1.00
2014.01.28 06:27:59.385,0.92475,0.92487,1.00,1.50
2014.01.28 06:28:01.559,0.92477,0.92487,1.00,1.00
2014.01.28 06:28:01.610,0.92477,0.92489,1.00,1.00
2014.01.28 06:28:01.711,0.92475,0.92487,1.50,1.00
2014.01.28 06:28:02.014,0.92478,0.92491,1.00,1.05
2014.01.28 06:28:02.340,0.92477,0.92487,1.00,1.00
2014.01.28 06:28:04.249,0.92478,0.92492,1.00,2.25
2014.01.28 06:28:04.796,0.92479,0.92487,1.00,1.00
2014.01.28 06:28:05.132,0.92479,0.92492,1.00,1.50
2014.01.28 06:28:05.644,0.92479,0.92492,1.00,1.50
2014.01.28 06:28:07.949,0.92479,0.92492,1.00,1.00
2014.01.28 06:28:08.380,0.92481,0.92492,1.00,1.00
2014.01.28 06:28:13.228,0.92481,0.92492,1.00,1.38
2014.01.28 06:28:13.764,0.92481,0.92492,1.00,1.13
2014.01.28 06:28:16.859,0.92481,0.92492,1.00,1.38
2014.01.28 06:28:17.215,0.92481,0.92487,1.00,1.00
2014.01.28 06:28:26.411,0.9248,0.92487,1.00,1.00
2014.01.28 06:28:31.472,0.92481,0.92487,1.00,1.00
2014.01.28 06:28:38.000,0.9248,0.92487,1.00,1.00
2014.01.28 06:28:38.619,0.92481,0.92487,1.00,1.00
2014.01.28 06:28:54.990,0.92483,0.92487,1.00,1.00
2014.01.28 06:28:57.475,0.92479,0.92487,1.00,1.00
2014.01.28 06:28:57.748,0.92481,0.92487,1.00,1.00
2014.01.28 06:28:59.512,0.92481,0.92492,1.00,1.00
2014.01.28 06:28:59.714,0.92483,0.92492,1.00,1.00
2014.01.28 06:29:01.968,0.92486,0.92492,1.00,1.00
2014.01.28 06:29:03.160,0.92488,0.92497,1.00,1.00
2014.01.28 06:29:03.261,0.9249,0.92502,1.00,2.25
2014.01.28 06:29:03.564,0.92494,0.92502,1.00,1.75
2014.01.28 06:29:03.877,0.92496,0.92502,1.00,1.38
2014.01.28 06:29:04.817,0.92496,0.92502,1.00,1.00
2014.01.28 06:29:06.209,0.92492,0.925,1.00,1.00
2014.01.28 06:29:07.639,0.92496,0.92502,1.00,1.00
2014.01.28 06:29:08.328,0.92496,0.92507,1.50,3.60
2014.01.28 06:29:08.591,0.92499,0.92507,1.00,1.50
2014.01.28 06:29:09.669,0.92499,0.92507,1.00,1.13
2014.01.28 06:29:10.241,0.92496,0.92507,1.50,1.13
2014.01.28 06:29:10.571,0.92498,0.92507,1.00,1.13
2014.01.28 06:29:12.255,0.92498,0.92502,1.00,1.00
2014.01.28 06:29:12.522,0.92498,0.92507,1.00,1.00
2014.01.28 06:29:12.774,0.925,0.92507,1.00,1.00
2014.01.28 06:29:13.079,0.92502,0.92507,1.00,1.00
2014.01.28 06:29:20.269,0.925,0.92507,1.00,1.00
2014.01.28 06:29:20.536,0.92498,0.92507,1.50,1.00
2014.01.28 06:29:23.540,0.92498,0.92507,1.00,1.38
2014.01.28 06:29:24.267,0.92498,0.92507,1.00,1.13
2014.01.28 06:29:31.426,0.92498,0.92507,1.00,1.50
2014.01.28 06:29:34.549,0.92498,0.92507,1.00,1.13
2014.01.28 06:29:35.915,0.925,0.92507,1.00,1.13
2014.01.28 06:29:37.840,0.92495,0.92502,1.00,1.00
2014.01.28 06:29:42.933,0.92498,0.92502,1.00,1.00
2014.01.28 06:29:46.321,0.92491,0.92499,1.00,1.00
2014.01.28 06:29:46.422,0.92497,0.92502,1.00,1.00
2014.01.28 06:29:46.473,0.92495,0.92502,1.00,1.00
2014.01.28 06:29:46.523,0.92491,0.92497,1.00,1.00
2014.01.28 06:29:46.877,0.92493,0.92497,1.00,1.00
2014.01.28 06:29:47.129,0.92487,0.92497,1.00,1.00
2014.01.28 06:29:47.230,0.9249,0.92497,1.00,1.00
2014.01.28 06:30:01.170,0.92488,0.92497,1.50,1.00
2014.01.28 06:30:01.888,0.9249,0.92497,1.00,1.00
2014.01.28 06:30:02.191,0.92492,0.92497,1.00,1.00
2014.01.28 06:30:16.569,0.92494,0.92502,1.00,1.38
2014.01.28 06:30:37.594,0.92494,0.92502,1.00,1.13
2014.01.28 06:30:40.894,0.92497,0.92507,2.85,2.63
2014.01.28 06:30:40.945,0.92501,0.92507,1.00,1.00
2014.01.28 06:30:41.096,0.92501,0.92511,1.35,1.38
2014.01.28 06:30:41.147,0.92504,0.92512,1.00,1.38
2014.01.28 06:30:41.449,0.92503,0.92512,1.38,1.00
2014.01.28 06:30:41.550,0.9251,0.92515,1.00,1.38
2014.01.28 06:30:41.651,0.9251,0.92517,1.00,1.00
2014.01.28 06:30:42.105,0.92508,0.92522,1.00,1.50
2014.01.28 06:30:46.608,0.92512,0.9252,1.65,1.00
2014.01.28 06:30:46.709,0.92518,0.92526,1.00,2.10
2014.01.28 06:30:47.380,0.92515,0.92524,1.00,1.60
2014.01.28 06:30:50.151,0.92517,0.92524,1.00,1.60
2014.01.28 06:30:51.100,0.92517,0.92522,1.00,1.00
2014.01.28 06:30:51.665,0.92518,0.92522,1.00,1.00
2014.01.28 06:30:52.882,0.92521,0.92527,1.00,2.85
2014.01.28 06:30:53.114,0.92517,0.92526,1.00,2.10
2014.01.28 06:30:53.316,0.92519,0.92528,1.35,3.23
2014.01.28 06:30:59.916,0.92519,0.92527,1.00,2.85
2014.01.28 06:31:00.464,0.92512,0.92522,1.13,1.00
2014.01.28 06:31:00.687,0.92519,0.92527,1.00,2.85
2014.01.28 06:31:01.291,0.92518,0.92527,1.00,2.85
2014.01.28 06:31:05.665,0.92518,0.92522,1.00,1.00
2014.01.28 06:31:06.656,0.92518,0.92527,1.00,3.23
2014.01.28 06:31:07.367,0.92521,0.92527,1.00,1.00
2014.01.28 06:31:07.418,0.92521,0.9253,1.00,3.53
2014.01.28 06:31:07.670,0.92523,0.92532,1.00,3.23
2014.01.28 06:31:08.184,0.92523,0.92527,1.00,1.00
2014.01.28 06:31:13.095,0.92524,0.92534,1.00,2.85
2014.01.28 06:31:18.104,0.92524,0.92532,1.00,2.85
2014.01.28 06:31:18.418,0.92524,0.92532,1.00,1.35
2014.01.28 06:31:18.998,0.92526,0.92532,1.00,1.35
2014.01.28 06:31:26.604,0.9252,0.92528,1.00,1.00
2014.01.28 06:31:29.857,0.92517,0.92527,1.45,2.48
2014.01.28 06:31:30.160,0.92522,0.92529,1.00,2.48
2014.01.28 06:31:30.470,0.92519,0.9253,1.00,1.38
2014.01.28 06:31:31.954,0.92519,0.92527,1.00,1.00
2014.01.28 06:31:32.998,0.92522,0.92527,1.00,1.00
2014.01.28 06:32:06.664,0.92515,0.92527,2.85,1.38
2014.01.28 06:32:06.765,0.92518,0.92522,1.00,1.00
2014.01.28 06:32:07.058,0.92521,0.9253,1.00,1.60
2014.01.28 06:32:07.263,0.92521,0.92527,1.00,1.00
2014.01.28 06:32:07.313,0.92523,0.92527,1.00,1.00
2014.01.28 06:32:30.293,0.92521,0.9253,1.00,1.98
2014.01.28 06:32:30.596,0.92512,0.92521,1.00,1.00
2014.01.28 06:32:30.647,0.92517,0.92525,1.00,1.38
2014.01.28 06:32:37.495,0.92517,0.92526,1.00,1.38
2014.01.28 06:32:39.415,0.92517,0.92522,1.00,1.00
2014.01.28 06:32:57.797,0.92517,0.92527,1.00,1.00
2014.01.28 06:32:58.150,0.92517,0.92522,1.00,1.00
2014.01.28 06:32:58.353,0.92517,0.92527,1.00,1.00
2014.01.28 06:32:58.904,0.92518,0.92527,1.00,1.00
2014.01.28 06:33:24.961,0.92518,0.92531,1.50,3.45
2014.01.28 06:33:26.864,0.92521,0.92531,1.00,1.30
2014.01.28 06:33:31.599,0.92521,0.92527,1.00,1.00
2014.01.28 06:33:32.153,0.92521,0.92531,1.00,1.30
2014.01.28 06:33:35.301,0.92521,0.92527,1.00,1.00
2014.01.28 06:33:36.863,0.92514,0.92524,1.00,1.00
2014.01.28 06:33:36.965,0.92517,0.92522,1.00,1.00
2014.01.28 06:33:37.404,0.92521,0.92527,1.00,1.00
2014.01.28 06:33:37.627,0.92519,0.92527,1.00,1.00
2014.01.28 06:33:37.829,0.92521,0.92527,1.00,1.00
2014.01.28 06:33:37.985,0.92517,0.92527,1.00,1.00
2014.01.28 06:33:38.187,0.92523,0.92527,1.00,1.00
2014.01.28 06:33:56.583,0.92515,0.92525,3.23,1.00
2014.01.28 06:33:56.785,0.92519,0.92529,1.00,1.38
2014.01.28 06:33:56.886,0.92517,0.92522,1.00,1.00
2014.01.28 06:33:56.987,0.92519,0.92528,1.00,1.38
2014.01.28 06:34:28.110,0.92515,0.92522,1.00,1.13
2014.01.28 06:34:28.363,0.92513,0.92522,1.00,1.13
2014.01.28 06:34:28.426,0.92515,0.92522,1.00,1.13
2014.01.28 06:34:28.734,0.92513,0.92517,1.00,1.00
2014.01.28 06:34:31.322,0.92511,0.92521,1.00,1.98
2014.01.28 06:34:31.424,0.92508,0.92513,1.00,1.00
2014.01.28 06:34:31.525,0.92506,0.92512,1.00,1.00
2014.01.28 06:34:31.979,0.92504,0.92512,1.00,1.00
2014.01.28 06:34:32.948,0.92506,0.92512,1.00,1.00
2014.01.28 06:35:03.912,0.92506,0.92517,1.00,1.00
2014.01.28 06:35:04.542,0.92507,0.92517,1.00,1.00
2014.01.28 06:35:08.060,0.92507,0.92512,1.00,1.00
2014.01.28 06:35:10.040,0.92502,0.92512,3.23,1.00
2014.01.28 06:35:10.141,0.92505,0.92518,1.00,1.00
2014.01.28 06:35:10.192,0.92505,0.92512,1.00,1.00
2014.01.28 06:35:10.243,0.92507,0.92512,1.00,1.00
2014.01.28 06:35:13.892,0.92507,0.92517,1.00,1.00
2014.01.28 06:35:14.737,0.9251,0.92517,1.00,1.00
2014.01.28 06:35:15.330,0.92504,0.92512,1.38,1.00
2014.01.28 06:35:22.177,0.9251,0.92517,1.00,1.00
2014.01.28 06:35:23.601,0.92504,0.92512,2.48,1.00
2014.01.28 06:35:32.786,0.92507,0.92512,1.00,1.00
2014.01.28 06:35:41.861,0.92507,0.92517,1.00,1.00
2014.01.28 06:36:12.130,0.92508,0.92521,1.00,2.48
2014.01.28 06:36:13.319,0.92507,0.92517,1.13,1.00
2014.01.28 06:36:33.029,0.92504,0.92517,1.00,1.00
2014.01.28 06:36:35.377,0.92503,0.92517,1.50,1.00
2014.01.28 06:36:56.138,0.92508,0.9252,1.00,1.13
2014.01.28 06:36:56.441,0.92507,0.92517,1.00,1.00
2014.01.28 06:37:07.328,0.92508,0.92521,1.00,1.88
2014.01.28 06:37:08.017,0.92508,0.92521,1.00,1.50
2014.01.28 06:37:08.519,0.92508,0.9252,1.00,1.00
2014.01.28 06:37:08.671,0.92507,0.92517,1.00,1.00
2014.01.28 06:37:12.438,0.92503,0.92517,2.25,4.20
2014.01.28 06:37:13.012,0.92503,0.92516,1.50,1.00
2014.01.28 06:37:13.863,0.92503,0.92512,1.00,1.00
2014.01.28 06:37:14.195,0.92501,0.92512,1.00,1.00
2014.01.28 06:37:26.201,0.92501,0.92512,1.00,1.38
2014.01.28 06:37:26.504,0.92501,0.92507,1.00,1.00
2014.01.28 06:37:26.656,0.92497,0.92507,1.00,1.00
2014.01.28 06:37:41.994,0.92498,0.92509,1.00,1.00
2014.01.28 06:37:42.095,0.92498,0.92511,1.00,1.88
2014.01.28 06:37:42.498,0.92502,0.92512,1.00,1.38
2014.01.28 06:37:43.437,0.92502,0.92512,1.00,1.00
2014.01.28 06:37:50.565,0.92502,0.92511,1.00,1.30
2014.01.28 06:37:50.810,0.925,0.92511,1.00,1.30
2014.01.28 06:38:04.855,0.925,0.92507,1.00,1.00
2014.01.28 06:38:05.057,0.92498,0.92507,1.00,1.00
2014.01.28 06:38:05.196,0.92498,0.9251,1.50,1.00
2014.01.28 06:38:05.404,0.92499,0.92507,1.00,1.00
2014.01.28 06:38:05.598,0.92499,0.92511,1.00,1.30
2014.01.28 06:38:21.655,0.92499,0.92512,1.00,1.50
2014.01.28 06:38:32.667,0.92499,0.92511,1.00,2.48
2014.01.28 06:38:32.784,0.92496,0.92507,1.00,1.00
2014.01.28 06:38:33.137,0.92498,0.9251,1.00,1.13
2014.01.28 06:38:33.238,0.92498,0.92507,1.00,1.00
2014.01.28 06:38:33.407,0.92495,0.92507,1.00,1.00
2014.01.28 06:38:34.335,0.92498,0.9251,1.00,1.13
2014.01.28 06:38:34.958,0.92498,0.92511,1.50,2.48
2014.01.28 06:38:37.817,0.92498,0.92512,1.50,3.60
2014.01.28 06:38:38.120,0.925,0.92512,1.00,1.00
2014.01.28 06:38:38.918,0.92498,0.92512,1.50,1.13
2014.01.28 06:38:51.638,0.92498,0.92512,1.50,1.38
2014.01.28 06:38:51.943,0.92498,0.92507,1.00,1.00
2014.01.28 06:38:52.209,0.92496,0.92507,1.00,1.00
2014.01.28 06:38:53.199,0.925,0.92507,1.00,1.00
2014.01.28 06:38:53.305,0.925,0.92512,1.00,1.35
2014.01.28 06:38:55.786,0.92503,0.92514,1.00,1.75
2014.01.28 06:38:56.339,0.92503,0.92514,1.00,1.38
2014.01.28 06:38:56.908,0.925,0.92512,1.00,1.00
2014.01.28 06:39:03.815,0.925,0.92507,1.00,1.00
2014.01.28 06:39:06.366,0.925,0.92512,1.00,2.25
2014.01.28 06:39:09.078,0.92502,0.92512,1.00,1.00
2014.01.28 06:39:11.115,0.92503,0.92515,1.00,1.13
2014.01.28 06:39:11.388,0.92505,0.92516,1.00,1.13
2014.01.28 06:39:15.128,0.92505,0.92517,1.00,1.35
2014.01.28 06:39:15.430,0.92509,0.9252,1.00,1.38
2014.01.28 06:39:15.733,0.92511,0.9252,1.00,1.38
2014.01.28 06:39:16.120,0.92509,0.92517,1.00,1.00
2014.01.28 06:40:01.646,0.92511,0.92517,1.00,1.00
2014.01.28 06:40:01.849,0.92511,0.92522,1.00,1.13
2014.01.28 06:40:02.066,0.92513,0.92522,1.00,1.13
2014.01.28 06:40:02.737,0.92515,0.92522,1.00,1.00
2014.01.28 06:40:03.155,0.92515,0.92527,1.00,1.13
2014.01.28 06:40:03.206,0.92517,0.92527,1.00,1.13
2014.01.28 06:40:03.624,0.92519,0.92527,1.00,1.13
2014.01.28 06:40:30.897,0.92522,0.92527,1.00,1.00
2014.01.28 06:40:30.998,0.9252,0.92527,1.00,1.00
2014.01.28 06:40:32.330,0.9252,0.92532,1.00,1.13
2014.01.28 06:40:32.431,0.9252,0.92527,1.00,1.00
2014.01.28 06:40:32.533,0.9252,0.92532,1.00,1.38
2014.01.28 06:40:32.635,0.92522,0.92532,1.00,1.13
2014.01.28 06:40:32.994,0.9252,0.92527,1.00,1.00
2014.01.28 06:40:41.235,0.92518,0.92522,1.00,1.00
2014.01.28 06:40:41.438,0.9252,0.92527,1.00,1.00
2014.01.28 06:40:41.590,0.92518,0.92527,1.00,1.00
2014.01.28 06:40:42.445,0.9252,0.92527,1.00,1.00
2014.01.28 06:40:45.192,0.92513,0.92523,3.75,1.00
2014.01.28 06:40:45.295,0.92518,0.92522,1.00,1.00
2014.01.28 06:40:45.396,0.9252,0.92526,1.00,1.00
2014.01.28 06:40:45.447,0.9252,0.92529,1.00,1.13
2014.01.28 06:40:45.764,0.92518,0.92529,1.00,1.00
2014.01.28 06:40:48.175,0.92518,0.92531,1.00,1.38
2014.01.28 06:40:51.555,0.92518,0.92527,1.00,1.00
2014.01.28 06:40:51.926,0.92518,0.92531,1.00,1.50
2014.01.28 06:40:52.431,0.92518,0.92531,1.00,1.50
2014.01.28 06:40:52.970,0.92518,0.92531,1.00,1.50
2014.01.28 06:40:54.304,0.92518,0.92527,1.00,1.00
2014.01.28 06:40:57.855,0.92518,0.92532,1.50,1.00
2014.01.28 06:40:57.956,0.92522,0.92532,1.00,1.00
2014.01.28 06:40:58.617,0.9252,0.92527,1.00,1.00
2014.01.28 06:41:00.817,0.9252,0.92532,1.00,1.00
2014.01.28 06:41:00.942,0.92522,0.92532,1.00,1.00
2014.01.28 06:41:03.911,0.92518,0.92532,1.50,1.00
2014.01.28 06:41:04.779,0.92522,0.92532,1.00,1.00
2014.01.28 06:41:05.447,0.92523,0.92534,1.00,1.00
2014.01.28 06:41:05.548,0.92525,0.92537,1.00,1.00
2014.01.28 06:41:05.599,0.92525,0.92537,2.85,1.00
2014.01.28 06:41:05.902,0.92531,0.92541,1.00,1.50
2014.01.28 06:41:08.394,0.92531,0.92537,1.00,1.00
2014.01.28 06:41:10.589,0.92531,0.92542,1.00,1.00
2014.01.28 06:41:10.740,0.92533,0.92542,1.00,1.00
2014.01.28 06:41:12.170,0.92535,0.92542,1.00,1.00
2014.01.28 06:41:26.706,0.92537,0.92542,1.50,1.00
2014.01.28 06:41:26.908,0.92537,0.92545,1.50,1.00
2014.01.28 06:41:27.005,0.92538,0.92547,1.00,1.00
2014.01.28 06:41:27.107,0.9254,0.92547,1.00,1.00
2014.01.28 06:41:27.158,0.9254,0.92551,1.00,1.38
2014.01.28 06:41:27.565,0.9254,0.92547,1.00,1.00
2014.01.28 06:41:27.768,0.92538,0.92547,1.00,1.50
2014.01.28 06:41:28.278,0.92536,0.92547,1.60,1.50
2014.01.28 06:41:30.393,0.92538,0.92547,1.00,1.50
2014.01.28 06:41:31.028,0.92538,0.92546,1.00,2.10
2014.01.28 06:41:31.129,0.92536,0.92546,1.00,2.10
2014.01.28 06:41:32.982,0.92536,0.92542,1.00,1.00
2014.01.28 06:41:33.033,0.92534,0.92542,1.00,1.00
2014.01.28 06:41:33.487,0.92531,0.92542,1.00,1.50
2014.01.28 06:41:33.639,0.92531,0.92537,1.00,1.00
2014.01.28 06:41:35.376,0.92526,0.92537,1.13,1.00
2014.01.28 06:41:35.884,0.92529,0.92537,1.00,1.00
2014.01.28 06:41:36.074,0.92529,0.92542,1.00,4.35
2014.01.28 06:41:37.156,0.92529,0.92542,1.00,3.60
2014.01.28 06:41:39.380,0.92529,0.92541,1.00,1.00
2014.01.28 06:41:39.480,0.92527,0.92537,1.00,1.00
2014.01.28 06:41:40.196,0.92525,0.92537,1.00,1.00
2014.01.28 06:41:40.247,0.92528,0.92539,1.00,2.10
2014.01.28 06:41:40.802,0.92528,0.9254,1.00,1.00
2014.01.28 06:41:45.607,0.92527,0.92537,1.00,1.00
2014.01.28 06:41:51.325,0.92528,0.9254,1.00,1.00
2014.01.28 06:41:51.826,0.92528,0.92542,1.00,2.63
2014.01.28 06:41:52.795,0.92528,0.92542,1.00,2.25
2014.01.28 06:41:52.947,0.9253,0.92542,1.00,1.50
2014.01.28 06:41:53.249,0.92533,0.92542,1.00,1.00
2014.01.28 06:41:53.746,0.9253,0.92542,1.00,1.88
2014.01.28 06:41:53.847,0.92526,0.92537,1.00,1.00
2014.01.28 06:41:53.949,0.92524,0.92536,1.00,1.00
2014.01.28 06:41:54.150,0.92526,0.92536,1.00,1.00
2014.01.28 06:41:54.543,0.92529,0.9254,1.00,1.13
2014.01.28 06:41:56.534,0.92529,0.92541,1.00,2.48
2014.01.28 06:41:57.035,0.92529,0.92537,1.00,1.13
2014.01.28 06:41:57.136,0.92526,0.92537,1.00,1.13
2014.01.28 06:41:57.237,0.92526,0.92537,1.00,1.38
2014.01.28 06:41:57.339,0.92523,0.92537,1.50,1.88
2014.01.28 06:41:57.887,0.92523,0.92537,1.50,1.88
2014.01.28 06:41:59.473,0.92521,0.92528,1.30,1.00
2014.01.28 06:41:59.676,0.92519,0.92526,2.10,1.00
2014.01.28 06:42:00.033,0.92515,0.92526,2.10,1.00
2014.01.28 06:42:00.635,0.92519,0.92526,1.00,1.00
2014.01.28 06:42:01.139,0.92519,0.92527,1.00,1.00
2014.01.28 06:42:01.443,0.92522,0.92532,1.00,3.60
2014.01.28 06:42:01.746,0.92525,0.92532,1.00,3.60
2014.01.28 06:42:01.952,0.92523,0.92532,1.00,3.60
2014.01.28 06:42:03.274,0.92523,0.92531,1.00,1.13
2014.01.28 06:42:03.459,0.92519,0.92527,1.00,1.00
2014.01.28 06:42:03.966,0.92519,0.92526,1.00,1.00
2014.01.28 06:42:04.674,0.92519,0.92527,1.00,1.00
2014.01.28 06:42:04.725,0.92522,0.92527,1.00,1.00
2014.01.28 06:42:04.775,0.92522,0.92529,1.00,1.00
2014.01.28 06:42:04.826,0.92522,0.92532,1.00,3.23
2014.01.28 06:42:06.314,0.92523,0.92534,1.00,1.50
2014.01.28 06:42:06.845,0.92524,0.92534,1.00,1.00
2014.01.28 06:42:07.534,0.92524,0.92535,1.00,2.48
2014.01.28 06:42:07.942,0.92524,0.92533,1.00,2.10
2014.01.28 06:42:08.093,0.92524,0.92535,1.00,2.48
2014.01.28 06:42:08.245,0.92526,0.92536,1.00,1.00
2014.01.28 06:42:12.705,0.92526,0.92537,1.00,2.25
2014.01.28 06:42:13.255,0.92526,0.92537,1.00,4.35
2014.01.28 06:42:22.832,0.92526,0.92537,1.00,4.35
2014.01.28 06:42:26.244,0.92526,0.92532,1.00,1.00
2014.01.28 06:42:26.294,0.92523,0.92532,1.00,1.00
2014.01.28 06:42:26.487,0.92525,0.92532,1.00,1.00
2014.01.28 06:42:30.835,0.92525,0.92535,1.00,1.00
2014.01.28 06:42:34.915,0.92525,0.92532,1.00,1.00
2014.01.28 06:42:42.097,0.92519,0.92527,1.00,1.00
2014.01.28 06:42:42.349,0.9252,0.92527,1.00,1.00
2014.01.28 06:42:43.175,0.9252,0.92526,1.00,1.00
2014.01.28 06:42:43.581,0.92523,0.92527,1.00,1.00
2014.01.28 06:42:44.697,0.92523,0.92531,1.00,1.00
2014.01.28 06:42:45.309,0.92523,0.92532,1.00,1.00
2014.01.28 06:43:43.681,0.92518,0.92532,1.00,1.00
2014.01.28 06:43:44.209,0.92519,0.92532,2.10,1.00
2014.01.28 06:43:44.733,0.9252,0.92535,2.10,1.00
2014.01.28 06:43:44.934,0.92523,0.92536,1.00,1.00
2014.01.28 06:43:45.451,0.92528,0.92537,1.00,1.00
2014.01.28 06:43:45.653,0.92526,0.92537,2.85,1.00
2014.01.28 06:43:45.754,0.92528,0.92537,1.00,1.00
2014.01.28 06:43:45.877,0.92526,0.92537,2.10,1.50
2014.01.28 06:43:45.928,0.92524,0.92532,1.00,1.00
2014.01.28 06:43:46.080,0.92522,0.92532,1.13,1.00
2014.01.28 06:43:46.131,0.92523,0.92536,1.35,1.00
2014.01.28 06:43:46.283,0.92527,0.92537,1.00,1.00
2014.01.28 06:43:46.766,0.92524,0.92537,3.60,1.13
2014.01.28 06:43:50.932,0.92528,0.92537,1.00,1.00
2014.01.28 06:43:53.368,0.92528,0.92541,1.50,1.38
2014.01.28 06:43:53.902,0.92528,0.92541,1.50,1.38
2014.01.28 06:43:57.233,0.92528,0.92542,1.88,1.88
2014.01.28 06:43:57.284,0.92531,0.92542,1.00,1.38
2014.01.28 06:43:57.587,0.92538,0.92547,1.00,1.50
2014.01.28 06:43:58.318,0.9254,0.92549,1.00,1.13
2014.01.28 06:43:59.132,0.9254,0.92552,1.00,3.83
2014.01.28 06:43:59.667,0.9254,0.92552,1.00,3.83
2014.01.28 06:44:01.685,0.92542,0.92552,1.00,1.00
2014.01.28 06:44:01.987,0.92543,0.92554,1.00,1.00
2014.01.28 06:44:02.568,0.92543,0.92555,1.00,1.00
2014.01.28 06:44:03.629,0.92543,0.92556,1.00,2.48
2014.01.28 06:44:06.052,0.92543,0.92556,1.00,4.58
2014.01.28 06:44:06.153,0.92542,0.92552,1.00,1.00
2014.01.28 06:44:06.507,0.92542,0.92555,1.00,2.10
2014.01.28 06:44:06.785,0.92542,0.92557,1.00,3.90
2014.01.28 06:44:06.886,0.92547,0.92557,1.00,3.90
2014.01.28 06:44:07.840,0.92549,0.92557,1.00,1.13
2014.01.28 06:44:09.120,0.92549,0.9256,1.00,1.00
2014.01.28 06:44:09.747,0.92551,0.9256,1.00,1.00
2014.01.28 06:44:09.848,0.92548,0.9256,1.50,1.00
2014.01.28 06:44:12.543,0.92548,0.92557,1.00,1.00
2014.01.28 06:44:13.611,0.92546,0.92557,1.00,1.00
2014.01.28 06:44:13.712,0.92548,0.92557,1.00,1.00
2014.01.28 06:44:13.923,0.92546,0.92557,1.00,1.00
2014.01.28 06:44:19.835,0.92546,0.92552,1.00,1.00
2014.01.28 06:44:19.986,0.92543,0.92552,1.00,1.00
2014.01.28 06:44:20.088,0.92541,0.92552,1.00,1.50
2014.01.28 06:44:22.035,0.92544,0.92553,1.00,1.00
2014.01.28 06:44:22.252,0.92542,0.92552,1.00,1.00
2014.01.28 06:44:24.105,0.92543,0.92554,1.00,1.00
2014.01.28 06:44:24.306,0.92543,0.92556,1.00,1.00
2014.01.28 06:44:24.357,0.92545,0.92557,1.00,1.50
2014.01.28 06:44:26.225,0.92545,0.92557,1.00,1.50
2014.01.28 06:44:26.735,0.92545,0.92557,1.00,1.13
2014.01.28 06:44:27.952,0.92545,0.92559,1.00,1.00
2014.01.28 06:44:28.384,0.92548,0.92559,1.00,1.00
2014.01.28 06:44:28.435,0.92548,0.92562,1.00,1.50
2014.01.28 06:44:28.991,0.92547,0.92562,4.95,1.50
2014.01.28 06:44:29.502,0.92547,0.92562,2.85,1.13
2014.01.28 06:44:30.036,0.92548,0.92565,1.50,1.50
2014.01.28 06:44:33.282,0.92548,0.92565,2.10,1.50
2014.01.28 06:44:33.333,0.92553,0.92565,1.00,1.50
2014.01.28 06:44:33.384,0.92554,0.92565,1.00,1.50
2014.01.28 06:44:36.882,0.92554,0.92567,1.00,1.38
2014.01.28 06:44:37.629,0.92554,0.92567,1.00,1.38
2014.01.28 06:44:46.010,0.92556,0.92567,1.00,1.38
2014.01.28 06:44:51.290,0.92556,0.92567,1.00,1.38
2014.01.28 06:44:52.529,0.92554,0.92567,1.00,1.38
2014.01.28 06:44:53.145,0.92554,0.92567,1.00,1.13
2014.01.28 06:44:54.561,0.92554,0.92562,1.00,1.00
2014.01.28 06:44:55.111,0.92554,0.92567,1.00,1.38
2014.01.28 06:44:55.661,0.92554,0.92567,1.00,1.13
2014.01.28 06:44:58.112,0.92553,0.92567,1.00,1.88
2014.01.28 06:45:14.953,0.92553,0.92567,1.00,1.88
2014.01.28 06:45:25.120,0.92553,0.92567,1.00,1.88
2014.01.28 06:45:26.242,0.92554,0.92567,1.00,1.88
2014.01.28 06:45:26.293,0.92558,0.9257,1.00,6.45
2014.01.28 06:45:26.646,0.92559,0.9257,1.00,1.13
2014.01.28 06:45:27.411,0.92558,0.92572,2.25,1.38
2014.01.28 06:45:27.512,0.92562,0.92572,1.00,1.38
2014.01.28 06:45:30.597,0.92558,0.92572,1.50,1.38
2014.01.28 06:45:31.130,0.92558,0.92572,1.50,1.38
2014.01.28 06:45:31.639,0.92558,0.92572,1.50,1.38
2014.01.28 06:45:33.702,0.92558,0.92572,1.50,1.38
2014.01.28 06:45:33.803,0.92562,0.92572,1.00,1.38
2014.01.28 06:45:34.313,0.92563,0.92574,1.00,1.38
2014.01.28 06:45:34.983,0.92558,0.92573,1.50,1.38
2014.01.28 06:45:39.255,0.92558,0.9257,1.50,1.00
2014.01.28 06:45:39.582,0.92558,0.9257,1.00,3.23
2014.01.28 06:45:40.942,0.92558,0.9257,1.00,3.23
2014.01.28 06:45:41.383,0.92558,0.9257,1.00,3.23
2014.01.28 06:45:42.235,0.92554,0.92567,1.35,1.00
2014.01.28 06:45:43.961,0.92558,0.9257,1.00,1.38
2014.01.28 06:45:47.432,0.92558,0.9257,1.00,1.13
2014.01.28 06:45:53.405,0.92558,0.92571,1.00,1.13
2014.01.28 06:45:53.929,0.92558,0.9257,1.00,1.00
2014.01.28 06:45:57.632,0.92563,0.9257,1.00,1.00
2014.01.28 06:45:57.804,0.92563,0.92573,1.00,1.43
2014.01.28 06:45:58.006,0.92563,0.92577,1.00,1.50
2014.01.28 06:45:58.655,0.92564,0.92577,1.00,1.00
2014.01.28 06:45:59.055,0.92564,0.92577,1.60,1.00
2014.01.28 06:45:59.207,0.92568,0.92581,1.00,2.85
2014.01.28 06:45:59.735,0.92568,0.92582,1.13,1.00
2014.01.28 06:46:03.008,0.92568,0.92583,1.00,1.00
2014.01.28 06:46:03.320,0.92573,0.92584,1.00,1.00
2014.01.28 06:46:03.840,0.92573,0.92586,1.00,1.38
2014.01.28 06:46:04.350,0.92573,0.92586,1.00,1.00
2014.01.28 06:46:06.092,0.92573,0.92585,1.00,1.00
2014.01.28 06:46:10.087,0.92573,0.92585,1.00,1.38
2014.01.28 06:46:10.643,0.92573,0.92582,1.00,1.00
2014.01.28 06:46:11.069,0.92573,0.92585,1.00,4.35
2014.01.28 06:46:11.170,0.92573,0.92579,1.00,1.00
2014.01.28 06:46:27.210,0.92568,0.92579,1.35,1.00
2014.01.28 06:46:27.932,0.92568,0.9258,1.35,1.00
2014.01.28 06:46:49.251,0.92568,0.92579,1.00,2.10
2014.01.28 06:46:49.601,0.92568,0.92577,1.00,2.10
2014.01.28 06:46:50.116,0.92568,0.92576,1.00,2.85
2014.01.28 06:46:50.853,0.92568,0.92575,1.00,2.10
2014.01.28 06:46:51.370,0.92568,0.92576,1.00,3.60
2014.01.28 06:46:56.904,0.92568,0.92576,1.38,1.00
2014.01.28 06:46:56.954,0.92568,0.92578,1.38,1.00
2014.01.28 06:46:57.055,0.92568,0.92582,1.38,2.85
2014.01.28 06:47:02.033,0.92568,0.92584,1.38,3.23
2014.01.28 06:47:03.247,0.92568,0.92584,1.00,3.23
2014.01.28 06:47:04.496,0.92568,0.92582,1.00,2.10
2014.01.28 06:47:16.803,0.92568,0.92581,1.00,2.10
2014.01.28 06:47:17.006,0.92566,0.92581,1.00,2.48
2014.01.28 06:47:17.107,0.92565,0.92578,1.00,2.10
2014.01.28 06:47:17.258,0.92563,0.92578,1.00,3.23
2014.01.28 06:47:17.309,0.92561,0.92576,1.38,2.10
2014.01.28 06:47:19.918,0.92558,0.92576,1.50,5.03
2014.01.28 06:47:20.073,0.92558,0.92573,1.50,2.10
2014.01.28 06:47:24.548,0.92566,0.92573,1.00,2.10
2014.01.28 06:47:25.050,0.92568,0.92574,1.00,1.50
2014.01.28 06:47:25.320,0.92563,0.92574,1.00,1.50
2014.01.28 06:47:26.388,0.92563,0.92572,1.00,1.00
2014.01.28 06:47:26.540,0.92558,0.92572,1.13,2.25
2014.01.28 06:47:28.785,0.92558,0.92567,1.00,1.13
2014.01.28 06:47:28.886,0.92553,0.92569,3.98,1.38
2014.01.28 06:47:29.190,0.92553,0.92568,2.25,1.50
2014.01.28 06:47:29.240,0.92556,0.92568,1.00,1.50
2014.01.28 06:47:30.188,0.92556,0.9257,1.00,2.25
2014.01.28 06:47:30.698,0.92556,0.9257,1.00,1.88
2014.01.28 06:47:33.671,0.92556,0.92569,1.00,1.00
2014.01.28 06:47:35.078,0.92557,0.9257,1.00,1.13
2014.01.28 06:47:36.788,0.92557,0.92567,1.00,1.00
2014.01.28 06:47:38.631,0.92558,0.9257,1.00,1.00
2014.01.28 06:47:39.770,0.92559,0.9257,1.00,1.00
2014.01.28 06:47:40.875,0.92563,0.9257,1.00,1.00
2014.01.28 06:47:41.131,0.92563,0.92572,1.00,1.00
2014.01.28 06:47:41.232,0.92561,0.92572,1.00,1.50
2014.01.28 06:47:42.400,0.9256,0.92572,1.50,1.00
2014.01.28 06:47:42.752,0.9256,0.9257,1.00,1.00
2014.01.28 06:47:48.393,0.92562,0.9257,1.00,1.00
2014.01.28 06:47:48.696,0.9256,0.92574,1.00,1.13
2014.01.28 06:47:48.797,0.9256,0.92572,1.00,1.00
2014.01.28 06:47:49.931,0.9256,0.92571,1.00,2.10
2014.01.28 06:47:50.608,0.9256,0.92572,1.00,1.00
2014.01.28 06:47:52.868,0.92561,0.92572,1.00,1.00
2014.01.28 06:47:53.424,0.92562,0.92572,1.00,1.00
2014.01.28 06:47:54.377,0.92562,0.92571,1.00,2.10
2014.01.28 06:47:54.895,0.92562,0.92572,1.00,1.50
2014.01.28 06:47:55.404,0.92561,0.92572,1.00,1.00
2014.01.28 06:47:57.034,0.92558,0.92572,1.00,1.50
2014.01.28 06:48:03.558,0.92558,0.92571,1.00,2.10
2014.01.28 06:48:04.111,0.92558,0.9257,1.00,1.00
2014.01.28 06:48:20.068,0.92556,0.9257,1.38,1.00
2014.01.28 06:48:20.595,0.92558,0.9257,1.00,1.00
2014.01.28 06:48:25.810,0.92558,0.92568,1.00,1.00
2014.01.28 06:48:28.819,0.92558,0.9257,1.00,2.85
2014.01.28 06:48:30.429,0.92558,0.92567,1.00,1.00
2014.01.28 06:48:33.998,0.92558,0.92569,1.00,1.00
2014.01.28 06:48:34.786,0.92558,0.92569,1.88,1.00
2014.01.28 06:48:34.988,0.92559,0.92571,2.85,1.00
2014.01.28 06:48:35.089,0.92559,0.92575,2.85,1.88
2014.01.28 06:48:35.601,0.9256,0.92573,2.48,1.00
2014.01.28 06:48:44.328,0.92561,0.92573,1.00,1.00
2014.01.28 06:48:44.378,0.92565,0.92573,1.00,1.00
2014.01.28 06:48:44.530,0.92566,0.92576,1.00,1.00
2014.01.28 06:48:45.640,0.92568,0.92576,1.00,1.00
2014.01.28 06:48:45.852,0.92568,0.92579,1.00,2.10
2014.01.28 06:48:47.157,0.92568,0.92578,1.00,2.10
2014.01.28 06:48:47.409,0.92568,0.92575,1.00,1.00
2014.01.28 06:48:52.829,0.92567,0.92575,1.00,1.00
2014.01.28 06:48:53.607,0.92567,0.92574,1.00,1.00
2014.01.28 06:48:58.060,0.92566,0.92572,1.50,1.00
2014.01.28 06:48:58.262,0.92564,0.92572,1.00,1.00
2014.01.28 06:48:58.812,0.92563,0.92572,1.00,1.00
2014.01.28 06:48:58.941,0.9256,0.92572,1.00,1.00
2014.01.28 06:48:59.143,0.92564,0.92571,1.00,2.10
2014.01.28 06:49:12.567,0.92563,0.92571,1.00,2.85
2014.01.28 06:49:12.888,0.92563,0.92569,1.00,1.00
2014.01.28 06:49:13.191,0.92562,0.92566,1.00,1.00
2014.01.28 06:49:13.241,0.92563,0.92568,1.00,1.00
2014.01.28 06:49:18.176,0.92562,0.92568,1.00,1.00
2014.01.28 06:49:18.227,0.92556,0.92568,1.13,1.00
2014.01.28 06:49:28.322,0.92556,0.92566,1.13,1.00
2014.01.28 06:49:31.062,0.92556,0.92569,1.13,1.00
2014.01.28 06:49:31.163,0.92554,0.92566,1.50,1.00
2014.01.28 06:49:31.264,0.92554,0.92571,1.50,3.60
2014.01.28 06:49:31.901,0.92554,0.9257,1.50,2.10
2014.01.28 06:49:36.470,0.92554,0.92567,1.88,1.00
2014.01.28 06:49:39.089,0.92554,0.9257,1.88,2.10
2014.01.28 06:49:39.727,0.92554,0.92567,1.88,1.00
2014.01.28 06:49:40.203,0.92554,0.92567,1.88,1.00
2014.01.28 06:49:40.812,0.92554,0.92566,1.88,1.00
2014.01.28 06:49:41.637,0.92554,0.92566,1.50,1.00
2014.01.28 06:49:41.842,0.92554,0.92563,1.50,1.00
2014.01.28 06:49:43.637,0.92554,0.92563,1.73,1.00
2014.01.28 06:49:43.947,0.92554,0.92565,1.73,1.00
2014.01.28 06:49:46.474,0.92554,0.92566,1.68,1.00
2014.01.28 06:49:48.455,0.92554,0.92566,1.68,1.00
2014.01.28 06:49:54.418,0.92553,0.92566,2.48,1.00
2014.01.28 06:49:56.016,0.92553,0.92566,2.48,1.00
2014.01.28 06:49:59.462,0.92553,0.92568,3.23,1.00
2014.01.28 06:50:01.178,0.92553,0.92566,3.23,1.00
2014.01.28 06:50:02.140,0.92553,0.92566,2.25,1.00
2014.01.28 06:50:04.741,0.92553,0.92567,1.50,3.60
2014.01.28 06:50:06.298,0.92552,0.92562,1.68,1.00
2014.01.28 06:50:06.652,0.92549,0.92562,1.13,1.00
2014.01.28 06:50:07.154,0.92547,0.92561,1.13,1.00
2014.01.28 06:50:07.717,0.92547,0.9256,1.13,1.00
2014.01.28 06:50:09.385,0.92545,0.9256,1.98,1.00
2014.01.28 06:50:09.869,0.92545,0.92558,1.98,1.00
2014.01.28 06:50:17.058,0.92545,0.92555,1.35,1.00
2014.01.28 06:50:19.328,0.92545,0.92557,1.35,1.00
2014.01.28 06:50:20.688,0.92548,0.92557,1.00,1.00
2014.01.28 06:50:33.079,0.92548,0.92559,1.00,2.10
2014.01.28 06:50:33.739,0.92544,0.92559,1.35,2.10
2014.01.28 06:50:42.385,0.92545,0.92557,1.35,1.00
2014.01.28 06:50:44.480,0.92545,0.92558,1.35,2.10
2014.01.28 06:50:51.210,0.92545,0.92557,1.35,1.00
2014.01.28 06:50:54.508,0.92548,0.92559,1.13,1.00
2014.01.28 06:50:54.861,0.92548,0.92562,1.88,1.50
2014.01.28 06:51:03.599,0.92548,0.92562,1.88,1.00
2014.01.28 06:51:04.130,0.92548,0.92562,1.88,1.00
2014.01.28 06:51:05.877,0.92548,0.92562,1.88,1.00
2014.01.28 06:51:06.080,0.92553,0.92565,1.38,1.00
2014.01.28 06:51:06.408,0.92553,0.92567,1.38,1.50
2014.01.28 06:51:08.296,0.92553,0.92567,1.38,1.50
2014.01.28 06:51:10.086,0.92553,0.92567,1.38,1.50
2014.01.28 06:51:10.710,0.92553,0.92566,1.38,1.00
2014.01.28 06:51:12.467,0.92553,0.92566,1.38,1.00
2014.01.28 06:51:13.079,0.92553,0.92567,1.38,1.50
2014.01.28 06:51:15.666,0.92553,0.92567,1.38,1.50
2014.01.28 06:51:25.724,0.92553,0.92567,1.38,1.50
2014.01.28 06:51:27.062,0.92553,0.92566,1.38,1.00
2014.01.28 06:51:27.817,0.92552,0.92562,1.68,1.00
2014.01.28 06:51:28.020,0.92551,0.92562,1.30,1.00
2014.01.28 06:51:30.217,0.92549,0.92562,3.98,1.00
2014.01.28 06:51:32.027,0.92549,0.92562,2.48,1.00
2014.01.28 06:51:32.557,0.92549,0.92562,3.23,1.00
2014.01.28 06:51:35.259,0.92549,0.92562,1.13,1.00
2014.01.28 06:51:37.460,0.92548,0.92562,1.13,1.00
2014.01.28 06:51:37.865,0.92545,0.92557,1.38,1.00
2014.01.28 06:51:37.915,0.92545,0.92557,1.13,1.00
2014.01.28 06:51:38.437,0.92543,0.92557,2.85,1.50
2014.01.28 06:51:41.951,0.92543,0.92555,1.73,1.00
2014.01.28 06:51:42.204,0.9254,0.92552,1.30,1.00
2014.01.28 06:51:42.355,0.92537,0.92547,1.50,1.00
2014.01.28 06:51:42.630,0.92533,0.92547,1.00,2.85
2014.01.28 06:51:42.832,0.92533,0.92544,1.00,1.00
2014.01.28 06:51:43.367,0.92533,0.92547,1.00,3.60
2014.01.28 06:51:47.516,0.92533,0.92546,1.00,2.10
2014.01.28 06:51:48.069,0.92533,0.92545,1.00,2.10
2014.01.28 06:51:49.315,0.92533,0.92544,1.00,2.10
2014.01.28 06:51:51.834,0.9253,0.92542,1.13,1.00
2014.01.28 06:51:55.142,0.9253,0.92544,1.00,2.10
2014.01.28 06:51:55.293,0.9253,0.92547,1.00,3.98
2014.01.28 06:51:55.394,0.9253,0.92542,1.00,1.00
2014.01.28 06:52:00.864,0.9253,0.92545,1.00,2.10
2014.01.28 06:52:01.023,0.9253,0.92547,1.00,3.98
2014.01.28 06:52:01.603,0.9253,0.92547,1.88,1.13
2014.01.28 06:52:11.649,0.9253,0.92542,1.00,1.00
2014.01.28 06:52:16.925,0.9253,0.92543,1.00,2.10
2014.01.28 06:52:17.309,0.92528,0.92544,1.35,3.23
2014.01.28 06:52:17.576,0.9253,0.92545,1.00,1.38
2014.01.28 06:52:26.460,0.92528,0.92544,2.10,3.23
2014.01.28 06:52:26.561,0.9253,0.92544,1.00,3.23
2014.01.28 06:52:36.212,0.9253,0.92543,1.00,2.10
2014.01.28 06:52:36.927,0.9253,0.92542,1.00,2.10
2014.01.28 06:52:41.794,0.9253,0.92541,1.00,2.10
2014.01.28 06:52:41.995,0.92528,0.92541,1.50,2.10
2014.01.28 06:52:42.425,0.92528,0.9254,1.00,3.53
2014.01.28 06:52:42.727,0.92525,0.92536,1.30,2.10
2014.01.28 06:52:45.380,0.92533,0.92537,1.00,2.10
2014.01.28 06:52:45.531,0.92533,0.9254,1.00,1.00
2014.01.28 06:52:46.063,0.92533,0.92541,1.00,2.48
2014.01.28 06:52:46.855,0.92533,0.92542,1.13,2.10
2014.01.28 06:52:46.906,0.92537,0.92544,1.00,2.18
2014.01.28 06:52:47.164,0.92538,0.92546,1.00,2.85
2014.01.28 06:52:47.695,0.92538,0.92547,1.00,2.10
2014.01.28 06:52:48.682,0.92538,0.92548,1.00,2.10
2014.01.28 06:52:51.634,0.92535,0.92542,1.00,1.00
2014.01.28 06:52:51.937,0.92538,0.92543,1.00,2.10
2014.01.28 06:52:52.038,0.92538,0.92545,1.00,1.00
2014.01.28 06:52:52.139,0.92535,0.92545,1.13,1.00
2014.01.28 06:52:52.240,0.92534,0.92547,1.00,2.10
2014.01.28 06:52:52.594,0.92538,0.92547,1.00,2.10
2014.01.28 06:52:52.896,0.92538,0.92549,1.00,2.85
2014.01.28 06:52:56.119,0.92536,0.92542,1.00,1.00
2014.01.28 06:52:56.481,0.92528,0.92542,1.50,1.00
2014.01.28 06:52:56.733,0.9253,0.92542,1.00,1.00
2014.01.28 06:52:57.036,0.92538,0.92547,1.00,1.50
2014.01.28 06:52:57.137,0.92534,0.92549,1.50,3.23
2014.01.28 06:52:57.238,0.92536,0.92549,1.00,2.85
2014.01.28 06:52:57.339,0.92538,0.92549,1.00,2.10
2014.01.28 06:52:57.894,0.92538,0.92551,1.00,2.85
2014.01.28 06:52:58.431,0.92538,0.92552,1.13,2.10
2014.01.28 06:52:59.299,0.92538,0.92553,1.50,2.85
2014.01.28 06:52:59.946,0.92538,0.92552,1.13,2.85
2014.01.28 06:53:17.286,0.92538,0.92551,1.00,2.10
2014.01.28 06:53:23.794,0.9254,0.92552,1.00,1.00
2014.01.28 06:53:24.078,0.92538,0.92551,1.00,2.10
2014.01.28 06:53:59.845,0.92536,0.92551,1.88,1.00
2014.01.28 06:54:14.076,0.92537,0.9255,1.00,2.10
2014.01.28 06:54:14.177,0.92536,0.92548,1.00,2.10
2014.01.28 06:54:14.328,0.92534,0.92548,1.00,2.10
2014.01.28 06:54:14.906,0.92533,0.92548,1.00,2.10
2014.01.28 06:54:17.495,0.92533,0.92547,1.00,1.00
2014.01.28 06:54:29.537,0.92533,0.92547,1.38,1.00
2014.01.28 06:54:29.839,0.92538,0.92547,1.00,1.00
2014.01.28 06:54:29.991,0.92538,0.92551,1.13,2.85
2014.01.28 06:54:30.816,0.92538,0.92549,1.00,1.00
2014.01.28 06:54:41.694,0.92538,0.92551,1.00,1.00
2014.01.28 06:54:44.122,0.92533,0.92551,3.60,1.50
2014.01.28 06:54:44.372,0.92533,0.92549,1.38,2.10
2014.01.28 06:54:45.443,0.92533,0.92549,1.00,2.85
2014.01.28 06:54:52.893,0.92538,0.92549,1.00,1.00
2014.01.28 06:54:53.407,0.92538,0.9255,1.00,1.00
2014.01.28 06:54:57.655,0.92538,0.92547,1.00,1.00
2014.01.28 06:54:57.756,0.92533,0.92547,1.00,1.50
2014.01.28 06:55:00.713,0.92538,0.92547,1.00,1.00
2014.01.28 06:55:00.764,0.92538,0.92549,1.00,1.88
2014.01.28 06:55:06.684,0.92538,0.92547,1.00,1.00
2014.01.28 06:55:06.798,0.92533,0.92547,1.00,1.50
2014.01.28 06:55:19.113,0.92538,0.92547,1.00,1.00
2014.01.28 06:55:19.499,0.92538,0.92549,1.00,1.13
2014.01.28 06:55:20.041,0.92538,0.9255,1.00,1.75
2014.01.28 06:55:20.395,0.92538,0.9255,1.00,1.00
2014.01.28 06:55:20.832,0.92543,0.9255,1.00,1.00
2014.01.28 06:55:21.047,0.92543,0.92554,1.00,1.50
2014.01.28 06:55:21.098,0.92539,0.92553,1.00,1.13
2014.01.28 06:55:21.199,0.92538,0.92551,1.00,1.00
2014.01.28 06:55:21.627,0.92543,0.92551,1.00,1.00
2014.01.28 06:55:21.677,0.92543,0.92554,1.00,2.48
2014.01.28 06:55:24.576,0.92538,0.92552,2.63,1.00
2014.01.28 06:55:24.778,0.92538,0.9255,2.48,1.00
2014.01.28 06:55:25.081,0.92539,0.92552,1.00,1.00
2014.01.28 06:55:25.131,0.92543,0.92553,1.00,2.85
2014.01.28 06:55:25.783,0.92543,0.92555,1.00,3.23
2014.01.28 06:55:27.873,0.92538,0.92554,1.00,1.88
2014.01.28 06:55:27.974,0.92538,0.92551,1.00,1.00
2014.01.28 06:55:36.297,0.92538,0.92552,1.00,2.85
2014.01.28 06:55:49.145,0.92534,0.92547,1.50,1.00
2014.01.28 06:55:49.247,0.92538,0.9255,1.00,2.10
2014.01.28 06:55:49.765,0.92538,0.92549,1.00,1.00
2014.01.28 06:55:50.137,0.92533,0.92549,1.75,1.00
2014.01.28 06:55:50.265,0.92538,0.92549,1.00,1.00
2014.01.28 06:55:51.635,0.92538,0.9255,1.00,2.10
2014.01.28 06:55:55.183,0.92533,0.9255,1.75,2.10
2014.01.28 06:55:55.782,0.92534,0.9255,1.00,2.10
2014.01.28 06:55:56.290,0.92533,0.92549,1.38,1.50
2014.01.28 06:55:56.830,0.92538,0.92549,1.00,1.50
2014.01.28 06:56:14.793,0.92538,0.9255,1.00,2.10
2014.01.28 06:56:16.439,0.92538,0.92551,1.00,1.50
2014.01.28 06:56:18.218,0.92538,0.9255,1.00,2.10
2014.01.28 06:56:21.005,0.92538,0.92549,1.00,1.00
2014.01.28 06:56:22.215,0.92538,0.9255,1.00,2.48
2014.01.28 06:56:22.874,0.92538,0.92549,1.00,1.00
2014.01.28 06:56:24.571,0.92538,0.92551,1.00,1.00
2014.01.28 06:56:25.098,0.92538,0.92552,1.00,3.98
2014.01.28 06:56:25.964,0.92538,0.92552,1.00,3.98
2014.01.28 06:56:27.390,0.92538,0.92552,1.00,3.98
2014.01.28 06:56:48.852,0.92538,0.92551,1.00,1.00
2014.01.28 06:56:54.648,0.92543,0.92551,1.00,1.00
2014.01.28 06:56:55.015,0.92543,0.92554,1.00,1.38
2014.01.28 06:57:03.438,0.92543,0.92554,1.00,1.00
2014.01.28 06:57:15.234,0.92543,0.92553,1.00,1.00
2014.01.28 06:57:35.637,0.92538,0.92553,1.00,1.00
2014.01.28 06:57:37.311,0.92543,0.92553,1.00,1.00
2014.01.28 06:57:48.438,0.92538,0.92552,1.00,1.00
2014.01.28 06:58:01.158,0.92538,0.92553,1.00,1.50
2014.01.28 06:58:05.560,0.92543,0.92553,1.00,1.50
2014.01.28 06:58:14.139,0.92538,0.92553,1.00,1.50
2014.01.28 06:58:15.681,0.92538,0.92552,1.00,1.00
2014.01.28 06:58:21.237,0.92543,0.92553,1.00,1.00
2014.01.28 06:58:24.218,0.92538,0.92552,1.00,1.00
2014.01.28 06:58:26.206,0.92543,0.92553,1.00,1.00
2014.01.28 06:58:34.753,0.92543,0.92554,1.00,1.00
2014.01.28 06:58:40.629,0.92538,0.92552,1.00,1.00
2014.01.28 06:58:43.990,0.92543,0.92554,1.00,1.00
2014.01.28 06:58:48.276,0.92538,0.92554,1.00,1.13
2014.01.28 06:58:53.911,0.92538,0.92553,1.00,2.10
2014.01.28 06:58:54.113,0.92543,0.92553,1.00,2.85
2014.01.28 06:58:54.444,0.92543,0.92551,1.00,2.10
2014.01.28 06:59:05.489,0.92543,0.92555,1.00,2.85
2014.01.28 06:59:05.997,0.92543,0.92555,1.00,2.85
2014.01.28 06:59:09.509,0.92543,0.92552,1.00,2.10
2014.01.28 06:59:10.453,0.92538,0.92552,1.50,2.85
2014.01.28 06:59:10.921,0.92538,0.92552,1.00,2.85
2014.01.28 06:59:12.321,0.92543,0.92552,1.00,2.85
2014.01.28 06:59:12.505,0.92538,0.92552,1.00,3.60
2014.01.28 06:59:13.666,0.92538,0.92551,1.00,2.10
2014.01.28 06:59:17.675,0.92543,0.92551,1.00,2.10
2014.01.28 06:59:19.353,0.92538,0.92551,1.00,2.10
2014.01.28 06:59:21.428,0.92538,0.9255,1.00,1.00
2014.01.28 06:59:21.529,0.92538,0.92548,1.00,1.00
2014.01.28 06:59:22.060,0.92538,0.92547,1.00,2.10
2014.01.28 06:59:22.297,0.92533,0.92547,1.75,2.85
2014.01.28 06:59:22.408,0.92533,0.92547,1.00,2.85
2014.01.28 06:59:22.529,0.92533,0.92545,1.00,1.00
2014.01.28 06:59:23.177,0.92533,0.92545,1.00,1.38
2014.01.28 06:59:23.488,0.92531,0.92542,1.13,1.00
2014.01.28 06:59:24.377,0.92528,0.92542,1.00,1.00
2014.01.28 06:59:24.645,0.92533,0.92544,1.00,1.50
2014.01.28 06:59:24.947,0.9253,0.92542,1.00,1.00
2014.01.28 06:59:25.048,0.92528,0.92542,1.00,1.00
2014.01.28 06:59:26.843,0.92533,0.92543,1.00,1.13
2014.01.28 06:59:27.958,0.92533,0.92545,1.00,1.50
2014.01.28 06:59:31.447,0.92538,0.92545,1.00,1.00
2014.01.28 06:59:45.210,0.92533,0.92545,1.00,1.00
2014.01.28 06:59:46.529,0.92538,0.92545,1.00,1.00
2014.01.28 06:59:52.148,0.92533,0.92545,1.00,2.85
2014.01.28 06:59:53.198,0.92533,0.92543,1.00,2.10
2014.01.28 06:59:53.735,0.92533,0.92542,1.00,1.00
2014.01.28 06:59:55.312,0.92533,0.92541,1.00,1.00
2014.01.28 06:59:55.862,0.92533,0.92542,1.00,1.00
2014.01.28 06:59:59.621,0.92528,0.92541,1.00,2.10
