2015.04.30 06:00:00.274,0.98557,0.98571,1.00,1.57
2015.04.30 06:00:00.325,0.98557,0.98568,1.00,1.00
2015.04.30 06:00:00.993,0.98557,0.98571,1.00,1.10
2015.04.30 06:00:01.095,0.98559,0.98573,1.00,1.50
2015.04.30 06:00:01.401,0.98563,0.98577,1.00,1.65
2015.04.30 06:00:01.503,0.98564,0.98578,1.00,1.00
2015.04.30 06:00:01.655,0.98563,0.98581,3.15,1.95
2015.04.30 06:00:01.960,0.98567,0.98583,1.00,1.10
2015.04.30 06:00:02.062,0.98571,0.98584,1.00,1.00
2015.04.30 06:00:02.609,0.98571,0.98583,1.00,1.00
2015.04.30 06:00:02.660,0.98571,0.98587,1.00,2.02
2015.04.30 06:00:03.189,0.98571,0.98587,1.00,1.65
2015.04.30 06:00:05.348,0.98571,0.98587,1.00,1.65
2015.04.30 06:00:05.399,0.98571,0.98584,1.00,1.10
2015.04.30 06:00:05.803,0.98569,0.98584,1.00,1.10
2015.04.30 06:00:06.258,0.98569,0.98584,1.00,1.15
2015.04.30 06:00:06.779,0.98569,0.98584,1.00,3.22
2015.04.30 06:00:07.350,0.98567,0.98581,1.00,1.10
2015.04.30 06:00:07.451,0.98565,0.98581,1.00,1.57
2015.04.30 06:00:07.602,0.98565,0.98581,1.00,1.65
2015.04.30 06:00:08.007,0.98561,0.98576,1.00,1.00
2015.04.30 06:00:08.108,0.98563,0.98574,1.00,1.00
2015.04.30 06:00:08.210,0.98558,0.98572,2.25,1.00
2015.04.30 06:00:08.261,0.98558,0.98572,1.00,1.00
2015.04.30 06:00:08.463,0.98555,0.98572,1.00,1.00
2015.04.30 06:00:08.910,0.98558,0.98572,1.00,1.00
2015.04.30 06:00:09.430,0.98557,0.98571,1.00,1.00
2015.04.30 06:00:10.020,0.98558,0.98571,1.00,1.00
2015.04.30 06:00:10.222,0.98558,0.98575,1.50,1.12
2015.04.30 06:00:10.323,0.9856,0.98576,1.00,1.00
2015.04.30 06:00:10.640,0.98562,0.98574,1.00,1.00
2015.04.30 06:00:10.743,0.98562,0.98576,1.00,1.00
2015.04.30 06:00:10.895,0.9856,0.98576,1.00,1.00
2015.04.30 06:00:10.946,0.98562,0.98577,1.00,1.00
2015.04.30 06:00:12.305,0.9856,0.98577,1.15,1.00
2015.04.30 06:00:12.652,0.98558,0.98569,1.00,1.00
2015.04.30 06:00:12.753,0.98554,0.9857,1.00,1.10
2015.04.30 06:00:13.179,0.98556,0.98571,1.00,1.00
2015.04.30 06:00:13.381,0.98552,0.98569,2.25,1.12
2015.04.30 06:00:13.918,0.98553,0.98569,1.00,1.57
2015.04.30 06:00:14.435,0.98553,0.98567,1.00,1.00
2015.04.30 06:00:15.390,0.98552,0.98567,1.50,1.00
2015.04.30 06:00:15.896,0.98552,0.98568,1.00,1.10
2015.04.30 06:00:16.602,0.98552,0.98569,1.65,1.00
2015.04.30 06:00:17.175,0.98553,0.98569,1.00,1.00
2015.04.30 06:00:17.393,0.98553,0.98567,1.00,1.00
2015.04.30 06:00:18.255,0.98553,0.98567,2.02,1.00
2015.04.30 06:00:18.357,0.98553,0.9857,2.02,1.87
2015.04.30 06:00:18.560,0.98555,0.98573,1.15,2.70
2015.04.30 06:00:18.914,0.98555,0.98573,1.15,2.62
2015.04.30 06:00:19.557,0.98555,0.98573,1.10,2.77
2015.04.30 06:00:22.519,0.98555,0.98571,1.00,1.27
2015.04.30 06:00:22.823,0.98556,0.9857,1.15,1.00
2015.04.30 06:00:22.975,0.98556,0.98573,3.60,1.50
2015.04.30 06:00:23.153,0.98557,0.98572,1.00,1.00
2015.04.30 06:00:23.204,0.98562,0.98573,1.00,1.00
2015.04.30 06:00:23.305,0.98559,0.98573,1.00,1.00
2015.04.30 06:00:23.407,0.98559,0.98575,1.00,1.00
2015.04.30 06:00:23.761,0.9856,0.98575,1.17,1.00
2015.04.30 06:00:24.064,0.98562,0.98577,1.07,1.00
2015.04.30 06:00:24.519,0.98564,0.9858,1.00,1.10
2015.04.30 06:00:27.125,0.98567,0.98583,1.50,1.55
2015.04.30 06:00:27.176,0.98567,0.98583,1.87,1.20
2015.04.30 06:00:27.484,0.9857,0.98583,1.00,1.00
2015.04.30 06:00:27.686,0.98568,0.98582,1.00,1.00
2015.04.30 06:00:28.191,0.98567,0.98581,1.00,1.00
2015.04.30 06:00:28.739,0.98568,0.98581,1.00,1.00
2015.04.30 06:00:28.992,0.98568,0.98583,1.00,1.87
2015.04.30 06:00:29.568,0.98568,0.98583,1.00,2.02
2015.04.30 06:00:29.770,0.98566,0.98582,1.00,1.10
2015.04.30 06:00:29.922,0.98566,0.98578,1.00,1.00
2015.04.30 06:00:30.174,0.98566,0.98581,1.00,1.00
2015.04.30 06:00:31.075,0.98566,0.98581,1.00,1.37
2015.04.30 06:00:31.190,0.98563,0.98581,1.10,1.87
2015.04.30 06:00:31.241,0.98563,0.98578,1.10,1.00
2015.04.30 06:00:32.813,0.98563,0.98578,1.10,1.87
2015.04.30 06:00:33.318,0.98561,0.98578,1.07,1.12
2015.04.30 06:00:33.665,0.98563,0.98578,1.07,1.12
2015.04.30 06:00:33.969,0.98563,0.98576,1.00,1.37
2015.04.30 06:00:34.070,0.98561,0.98576,1.00,1.37
2015.04.30 06:00:34.574,0.9856,0.98575,1.00,1.37
2015.04.30 06:00:35.414,0.9856,0.98575,1.00,1.12
2015.04.30 06:00:35.961,0.9856,0.98573,1.00,1.00
2015.04.30 06:00:36.470,0.9856,0.98575,1.00,1.47
2015.04.30 06:00:36.722,0.98557,0.98573,1.00,1.00
2015.04.30 06:00:37.227,0.98557,0.98572,1.00,1.00
2015.04.30 06:00:38.194,0.98557,0.98573,1.00,1.50
2015.04.30 06:00:38.345,0.98559,0.98573,1.00,1.00
2015.04.30 06:00:38.598,0.98556,0.98572,1.10,1.00
2015.04.30 06:00:38.801,0.98554,0.98571,1.20,1.00
2015.04.30 06:00:39.352,0.98554,0.98571,1.20,1.37
2015.04.30 06:00:40.857,0.98554,0.98569,1.00,1.00
2015.04.30 06:00:42.706,0.98554,0.98569,1.00,1.37
2015.04.30 06:00:43.009,0.98554,0.98571,1.00,2.02
2015.04.30 06:00:43.262,0.98554,0.98568,1.00,1.00
2015.04.30 06:00:44.216,0.98554,0.98571,1.00,1.07
2015.04.30 06:00:44.267,0.98557,0.98573,1.00,2.85
2015.04.30 06:00:44.771,0.98557,0.9857,1.00,1.12
2015.04.30 06:00:45.024,0.98553,0.9857,1.50,1.27
2015.04.30 06:00:45.126,0.98553,0.98569,1.00,3.22
2015.04.30 06:00:45.530,0.98552,0.9857,2.25,1.10
2015.04.30 06:00:45.783,0.98554,0.98571,1.00,1.17
2015.04.30 06:00:46.288,0.98554,0.98571,1.07,1.00
2015.04.30 06:00:46.827,0.98554,0.98571,1.00,1.47
2015.04.30 06:00:47.333,0.98554,0.98571,1.00,1.20
2015.04.30 06:00:48.335,0.98554,0.98571,1.00,1.47
2015.04.30 06:00:49.467,0.98554,0.98571,1.00,1.20
2015.04.30 06:00:49.922,0.98554,0.98571,1.00,1.27
2015.04.30 06:00:50.321,0.98554,0.98571,1.00,1.95
2015.04.30 06:00:50.372,0.98554,0.9857,1.00,1.37
2015.04.30 06:00:50.776,0.98554,0.98572,1.50,2.77
2015.04.30 06:00:51.291,0.98554,0.9857,1.00,1.00
2015.04.30 06:00:51.645,0.98554,0.9857,1.00,1.55
2015.04.30 06:00:51.847,0.98552,0.98568,1.00,1.27
2015.04.30 06:00:52.302,0.98549,0.98566,1.10,1.10
2015.04.30 06:00:53.912,0.98549,0.98566,1.07,1.12
2015.04.30 06:00:54.440,0.98551,0.98567,1.00,1.12
2015.04.30 06:00:56.598,0.98551,0.98567,1.00,1.37
2015.04.30 06:00:57.122,0.98551,0.98567,1.00,1.95
2015.04.30 06:00:57.324,0.98551,0.98567,1.00,2.70
2015.04.30 06:00:57.476,0.98547,0.98565,1.65,1.87
2015.04.30 06:00:57.527,0.98547,0.98563,1.17,1.37
2015.04.30 06:00:57.628,0.98548,0.98565,1.00,1.47
2015.04.30 06:00:58.009,0.98549,0.98567,1.00,1.95
2015.04.30 06:00:58.716,0.98549,0.98567,1.00,1.95
2015.04.30 06:00:59.991,0.98549,0.98567,1.00,1.95
2015.04.30 06:01:00.497,0.98549,0.98567,1.00,1.95
2015.04.30 06:01:00.648,0.98548,0.98565,1.20,1.00
2015.04.30 06:01:01.405,0.9855,0.98563,1.00,1.12
2015.04.30 06:01:01.658,0.98544,0.98559,1.17,1.00
2015.04.30 06:01:01.860,0.98543,0.9856,1.00,1.87
2015.04.30 06:01:02.365,0.98543,0.98558,1.00,1.00
2015.04.30 06:01:02.748,0.98539,0.98556,1.17,1.37
2015.04.30 06:01:02.799,0.98538,0.98555,1.20,1.37
2015.04.30 06:01:03.316,0.98541,0.98556,1.00,1.15
2015.04.30 06:01:03.367,0.98541,0.98556,1.00,1.00
2015.04.30 06:01:03.823,0.98541,0.98558,1.37,2.25
2015.04.30 06:01:05.006,0.98541,0.98558,1.37,2.25
2015.04.30 06:01:05.413,0.9854,0.98556,1.20,1.37
2015.04.30 06:01:05.717,0.98538,0.98548,1.00,1.00
2015.04.30 06:01:05.819,0.98533,0.98548,1.12,1.50
2015.04.30 06:01:05.920,0.98532,0.98548,1.00,1.00
2015.04.30 06:01:06.072,0.98535,0.98549,1.00,1.10
2015.04.30 06:01:06.225,0.98531,0.98548,1.50,1.00
2015.04.30 06:01:06.478,0.98533,0.98549,1.00,1.10
2015.04.30 06:01:07.561,0.98534,0.98549,1.00,1.10
2015.04.30 06:01:07.815,0.98535,0.98552,1.50,1.27
2015.04.30 06:01:08.082,0.98538,0.98553,1.00,1.00
2015.04.30 06:01:08.234,0.98539,0.98556,1.10,1.65
2015.04.30 06:01:08.335,0.98542,0.98556,1.00,1.20
2015.04.30 06:01:08.840,0.98543,0.98558,1.00,2.40
2015.04.30 06:01:09.143,0.98543,0.98553,1.00,1.00
2015.04.30 06:01:09.696,0.98541,0.98553,1.00,1.00
2015.04.30 06:01:10.231,0.98539,0.98553,2.32,1.00
2015.04.30 06:01:10.433,0.98539,0.98557,1.50,1.62
2015.04.30 06:01:10.741,0.98539,0.98553,1.00,1.00
2015.04.30 06:01:10.944,0.98537,0.98553,1.10,1.12
2015.04.30 06:01:10.995,0.98539,0.98553,1.00,1.12
2015.04.30 06:01:11.500,0.98538,0.98553,1.00,1.10
2015.04.30 06:01:11.804,0.98538,0.98551,1.00,1.00
2015.04.30 06:01:12.008,0.98536,0.98551,1.00,1.00
2015.04.30 06:01:12.059,0.98536,0.98548,1.00,1.00
2015.04.30 06:01:12.161,0.98535,0.98551,1.00,1.10
2015.04.30 06:01:12.414,0.98538,0.98548,1.00,1.00
2015.04.30 06:01:12.515,0.98539,0.98553,1.00,1.07
2015.04.30 06:01:12.566,0.98539,0.98553,1.00,1.00
2015.04.30 06:01:13.094,0.9854,0.98552,1.00,1.00
2015.04.30 06:01:13.407,0.98537,0.98552,1.00,1.00
2015.04.30 06:01:13.660,0.98539,0.98552,1.00,1.00
2015.04.30 06:01:14.408,0.98538,0.98552,1.00,1.00
2015.04.30 06:01:14.712,0.9854,0.98554,1.00,1.20
2015.04.30 06:01:15.078,0.98537,0.98553,1.00,1.12
2015.04.30 06:01:15.794,0.98537,0.98552,1.00,1.00
2015.04.30 06:01:15.946,0.98539,0.98552,1.00,1.00
2015.04.30 06:01:15.997,0.98539,0.98556,1.00,1.52
2015.04.30 06:01:16.149,0.9854,0.98556,1.00,1.50
2015.04.30 06:01:16.672,0.98541,0.98556,1.00,1.00
2015.04.30 06:01:17.325,0.98541,0.98558,1.00,2.02
2015.04.30 06:01:17.830,0.98541,0.98558,1.17,1.87
2015.04.30 06:01:17.931,0.98545,0.98558,1.00,1.00
2015.04.30 06:01:18.438,0.98544,0.98558,1.00,1.12
2015.04.30 06:01:19.033,0.98542,0.98558,1.10,1.12
2015.04.30 06:01:19.530,0.98542,0.98552,1.00,1.00
2015.04.30 06:01:19.783,0.98542,0.98556,1.00,1.87
2015.04.30 06:01:19.884,0.9854,0.98556,1.00,1.20
2015.04.30 06:01:20.036,0.98542,0.98557,1.00,1.45
2015.04.30 06:01:21.148,0.98542,0.98557,1.00,1.00
2015.04.30 06:01:21.250,0.98544,0.98557,1.00,1.50
2015.04.30 06:01:21.909,0.98543,0.98558,1.00,1.00
2015.04.30 06:01:22.213,0.98545,0.98558,1.00,1.00
2015.04.30 06:01:23.544,0.98543,0.98558,1.00,1.00
2015.04.30 06:01:24.230,0.98543,0.98557,1.00,1.00
2015.04.30 06:01:24.483,0.98545,0.98558,1.00,1.00
2015.04.30 06:01:24.660,0.98542,0.98558,1.87,1.00
2015.04.30 06:01:24.711,0.98545,0.98558,1.00,1.00
2015.04.30 06:01:24.862,0.98543,0.98557,1.00,1.00
2015.04.30 06:01:25.371,0.98543,0.98556,1.00,1.20
2015.04.30 06:01:25.728,0.98543,0.98558,1.00,1.50
2015.04.30 06:01:26.082,0.98541,0.98557,1.00,1.00
2015.04.30 06:01:26.183,0.98544,0.98557,1.00,1.15
2015.04.30 06:01:26.681,0.98544,0.98553,1.00,1.00
2015.04.30 06:01:26.833,0.98537,0.98553,1.00,1.15
2015.04.30 06:01:26.985,0.98537,0.98551,1.00,4.80
2015.04.30 06:01:27.187,0.98538,0.98553,1.00,1.15
2015.04.30 06:01:27.946,0.98538,0.98554,1.00,1.65
2015.04.30 06:01:28.251,0.98538,0.9855,1.00,2.40
2015.04.30 06:01:28.453,0.98538,0.98552,1.00,7.05
2015.04.30 06:01:28.504,0.98535,0.98552,1.00,4.72
2015.04.30 06:01:28.991,0.98534,0.98547,1.37,1.00
2015.04.30 06:01:29.345,0.98536,0.98551,1.00,1.00
2015.04.30 06:01:29.397,0.98536,0.98551,1.00,3.60
2015.04.30 06:01:29.795,0.98534,0.98551,1.00,3.60
2015.04.30 06:01:30.309,0.98534,0.98547,1.00,1.20
2015.04.30 06:01:30.685,0.98532,0.98547,1.50,1.20
2015.04.30 06:01:31.553,0.98531,0.98547,1.00,1.27
2015.04.30 06:01:31.604,0.9853,0.98547,1.50,1.57
2015.04.30 06:01:31.907,0.98529,0.98543,1.12,1.10
2015.04.30 06:01:32.467,0.98532,0.98543,1.00,1.10
2015.04.30 06:01:32.720,0.9853,0.98547,1.00,1.27
2015.04.30 06:01:32.872,0.9853,0.98537,1.00,1.00
2015.04.30 06:01:32.973,0.98528,0.98538,1.50,1.00
2015.04.30 06:01:33.502,0.98527,0.98538,1.00,1.00
2015.04.30 06:01:33.604,0.98528,0.98543,1.00,1.10
2015.04.30 06:01:34.569,0.98527,0.98543,2.25,1.00
2015.04.30 06:01:34.620,0.98527,0.98537,2.25,1.00
2015.04.30 06:01:35.168,0.98528,0.98537,1.00,1.00
2015.04.30 06:01:35.619,0.98527,0.98542,2.25,1.00
2015.04.30 06:01:35.670,0.98529,0.98542,1.00,1.00
2015.04.30 06:01:35.861,0.98529,0.98544,1.00,1.50
2015.04.30 06:01:35.962,0.98531,0.98547,1.00,2.40
2015.04.30 06:01:36.266,0.98534,0.98548,1.00,1.10
2015.04.30 06:01:36.570,0.98536,0.98547,1.00,1.00
2015.04.30 06:01:37.075,0.98536,0.98548,1.00,1.00
2015.04.30 06:01:37.379,0.98536,0.98547,1.00,1.95
2015.04.30 06:01:37.530,0.9853,0.98547,1.50,1.57
2015.04.30 06:01:38.344,0.9853,0.98547,2.62,1.07
2015.04.30 06:01:38.847,0.9853,0.98547,1.50,1.07
2015.04.30 06:01:41.336,0.9853,0.98543,1.50,1.00
2015.04.30 06:01:41.605,0.98527,0.98543,1.50,1.10
2015.04.30 06:01:42.285,0.98527,0.98537,1.00,1.00
2015.04.30 06:01:42.638,0.98528,0.98543,1.00,1.37
2015.04.30 06:01:42.740,0.9853,0.98543,1.00,1.00
2015.04.30 06:01:43.260,0.98531,0.98542,1.00,1.00
2015.04.30 06:01:43.362,0.98529,0.98542,1.00,1.00
2015.04.30 06:01:43.463,0.98531,0.98543,1.00,1.00
2015.04.30 06:01:43.666,0.98529,0.98543,1.00,1.00
2015.04.30 06:01:43.818,0.98529,0.98543,1.00,1.57
2015.04.30 06:01:44.324,0.98528,0.98543,1.00,1.15
2015.04.30 06:01:44.627,0.9853,0.98546,1.00,1.15
2015.04.30 06:01:45.629,0.98532,0.98546,1.00,1.52
2015.04.30 06:01:51.198,0.98532,0.98547,1.00,1.55
2015.04.30 06:01:54.645,0.9853,0.98546,1.00,1.07
2015.04.30 06:01:55.528,0.9853,0.98546,1.00,1.27
2015.04.30 06:01:55.730,0.9853,0.98543,1.00,1.27
2015.04.30 06:01:55.781,0.98526,0.98543,2.25,1.17
2015.04.30 06:01:55.832,0.98526,0.98538,1.50,1.00
2015.04.30 06:01:56.338,0.98523,0.98537,1.12,1.10
2015.04.30 06:01:56.691,0.98521,0.98537,1.00,1.10
2015.04.30 06:01:57.323,0.98521,0.98538,1.00,1.00
2015.04.30 06:01:57.995,0.98521,0.98538,1.37,1.00
2015.04.30 06:01:58.097,0.98524,0.98538,1.37,1.00
2015.04.30 06:01:58.299,0.98524,0.98538,1.50,1.00
2015.04.30 06:01:58.750,0.98523,0.98539,1.00,3.97
2015.04.30 06:01:59.053,0.98521,0.98538,1.00,1.27
2015.04.30 06:01:59.731,0.98521,0.98537,1.00,1.95
2015.04.30 06:02:00.186,0.98519,0.98536,1.50,1.27
2015.04.30 06:02:00.708,0.98517,0.98533,1.00,1.87
2015.04.30 06:02:01.011,0.98515,0.98525,1.00,1.00
2015.04.30 06:02:01.062,0.98511,0.98525,1.00,1.10
2015.04.30 06:02:01.113,0.98511,0.98523,1.00,1.00
2015.04.30 06:02:01.164,0.98508,0.98523,1.00,1.20
2015.04.30 06:02:01.265,0.98508,0.98523,1.00,2.40
2015.04.30 06:02:01.366,0.98504,0.98523,1.50,1.65
2015.04.30 06:02:01.590,0.98504,0.98522,1.00,5.55
2015.04.30 06:02:01.843,0.98502,0.9852,2.25,1.15
2015.04.30 06:02:02.355,0.98502,0.98518,3.00,1.00
2015.04.30 06:02:04.990,0.98502,0.98521,1.50,2.10
2015.04.30 06:02:05.243,0.985,0.98519,2.25,1.27
2015.04.30 06:02:05.547,0.98498,0.98513,2.32,1.00
2015.04.30 06:02:05.760,0.98496,0.98513,1.00,1.37
2015.04.30 06:02:06.164,0.98497,0.98515,2.02,1.00
2015.04.30 06:02:06.788,0.98498,0.98516,1.12,1.65
2015.04.30 06:02:07.092,0.98496,0.98513,1.57,1.00
2015.04.30 06:02:07.637,0.98496,0.98514,1.50,1.15
2015.04.30 06:02:08.447,0.98495,0.98513,1.10,1.17
2015.04.30 06:02:08.703,0.98494,0.9851,1.87,1.00
2015.04.30 06:02:09.007,0.98488,0.98492,1.20,1.00
2015.04.30 06:02:09.109,0.98488,0.98498,1.10,1.00
2015.04.30 06:02:09.159,0.98483,0.98491,1.00,2.47
2015.04.30 06:02:09.294,0.98488,0.98498,1.00,1.10
2015.04.30 06:02:09.364,0.98483,0.98503,1.07,2.40
2015.04.30 06:02:09.466,0.98487,0.98503,1.07,1.75
2015.04.30 06:02:09.581,0.98486,0.98503,1.00,1.85
2015.04.30 06:02:09.784,0.98487,0.98503,1.00,1.20
2015.04.30 06:02:10.289,0.98485,0.98503,1.17,1.10
2015.04.30 06:02:10.390,0.98485,0.98503,1.37,1.17
2015.04.30 06:02:10.441,0.98485,0.98503,1.00,1.27
2015.04.30 06:02:10.593,0.98485,0.98503,1.10,1.10
2015.04.30 06:02:11.097,0.98485,0.98503,1.10,1.50
2015.04.30 06:02:11.401,0.98482,0.985,1.20,1.12
2015.04.30 06:02:11.553,0.98484,0.98502,1.00,2.70
2015.04.30 06:02:11.755,0.98482,0.985,1.00,1.87
2015.04.30 06:02:12.058,0.98479,0.98498,1.72,1.50
2015.04.30 06:02:12.310,0.9848,0.98498,1.00,2.25
2015.04.30 06:02:12.664,0.9848,0.985,1.50,2.62
2015.04.30 06:02:13.189,0.9848,0.98497,1.50,1.00
2015.04.30 06:02:13.443,0.98481,0.98492,1.00,1.00
2015.04.30 06:02:14.303,0.98481,0.98498,1.00,1.50
2015.04.30 06:02:14.807,0.98481,0.98498,1.00,1.00
2015.04.30 06:02:15.060,0.9848,0.98498,1.00,1.87
2015.04.30 06:02:15.161,0.9848,0.98498,1.50,1.12
2015.04.30 06:02:15.414,0.98479,0.98492,1.37,1.00
2015.04.30 06:02:15.616,0.98478,0.98492,1.20,1.00
2015.04.30 06:02:16.194,0.98478,0.98492,1.10,1.00
2015.04.30 06:02:16.715,0.98479,0.98492,1.00,1.00
2015.04.30 06:02:17.247,0.98479,0.98493,1.00,1.00
2015.04.30 06:02:17.771,0.98477,0.98493,1.72,1.00
2015.04.30 06:02:18.303,0.98479,0.98493,1.00,1.00
2015.04.30 06:02:19.323,0.9848,0.98493,1.00,1.00
2015.04.30 06:02:19.374,0.98483,0.98498,1.00,1.75
2015.04.30 06:02:19.475,0.98484,0.98498,1.00,1.50
2015.04.30 06:02:19.778,0.98482,0.98498,1.00,1.12
2015.04.30 06:02:20.233,0.98481,0.98493,1.00,1.00
2015.04.30 06:02:20.536,0.98486,0.98493,1.00,1.00
2015.04.30 06:02:20.889,0.98488,0.98493,1.00,1.00
2015.04.30 06:02:21.041,0.98488,0.98498,1.00,1.00
2015.04.30 06:02:21.092,0.98488,0.98498,1.37,1.00
2015.04.30 06:02:21.143,0.98488,0.98502,1.87,1.10
2015.04.30 06:02:21.397,0.98489,0.98502,1.37,1.00
2015.04.30 06:02:21.700,0.98489,0.98497,1.00,1.00
2015.04.30 06:02:21.801,0.98489,0.98503,1.00,1.50
2015.04.30 06:02:22.005,0.9849,0.98503,1.00,1.10
2015.04.30 06:02:22.514,0.98491,0.98503,1.00,1.00
2015.04.30 06:02:22.666,0.98487,0.98503,1.00,1.50
2015.04.30 06:02:22.767,0.98487,0.98503,1.00,1.00
2015.04.30 06:02:22.868,0.9849,0.98503,1.00,1.00
2015.04.30 06:02:23.374,0.98491,0.98503,1.00,1.00
2015.04.30 06:02:23.848,0.98494,0.98503,1.00,1.00
2015.04.30 06:02:24.101,0.98492,0.98503,1.00,1.00
2015.04.30 06:02:24.758,0.98494,0.98503,1.00,1.00
2015.04.30 06:02:25.162,0.98492,0.98503,1.20,1.00
2015.04.30 06:02:25.415,0.98495,0.98508,1.00,1.10
2015.04.30 06:02:25.617,0.98497,0.98508,1.00,1.00
2015.04.30 06:02:25.819,0.98495,0.98508,1.00,1.00
2015.04.30 06:02:26.032,0.98497,0.98508,1.00,1.00
2015.04.30 06:02:27.437,0.98497,0.98508,1.15,1.00
2015.04.30 06:02:27.741,0.985,0.98512,1.00,1.00
2015.04.30 06:02:27.792,0.98501,0.98512,2.47,1.00
2015.04.30 06:02:28.045,0.98505,0.98518,3.22,1.00
2015.04.30 06:02:28.955,0.98507,0.98517,1.07,1.00
2015.04.30 06:02:29.425,0.9851,0.98523,2.47,1.00
2015.04.30 06:02:29.476,0.9851,0.98518,2.47,1.00
2015.04.30 06:02:29.729,0.98512,0.98523,1.00,1.00
2015.04.30 06:02:30.243,0.98509,0.98517,1.00,1.00
2015.04.30 06:02:30.346,0.98505,0.98518,1.00,1.00
2015.04.30 06:02:30.497,0.98505,0.98513,1.00,1.00
2015.04.30 06:02:30.649,0.98502,0.98513,1.17,1.00
2015.04.30 06:02:30.802,0.98502,0.98517,1.17,1.00
2015.04.30 06:02:30.903,0.98503,0.98513,1.10,1.00
2015.04.30 06:02:31.206,0.985,0.98513,1.07,1.00
2015.04.30 06:02:31.560,0.98499,0.98516,2.40,1.00
2015.04.30 06:02:31.712,0.98503,0.98517,1.00,1.00
2015.04.30 06:02:32.236,0.98503,0.98518,1.00,1.00
2015.04.30 06:02:32.542,0.98503,0.98517,1.15,1.00
2015.04.30 06:02:32.914,0.98505,0.98517,1.15,1.00
2015.04.30 06:02:33.218,0.98508,0.98523,1.00,1.10
2015.04.30 06:02:33.319,0.98508,0.98523,1.17,1.10
2015.04.30 06:02:33.522,0.98508,0.98523,1.00,1.00
2015.04.30 06:02:33.749,0.98511,0.98523,1.00,1.00
2015.04.30 06:02:33.851,0.98509,0.98523,1.00,1.00
2015.04.30 06:02:33.952,0.98511,0.98523,1.00,1.00
2015.04.30 06:02:34.255,0.98511,0.98521,1.00,1.00
2015.04.30 06:02:34.357,0.98506,0.98523,1.00,1.10
2015.04.30 06:02:34.570,0.98506,0.98521,1.00,1.10
2015.04.30 06:02:34.722,0.98507,0.98523,1.00,1.00
2015.04.30 06:02:35.026,0.9851,0.98523,1.00,1.00
2015.04.30 06:02:35.532,0.9851,0.98521,1.00,1.00
2015.04.30 06:02:35.684,0.98507,0.98519,1.00,1.00
2015.04.30 06:02:35.761,0.98508,0.98522,1.00,1.10
2015.04.30 06:02:36.280,0.98509,0.98522,1.00,1.10
2015.04.30 06:02:36.684,0.98511,0.98522,1.00,1.10
2015.04.30 06:02:37.037,0.98508,0.98522,1.00,1.20
2015.04.30 06:02:37.138,0.98508,0.98519,1.00,1.00
2015.04.30 06:02:37.341,0.98504,0.98516,1.10,1.12
2015.04.30 06:02:37.543,0.98502,0.98516,1.00,1.75
2015.04.30 06:02:37.694,0.985,0.98513,1.00,1.10
2015.04.30 06:02:38.124,0.98502,0.98512,1.00,1.00
2015.04.30 06:02:38.632,0.98503,0.98512,1.00,1.00
2015.04.30 06:02:39.138,0.98504,0.98512,1.50,1.00
2015.04.30 06:02:39.189,0.98504,0.98518,1.95,1.00
2015.04.30 06:02:39.240,0.98507,0.98518,1.00,1.00
2015.04.30 06:02:39.672,0.98509,0.98518,1.00,1.00
2015.04.30 06:02:39.723,0.98509,0.98523,1.00,1.00
2015.04.30 06:02:40.754,0.98508,0.98523,1.00,1.00
2015.04.30 06:02:40.956,0.98511,0.98525,1.00,1.10
2015.04.30 06:02:41.259,0.98511,0.98523,1.00,1.00
2015.04.30 06:02:41.613,0.98508,0.98523,1.00,1.10
2015.04.30 06:02:42.044,0.98508,0.98523,1.00,2.40
2015.04.30 06:02:42.407,0.98505,0.98518,1.00,1.00
2015.04.30 06:02:42.812,0.98505,0.98523,1.00,3.15
2015.04.30 06:02:42.964,0.98507,0.98523,1.00,2.40
2015.04.30 06:02:43.471,0.98507,0.9852,1.00,1.00
2015.04.30 06:02:43.952,0.98505,0.98521,1.00,1.50
2015.04.30 06:02:44.053,0.98507,0.98523,1.00,2.40
2015.04.30 06:02:44.154,0.98505,0.98523,1.00,3.15
2015.04.30 06:02:44.357,0.98505,0.98523,1.00,2.77
2015.04.30 06:02:44.408,0.98511,0.98523,1.00,2.02
2015.04.30 06:02:45.833,0.98509,0.98523,1.00,1.87
2015.04.30 06:02:45.985,0.98506,0.98523,1.00,1.87
2015.04.30 06:02:46.237,0.98508,0.98523,1.00,1.95
2015.04.30 06:02:46.844,0.98508,0.98523,1.00,1.57
2015.04.30 06:02:47.642,0.98509,0.98523,1.00,1.10
2015.04.30 06:02:48.071,0.98511,0.98523,1.00,1.10
2015.04.30 06:02:48.176,0.98511,0.98528,1.00,3.07
2015.04.30 06:02:48.699,0.98515,0.98528,1.50,1.50
2015.04.30 06:02:48.851,0.98514,0.98528,1.00,1.10
2015.04.30 06:02:48.953,0.98514,0.98528,1.00,1.50
2015.04.30 06:02:49.458,0.98512,0.98528,1.20,1.50
2015.04.30 06:02:49.780,0.98512,0.98528,4.72,1.50
2015.04.30 06:02:50.084,0.98518,0.98533,2.47,1.75
2015.04.30 06:02:50.186,0.98518,0.98533,1.00,1.10
2015.04.30 06:02:50.540,0.9852,0.98533,1.00,1.20
2015.04.30 06:02:50.890,0.98515,0.98528,1.00,1.12
2015.04.30 06:02:51.366,0.98515,0.98533,1.07,3.82
2015.04.30 06:02:51.619,0.9852,0.98533,1.00,1.00
2015.04.30 06:02:51.839,0.98522,0.98533,1.00,1.00
2015.04.30 06:02:52.143,0.98523,0.98537,1.00,1.87
2015.04.30 06:02:52.347,0.98523,0.98537,1.07,1.87
2015.04.30 06:02:52.449,0.98523,0.98537,1.65,1.87
2015.04.30 06:02:52.601,0.98523,0.98533,1.00,1.00
2015.04.30 06:02:52.703,0.98522,0.98537,1.00,1.12
2015.04.30 06:02:52.754,0.9852,0.98537,1.00,1.20
2015.04.30 06:02:52.855,0.98522,0.98535,1.00,1.10
2015.04.30 06:02:52.956,0.98519,0.98535,1.00,1.20
2015.04.30 06:02:53.418,0.98517,0.98534,1.00,1.00
2015.04.30 06:02:53.777,0.98517,0.98532,1.00,1.00
2015.04.30 06:02:54.103,0.98515,0.98531,1.10,1.17
2015.04.30 06:02:54.604,0.98515,0.98532,1.50,1.20
2015.04.30 06:02:54.967,0.98515,0.9853,1.00,1.00
2015.04.30 06:02:56.185,0.98515,0.9853,1.00,1.17
2015.04.30 06:02:56.387,0.98513,0.9853,1.50,1.27
2015.04.30 06:02:56.994,0.98513,0.98527,1.00,1.07
2015.04.30 06:02:57.045,0.98511,0.98527,1.00,1.07
2015.04.30 06:02:57.247,0.98508,0.98526,1.87,1.27
2015.04.30 06:02:57.500,0.98514,0.98526,1.00,1.12
2015.04.30 06:02:57.753,0.98514,0.9853,1.65,1.00
2015.04.30 06:02:57.870,0.98517,0.98527,1.00,1.00
2015.04.30 06:02:58.022,0.98513,0.98527,1.00,1.10
2015.04.30 06:02:59.000,0.98511,0.98528,1.50,1.12
2015.04.30 06:02:59.434,0.98513,0.98528,1.00,1.12
2015.04.30 06:03:01.412,0.98513,0.98529,1.00,1.27
2015.04.30 06:03:01.939,0.98513,0.98528,1.10,1.00
2015.04.30 06:03:01.990,0.98515,0.98528,1.00,1.00
2015.04.30 06:03:02.041,0.98515,0.9853,1.00,1.10
2015.04.30 06:03:02.417,0.98513,0.9853,1.10,1.10
2015.04.30 06:03:02.919,0.98513,0.9853,1.10,1.57
2015.04.30 06:03:03.470,0.98513,0.98528,1.10,1.20
2015.04.30 06:03:05.667,0.98513,0.98522,1.00,1.00
2015.04.30 06:03:06.786,0.98513,0.98524,1.00,1.00
2015.04.30 06:03:06.837,0.9851,0.98524,1.00,1.50
2015.04.30 06:03:07.141,0.98508,0.98523,1.50,1.00
2015.04.30 06:03:07.888,0.9851,0.98523,1.00,1.00
2015.04.30 06:03:08.192,0.98516,0.98529,1.10,1.00
2015.04.30 06:03:08.495,0.98514,0.9853,1.00,2.25
2015.04.30 06:03:08.596,0.98511,0.98528,1.57,1.12
2015.04.30 06:03:09.106,0.98511,0.98528,1.00,2.25
2015.04.30 06:03:09.207,0.98511,0.98528,1.00,2.62
2015.04.30 06:03:10.418,0.98511,0.98526,1.00,1.75
2015.04.30 06:03:11.087,0.98511,0.98528,1.17,1.75
2015.04.30 06:03:11.523,0.98513,0.98528,1.00,1.12
2015.04.30 06:03:14.135,0.98513,0.98528,1.00,1.95
2015.04.30 06:03:14.658,0.98513,0.98528,1.00,1.95
2015.04.30 06:03:15.639,0.98511,0.98528,1.10,1.95
2015.04.30 06:03:16.554,0.98511,0.98528,1.57,1.20
2015.04.30 06:03:18.530,0.98511,0.98527,1.07,1.00
2015.04.30 06:03:19.050,0.98511,0.98528,2.02,1.00
2015.04.30 06:03:19.203,0.98512,0.98528,1.27,1.00
2015.04.30 06:03:19.708,0.98512,0.98528,1.87,1.57
2015.04.30 06:03:20.837,0.98512,0.98528,1.10,1.00
2015.04.30 06:03:21.141,0.98507,0.98523,1.75,1.57
2015.04.30 06:03:21.192,0.98507,0.98523,1.00,1.10
2015.04.30 06:03:21.293,0.98507,0.98517,1.00,1.00
2015.04.30 06:03:21.394,0.98507,0.98522,1.00,1.00
2015.04.30 06:03:21.495,0.98506,0.98518,1.10,1.00
2015.04.30 06:03:21.949,0.98507,0.98523,1.00,1.00
2015.04.30 06:03:22.231,0.9851,0.98523,1.00,1.00
2015.04.30 06:03:22.493,0.98507,0.98522,1.10,1.00
2015.04.30 06:03:24.048,0.98507,0.98523,1.10,1.00
2015.04.30 06:03:24.200,0.98509,0.98523,1.00,1.00
2015.04.30 06:03:24.559,0.98509,0.98523,1.07,1.00
2015.04.30 06:03:32.734,0.98509,0.98523,3.30,1.00
2015.04.30 06:03:33.056,0.98512,0.98528,1.10,1.00
2015.04.30 06:03:33.208,0.98516,0.98528,1.00,1.00
2015.04.30 06:03:33.460,0.98514,0.98528,1.00,1.00
2015.04.30 06:03:35.050,0.98514,0.98529,1.00,1.00
2015.04.30 06:03:35.152,0.98515,0.98532,1.00,2.32
2015.04.30 06:03:35.656,0.98518,0.98533,1.00,1.12
2015.04.30 06:03:35.959,0.9852,0.98532,1.00,1.37
2015.04.30 06:03:36.212,0.98517,0.9853,1.00,1.00
2015.04.30 06:03:36.314,0.98515,0.9853,1.00,1.00
2015.04.30 06:03:36.466,0.98515,0.98527,2.02,1.00
2015.04.30 06:03:36.567,0.98515,0.98533,2.10,1.57
2015.04.30 06:03:36.770,0.98517,0.98532,2.02,1.00
2015.04.30 06:03:36.871,0.98522,0.98537,1.00,1.57
2015.04.30 06:03:37.073,0.98524,0.98537,1.00,1.00
2015.04.30 06:03:37.725,0.98521,0.98537,1.10,1.00
2015.04.30 06:03:37.877,0.98524,0.98537,1.27,1.00
2015.04.30 06:03:37.928,0.98524,0.98539,1.27,1.10
2015.04.30 06:03:38.130,0.98527,0.98542,1.00,1.00
2015.04.30 06:03:38.675,0.98529,0.98543,1.00,1.00
2015.04.30 06:03:39.570,0.98529,0.98542,1.00,1.00
2015.04.30 06:03:40.077,0.98528,0.98542,1.00,1.50
2015.04.30 06:03:40.683,0.98528,0.98543,1.00,1.00
2015.04.30 06:03:41.034,0.98531,0.98543,1.00,1.00
2015.04.30 06:03:41.585,0.9853,0.98534,1.00,1.00
2015.04.30 06:03:41.686,0.98526,0.98541,1.10,1.00
2015.04.30 06:03:41.737,0.98526,0.98541,1.00,1.75
2015.04.30 06:03:41.889,0.98526,0.98541,1.00,1.12
2015.04.30 06:03:42.041,0.98528,0.98541,1.00,1.50
2015.04.30 06:03:42.346,0.98535,0.98545,1.00,1.75
2015.04.30 06:03:42.396,0.98535,0.98545,1.00,1.00
2015.04.30 06:03:42.447,0.98533,0.98545,1.00,1.00
2015.04.30 06:03:42.649,0.98533,0.98543,1.00,1.00
2015.04.30 06:03:42.700,0.9853,0.98543,1.00,1.00
2015.04.30 06:03:42.903,0.98528,0.98542,1.00,1.10
2015.04.30 06:03:45.452,0.98528,0.98542,1.00,1.47
2015.04.30 06:03:45.966,0.98528,0.98542,1.00,1.20
2015.04.30 06:03:47.469,0.98528,0.98542,1.00,1.20
2015.04.30 06:03:48.742,0.98531,0.98542,1.00,1.17
2015.04.30 06:03:48.793,0.98531,0.98545,1.00,1.65
2015.04.30 06:03:48.894,0.98531,0.98545,1.12,1.00
2015.04.30 06:03:49.098,0.98532,0.98547,1.00,1.00
2015.04.30 06:03:49.301,0.98536,0.98547,1.00,1.00
2015.04.30 06:03:49.604,0.98531,0.98547,1.00,1.00
2015.04.30 06:03:49.879,0.98529,0.98547,1.57,1.50
2015.04.30 06:03:49.932,0.98531,0.98547,1.00,1.10
2015.04.30 06:03:50.286,0.98536,0.98548,1.00,1.57
2015.04.30 06:03:50.691,0.98536,0.9855,1.00,1.10
2015.04.30 06:03:50.842,0.98538,0.9855,1.00,1.10
2015.04.30 06:03:51.146,0.98538,0.98548,1.00,1.00
2015.04.30 06:03:51.248,0.98534,0.98548,1.12,1.00
2015.04.30 06:03:54.872,0.98532,0.98548,1.00,1.57
2015.04.30 06:03:55.132,0.98534,0.98548,1.00,2.32
2015.04.30 06:03:57.245,0.98534,0.98547,1.00,1.00
2015.04.30 06:03:57.403,0.98531,0.98548,1.00,2.02
2015.04.30 06:03:57.457,0.98531,0.98545,1.00,1.00
2015.04.30 06:03:57.760,0.98528,0.98541,1.00,1.07
2015.04.30 06:03:57.862,0.98526,0.98541,1.00,1.00
2015.04.30 06:03:58.064,0.98528,0.98541,1.00,1.00
2015.04.30 06:03:58.369,0.9853,0.98545,1.07,1.10
2015.04.30 06:03:58.693,0.98532,0.98547,1.00,1.50
2015.04.30 06:03:59.512,0.98529,0.98542,1.00,1.00
2015.04.30 06:03:59.975,0.98527,0.98542,1.00,1.50
2015.04.30 06:04:00.379,0.98531,0.98543,1.00,1.12
2015.04.30 06:04:00.965,0.98531,0.98542,1.00,1.00
2015.04.30 06:04:01.066,0.98528,0.98542,1.00,1.00
2015.04.30 06:04:03.710,0.9853,0.98542,1.00,1.00
2015.04.30 06:04:03.812,0.98527,0.98542,1.12,1.00
2015.04.30 06:04:04.669,0.98531,0.98542,1.00,1.00
2015.04.30 06:04:04.923,0.98527,0.9854,1.00,1.12
2015.04.30 06:04:05.469,0.98526,0.98539,1.00,1.00
2015.04.30 06:04:06.724,0.98526,0.98535,1.00,1.00
2015.04.30 06:04:07.010,0.98523,0.98536,1.00,1.52
2015.04.30 06:04:07.111,0.9852,0.98536,1.00,2.40
2015.04.30 06:04:07.162,0.9852,0.98535,1.00,3.67
2015.04.30 06:04:07.677,0.9852,0.98534,1.00,1.17
2015.04.30 06:04:10.361,0.9852,0.98534,1.00,1.65
2015.04.30 06:04:10.613,0.98516,0.98532,1.00,1.55
2015.04.30 06:04:11.143,0.98516,0.9853,1.00,1.00
2015.04.30 06:04:12.339,0.98516,0.98531,1.00,1.20
2015.04.30 06:04:12.491,0.98516,0.98533,2.40,1.87
2015.04.30 06:04:13.001,0.98516,0.98532,4.72,1.00
2015.04.30 06:04:13.355,0.98523,0.98532,1.00,1.00
2015.04.30 06:04:13.660,0.98522,0.98537,1.65,1.00
2015.04.30 06:04:13.862,0.98523,0.98533,1.10,1.00
2015.04.30 06:04:14.842,0.98523,0.98538,1.10,1.20
2015.04.30 06:04:15.557,0.98525,0.98538,1.00,1.00
2015.04.30 06:04:19.614,0.98525,0.98541,1.00,2.02
2015.04.30 06:04:20.163,0.98525,0.98542,2.32,1.37
2015.04.30 06:04:20.213,0.98527,0.98542,1.00,1.12
2015.04.30 06:04:20.744,0.9853,0.98543,1.00,1.10
2015.04.30 06:04:21.249,0.98531,0.98546,1.00,1.12
2015.04.30 06:04:21.763,0.98532,0.98548,1.00,1.37
2015.04.30 06:04:21.915,0.98532,0.98548,1.00,1.12
2015.04.30 06:04:22.269,0.98536,0.98548,1.00,1.00
2015.04.30 06:04:22.881,0.98536,0.98548,1.00,1.12
2015.04.30 06:04:23.388,0.98536,0.98548,1.00,1.10
2015.04.30 06:04:24.015,0.98541,0.98548,1.00,1.10
2015.04.30 06:04:24.217,0.98544,0.98558,1.50,2.25
2015.04.30 06:04:24.319,0.98546,0.98561,1.00,1.12
2015.04.30 06:04:24.521,0.98549,0.98562,1.00,2.25
2015.04.30 06:04:24.572,0.98549,0.98562,1.00,1.00
2015.04.30 06:04:24.875,0.98549,0.98565,1.00,1.65
2015.04.30 06:04:25.480,0.98551,0.98565,1.00,1.50
2015.04.30 06:04:26.036,0.98549,0.98565,1.00,1.87
2015.04.30 06:04:28.349,0.98551,0.98565,1.00,1.37
2015.04.30 06:04:28.653,0.98549,0.98563,1.00,1.12
2015.04.30 06:04:29.007,0.98549,0.98563,1.00,1.95
2015.04.30 06:04:31.819,0.98547,0.98562,1.50,1.37
2015.04.30 06:04:35.020,0.98549,0.98563,1.00,1.65
2015.04.30 06:04:35.660,0.98549,0.98563,1.00,1.10
2015.04.30 06:04:37.213,0.98551,0.98566,1.00,2.55
2015.04.30 06:04:37.264,0.98551,0.98568,1.00,6.67
2015.04.30 06:04:37.416,0.98551,0.98568,1.37,1.20
2015.04.30 06:04:37.919,0.98553,0.98569,1.12,1.27
2015.04.30 06:04:39.477,0.98552,0.98569,1.37,1.50
2015.04.30 06:04:39.982,0.98552,0.98569,1.12,1.65
2015.04.30 06:04:40.592,0.98553,0.98571,1.00,1.27
2015.04.30 06:04:40.744,0.98556,0.98572,1.00,1.27
2015.04.30 06:04:42.953,0.98554,0.98572,1.00,1.65
2015.04.30 06:04:43.671,0.98554,0.9857,1.50,1.00
2015.04.30 06:04:43.721,0.98556,0.9857,1.00,1.00
2015.04.30 06:04:44.055,0.98554,0.9857,1.00,1.00
2015.04.30 06:04:44.570,0.98553,0.9857,1.12,1.15
2015.04.30 06:04:45.024,0.98556,0.9857,1.00,1.15
2015.04.30 06:04:45.176,0.98554,0.98571,1.12,1.17
2015.04.30 06:04:45.277,0.98554,0.98571,1.12,1.20
2015.04.30 06:04:45.428,0.98555,0.98572,1.00,6.67
2015.04.30 06:04:45.580,0.98552,0.98569,1.00,1.27
2015.04.30 06:04:45.940,0.98553,0.98569,1.00,3.60
2015.04.30 06:04:46.146,0.98548,0.98566,1.50,3.60
2015.04.30 06:04:47.643,0.98548,0.98563,1.00,1.47
2015.04.30 06:04:47.795,0.98546,0.98563,1.57,1.47
2015.04.30 06:04:48.326,0.98546,0.98561,1.00,1.10
2015.04.30 06:04:50.337,0.98546,0.98561,1.15,1.00
2015.04.30 06:04:50.489,0.98549,0.98564,1.12,1.00
2015.04.30 06:04:50.742,0.9855,0.98567,1.50,1.10
2015.04.30 06:04:50.994,0.98553,0.98567,1.00,1.10
2015.04.30 06:04:51.196,0.98549,0.98566,1.00,1.00
2015.04.30 06:04:51.377,0.98549,0.98563,1.00,1.10
2015.04.30 06:04:51.693,0.98547,0.9856,1.00,1.10
2015.04.30 06:04:51.744,0.98544,0.9856,1.12,1.10
2015.04.30 06:04:51.997,0.98548,0.9856,1.00,1.10
2015.04.30 06:04:53.501,0.98545,0.9856,1.00,1.10
2015.04.30 06:04:53.791,0.98545,0.98562,1.37,2.02
2015.04.30 06:04:54.153,0.98548,0.98562,1.00,1.20
2015.04.30 06:04:54.659,0.98549,0.98564,1.00,2.40
2015.04.30 06:04:55.671,0.98549,0.98566,1.37,2.02
2015.04.30 06:04:56.314,0.98549,0.98563,2.25,1.00
2015.04.30 06:04:56.619,0.98552,0.98563,1.00,1.00
2015.04.30 06:04:56.721,0.98549,0.98563,1.00,1.12
2015.04.30 06:04:57.367,0.98547,0.98563,1.12,1.20
2015.04.30 06:04:57.899,0.98545,0.98562,1.00,2.77
2015.04.30 06:04:58.360,0.98548,0.98562,1.00,1.20
2015.04.30 06:05:00.136,0.98545,0.98561,1.50,1.00
2015.04.30 06:05:00.721,0.98545,0.98561,1.00,2.02
2015.04.30 06:05:13.448,0.98544,0.98558,1.00,1.12
2015.04.30 06:05:13.549,0.98541,0.98559,2.32,1.27
2015.04.30 06:05:13.912,0.98541,0.98559,2.25,2.02
2015.04.30 06:05:14.064,0.98537,0.98554,2.70,1.10
2015.04.30 06:05:14.572,0.98539,0.98555,1.00,1.10
2015.04.30 06:05:15.092,0.9854,0.98556,1.50,1.00
2015.04.30 06:05:15.396,0.98542,0.98557,1.00,1.00
2015.04.30 06:05:17.713,0.98543,0.98557,1.00,1.00
2015.04.30 06:05:18.016,0.98546,0.98559,1.00,1.00
2015.04.30 06:05:18.534,0.98546,0.9856,1.00,1.00
2015.04.30 06:05:19.443,0.98546,0.98562,1.00,2.10
2015.04.30 06:05:19.847,0.98544,0.98561,1.50,1.20
2015.04.30 06:05:20.049,0.98546,0.98563,1.00,2.40
2015.04.30 06:05:21.458,0.98546,0.98563,1.00,3.07
2015.04.30 06:05:23.243,0.98547,0.98563,1.50,1.20
2015.04.30 06:05:23.546,0.9855,0.98568,2.25,2.77
2015.04.30 06:05:23.648,0.9855,0.98568,2.62,2.02
2015.04.30 06:05:23.773,0.98552,0.98568,1.00,1.27
2015.04.30 06:05:24.077,0.98557,0.98573,1.10,1.50
2015.04.30 06:05:24.178,0.98557,0.98574,1.00,2.02
2015.04.30 06:05:24.330,0.98563,0.98573,1.00,1.10
2015.04.30 06:05:24.431,0.9856,0.98577,1.50,3.90
2015.04.30 06:05:24.634,0.98559,0.98577,2.25,1.17
2015.04.30 06:05:24.735,0.98562,0.98578,1.00,1.20
2015.04.30 06:05:24.937,0.98561,0.98578,1.00,1.20
2015.04.30 06:05:25.089,0.98561,0.98578,1.00,2.02
2015.04.30 06:05:25.292,0.98559,0.98576,1.00,1.10
2015.04.30 06:05:25.929,0.98559,0.98576,1.00,2.02
2015.04.30 06:05:27.933,0.98563,0.98575,1.00,1.65
2015.04.30 06:05:28.035,0.98561,0.98573,1.12,1.00
2015.04.30 06:05:28.136,0.98562,0.98578,1.00,1.47
2015.04.30 06:05:28.237,0.98563,0.98581,1.00,5.47
2015.04.30 06:05:28.388,0.98564,0.98581,1.00,2.10
2015.04.30 06:05:29.946,0.98564,0.98579,1.00,1.00
2015.04.30 06:05:30.451,0.98566,0.98581,1.00,1.10
2015.04.30 06:05:30.954,0.98566,0.98583,1.87,2.32
2015.04.30 06:05:31.115,0.98568,0.98583,1.00,1.57
2015.04.30 06:05:32.392,0.98566,0.98582,1.12,1.00
2015.04.30 06:05:33.269,0.98567,0.98582,1.00,1.00
2015.04.30 06:05:33.323,0.98567,0.98585,1.87,2.85
2015.04.30 06:05:34.008,0.98567,0.98581,1.50,1.00
2015.04.30 06:05:34.059,0.98565,0.9858,1.12,1.00
2015.04.30 06:05:34.564,0.98564,0.9858,1.12,2.02
2015.04.30 06:05:35.714,0.98564,0.9858,1.87,1.27
2015.04.30 06:05:35.967,0.98567,0.98585,1.95,1.95
2015.04.30 06:05:36.119,0.98567,0.98585,1.87,1.95
2015.04.30 06:05:36.670,0.98567,0.98585,1.87,1.65
2015.04.30 06:05:37.202,0.98568,0.98585,1.00,1.65
2015.04.30 06:05:37.361,0.98567,0.98583,2.62,1.00
2015.04.30 06:05:37.570,0.98567,0.98585,1.50,2.02
2015.04.30 06:05:38.741,0.98568,0.98585,1.00,2.02
2015.04.30 06:05:40.337,0.98568,0.98583,1.00,1.00
2015.04.30 06:05:40.882,0.98567,0.98582,1.00,1.10
2015.04.30 06:05:41.185,0.98565,0.9858,1.00,1.00
2015.04.30 06:05:41.491,0.98563,0.9858,1.87,1.10
2015.04.30 06:05:42.962,0.98563,0.98579,1.87,1.00
2015.04.30 06:05:43.371,0.98561,0.98576,1.00,1.00
2015.04.30 06:05:43.592,0.98561,0.98578,1.00,2.02
2015.04.30 06:05:43.846,0.98561,0.98573,1.00,1.00
2015.04.30 06:05:43.999,0.98558,0.98573,2.40,1.00
2015.04.30 06:05:44.399,0.98558,0.98576,1.65,1.00
2015.04.30 06:05:44.450,0.98561,0.98576,1.00,1.00
2015.04.30 06:05:45.016,0.98561,0.98577,1.00,1.00
2015.04.30 06:05:45.551,0.98566,0.98578,1.00,1.50
2015.04.30 06:05:45.652,0.98563,0.9858,1.52,1.00
2015.04.30 06:05:45.703,0.98563,0.9858,1.45,1.10
2015.04.30 06:05:46.178,0.98566,0.98581,1.00,1.17
2015.04.30 06:05:46.229,0.98566,0.98582,1.50,1.10
2015.04.30 06:05:46.330,0.98566,0.98582,1.50,1.15
2015.04.30 06:05:46.634,0.98566,0.98578,1.00,1.00
2015.04.30 06:05:46.988,0.98564,0.98578,1.00,1.10
2015.04.30 06:05:47.411,0.98562,0.98578,1.00,1.20
2015.04.30 06:05:48.071,0.98564,0.9858,1.00,1.10
2015.04.30 06:05:48.374,0.98561,0.98574,1.00,1.00
2015.04.30 06:05:48.628,0.98557,0.98573,2.25,1.12
2015.04.30 06:05:48.678,0.98561,0.98573,1.00,1.12
2015.04.30 06:05:48.780,0.98559,0.98573,1.00,1.00
2015.04.30 06:05:49.184,0.98556,0.98571,1.65,1.00
2015.04.30 06:05:49.285,0.98558,0.98571,1.00,1.10
2015.04.30 06:05:49.790,0.98557,0.98573,1.00,2.02
2015.04.30 06:05:50.094,0.98555,0.98572,1.57,1.00
2015.04.30 06:05:50.773,0.98555,0.98569,1.50,1.00
2015.04.30 06:05:51.283,0.98557,0.98568,1.00,1.00
2015.04.30 06:05:51.588,0.98566,0.98578,1.00,1.00
2015.04.30 06:05:52.093,0.98565,0.98578,2.25,1.00
2015.04.30 06:05:52.345,0.98565,0.98581,1.50,1.07
2015.04.30 06:05:53.030,0.98565,0.98581,1.50,1.00
2015.04.30 06:05:53.183,0.98565,0.98578,1.50,1.00
2015.04.30 06:05:53.340,0.98565,0.98581,1.50,1.10
2015.04.30 06:05:53.543,0.98567,0.98582,1.00,1.00
2015.04.30 06:05:53.846,0.98568,0.98583,1.07,1.00
2015.04.30 06:05:54.149,0.98566,0.98583,1.10,1.20
2015.04.30 06:05:54.665,0.98566,0.98583,1.00,1.47
2015.04.30 06:05:54.883,0.98567,0.98583,1.00,1.10
2015.04.30 06:05:54.984,0.9857,0.98586,1.00,1.65
2015.04.30 06:05:55.136,0.98571,0.98588,1.00,2.02
2015.04.30 06:05:55.237,0.98573,0.98587,1.00,1.07
2015.04.30 06:05:55.781,0.98573,0.98587,1.50,1.00
2015.04.30 06:05:56.084,0.98577,0.98593,1.00,1.65
2015.04.30 06:05:56.600,0.98576,0.98587,1.10,1.00
2015.04.30 06:05:57.126,0.98576,0.98588,1.10,1.00
2015.04.30 06:05:57.641,0.98575,0.98588,1.57,1.00
2015.04.30 06:05:58.783,0.98574,0.98588,1.00,1.00
2015.04.30 06:05:59.190,0.98571,0.98586,1.00,1.00
2015.04.30 06:05:59.241,0.98571,0.98583,1.00,1.00
2015.04.30 06:05:59.392,0.98568,0.98583,1.00,1.87
2015.04.30 06:05:59.443,0.98568,0.98583,1.00,2.77
2015.04.30 06:05:59.494,0.98565,0.98583,1.10,3.15
2015.04.30 06:05:59.595,0.98565,0.98578,1.00,1.00
2015.04.30 06:05:59.899,0.98569,0.98578,1.00,1.00
2015.04.30 06:06:00.163,0.98571,0.98582,1.00,1.00
2015.04.30 06:06:00.222,0.98569,0.98582,1.10,1.00
2015.04.30 06:06:00.676,0.98567,0.98583,1.00,1.17
2015.04.30 06:06:00.843,0.98564,0.98578,1.00,1.00
2015.04.30 06:06:01.197,0.98566,0.98578,1.00,1.00
2015.04.30 06:06:01.348,0.98567,0.98582,1.00,1.10
2015.04.30 06:06:01.858,0.98567,0.98583,1.00,1.10
2015.04.30 06:06:02.110,0.98575,0.98582,1.00,1.00
2015.04.30 06:06:02.212,0.98572,0.98588,1.17,1.75
2015.04.30 06:06:02.263,0.98572,0.98588,1.00,1.57
2015.04.30 06:06:02.314,0.98574,0.98588,1.87,1.57
2015.04.30 06:06:02.365,0.98574,0.98588,1.87,1.10
2015.04.30 06:06:02.567,0.98573,0.98587,1.10,1.17
2015.04.30 06:06:02.913,0.98571,0.98586,1.00,1.10
2015.04.30 06:06:03.014,0.98569,0.98586,1.50,1.10
2015.04.30 06:06:03.218,0.98572,0.98587,1.00,1.27
2015.04.30 06:06:03.523,0.98574,0.98588,1.00,1.00
2015.04.30 06:06:03.675,0.98572,0.98587,1.00,1.00
2015.04.30 06:06:03.927,0.98568,0.98585,1.85,1.50
2015.04.30 06:06:04.029,0.98568,0.98583,1.10,1.20
2015.04.30 06:06:04.130,0.9857,0.98583,1.00,1.20
2015.04.30 06:06:04.232,0.98568,0.98582,1.10,1.00
2015.04.30 06:06:04.333,0.98568,0.98585,1.57,1.00
2015.04.30 06:06:04.632,0.9857,0.98588,1.10,2.40
2015.04.30 06:06:05.139,0.9857,0.98588,1.10,2.77
2015.04.30 06:06:05.444,0.9857,0.98588,1.10,3.52
2015.04.30 06:06:05.968,0.98568,0.98586,1.57,1.87
2015.04.30 06:06:06.274,0.98568,0.98586,1.20,2.62
2015.04.30 06:06:06.780,0.98568,0.98586,1.00,1.65
2015.04.30 06:06:08.131,0.98571,0.98586,1.00,1.65
2015.04.30 06:06:08.182,0.98571,0.98586,1.00,1.57
2015.04.30 06:06:08.724,0.98569,0.98586,1.20,1.65
2015.04.30 06:06:09.526,0.98573,0.98586,1.00,1.15
2015.04.30 06:06:09.627,0.98574,0.98591,1.50,2.40
2015.04.30 06:06:10.054,0.98576,0.98592,1.00,1.65
2015.04.30 06:06:10.357,0.98571,0.98584,1.75,1.00
2015.04.30 06:06:10.408,0.98571,0.98584,1.87,1.00
2015.04.30 06:06:10.509,0.98573,0.98588,1.00,1.10
2015.04.30 06:06:10.761,0.98573,0.98587,1.00,1.07
2015.04.30 06:06:10.913,0.98571,0.98587,1.00,1.17
2015.04.30 06:06:10.964,0.98573,0.98589,1.00,1.57
2015.04.30 06:06:11.015,0.98574,0.9859,1.00,1.10
2015.04.30 06:06:11.117,0.98576,0.9859,1.00,1.17
2015.04.30 06:06:11.268,0.98576,0.98592,1.00,1.07
2015.04.30 06:06:11.571,0.98577,0.98591,1.50,1.10
2015.04.30 06:06:11.824,0.98578,0.98593,1.12,1.10
2015.04.30 06:06:11.925,0.9858,0.98596,1.10,1.65
2015.04.30 06:06:12.127,0.98583,0.98597,1.00,1.17
2015.04.30 06:06:13.323,0.98581,0.98597,1.87,1.65
2015.04.30 06:06:13.778,0.9858,0.98596,1.00,1.17
2015.04.30 06:06:14.133,0.9858,0.98597,1.00,1.20
2015.04.30 06:06:14.285,0.9858,0.98595,1.00,1.00
2015.04.30 06:06:14.787,0.98578,0.98594,1.20,1.00
2015.04.30 06:06:15.281,0.98578,0.98593,1.00,1.07
2015.04.30 06:06:15.432,0.98576,0.98593,1.00,1.65
2015.04.30 06:06:15.939,0.98574,0.98592,1.65,1.10
2015.04.30 06:06:16.385,0.98574,0.9859,2.02,1.00
2015.04.30 06:06:16.890,0.98574,0.98592,1.00,2.77
2015.04.30 06:06:17.215,0.98574,0.98592,1.65,1.00
2015.04.30 06:06:17.691,0.98577,0.98594,1.37,1.17
2015.04.30 06:06:17.995,0.9858,0.98598,1.75,1.17
2015.04.30 06:06:18.250,0.98582,0.98598,1.00,1.57
2015.04.30 06:06:18.301,0.98579,0.98598,1.20,2.40
2015.04.30 06:06:18.453,0.98579,0.98593,1.12,1.00
2015.04.30 06:06:18.555,0.98579,0.98598,1.87,1.65
2015.04.30 06:06:18.657,0.9858,0.98598,1.10,1.00
2015.04.30 06:06:18.809,0.9858,0.98597,1.10,2.40
2015.04.30 06:06:18.934,0.98582,0.98598,1.50,1.10
2015.04.30 06:06:19.238,0.98583,0.98602,1.10,1.15
2015.04.30 06:06:19.341,0.98585,0.98603,1.10,1.57
2015.04.30 06:06:19.530,0.98587,0.98605,1.10,1.10
2015.04.30 06:06:19.631,0.98588,0.98607,1.17,1.50
2015.04.30 06:06:20.086,0.98589,0.98608,2.40,1.00
2015.04.30 06:06:20.504,0.98591,0.98608,2.62,1.00
2015.04.30 06:06:20.655,0.98592,0.98612,1.57,1.17
2015.04.30 06:06:20.807,0.98594,0.98613,2.02,1.57
2015.04.30 06:06:20.858,0.98594,0.98613,2.25,1.57
2015.04.30 06:06:21.161,0.98594,0.98611,1.10,1.15
2015.04.30 06:06:21.666,0.98591,0.98612,2.62,4.05
2015.04.30 06:06:21.969,0.98594,0.98612,1.12,1.27
2015.04.30 06:06:22.020,0.98594,0.98612,1.37,1.27
2015.04.30 06:06:22.476,0.98595,0.98613,1.95,1.65
2015.04.30 06:06:23.055,0.98597,0.98616,1.37,3.22
2015.04.30 06:06:23.258,0.98598,0.98616,1.50,1.10
2015.04.30 06:06:23.717,0.98598,0.98612,1.12,1.00
2015.04.30 06:06:23.869,0.986,0.9862,2.85,1.87
2015.04.30 06:06:24.064,0.98604,0.98622,1.00,1.20
2015.04.30 06:06:24.166,0.98606,0.98622,1.00,1.10
2015.04.30 06:06:24.469,0.9861,0.98618,1.10,1.00
2015.04.30 06:06:24.520,0.98605,0.98623,2.32,1.00
2015.04.30 06:06:24.678,0.98604,0.98623,2.25,2.40
2015.04.30 06:06:24.881,0.98603,0.98623,2.32,2.40
2015.04.30 06:06:24.988,0.98603,0.98622,2.25,2.40
2015.04.30 06:06:25.090,0.98606,0.98623,1.10,1.15
2015.04.30 06:06:25.242,0.98608,0.98623,1.20,1.00
2015.04.30 06:06:25.546,0.98613,0.98633,1.57,2.40
2015.04.30 06:06:25.698,0.98613,0.98631,2.40,1.00
2015.04.30 06:06:25.749,0.98614,0.98633,2.32,1.10
2015.04.30 06:06:25.951,0.98619,0.98638,1.07,1.17
2015.04.30 06:06:26.002,0.98619,0.98638,1.82,1.07
2015.04.30 06:06:26.306,0.98622,0.98642,1.85,1.15
2015.04.30 06:06:26.609,0.98622,0.98643,2.32,1.15
2015.04.30 06:06:26.921,0.98622,0.98643,2.32,1.15
2015.04.30 06:06:27.326,0.98622,0.98643,3.07,1.15
2015.04.30 06:06:27.427,0.98624,0.98643,1.20,1.10
2015.04.30 06:06:27.579,0.98627,0.98647,1.12,1.25
2015.04.30 06:06:27.731,0.98627,0.98647,1.27,1.20
2015.04.30 06:06:28.034,0.9863,0.98648,1.00,1.17
2015.04.30 06:06:28.337,0.9863,0.98648,1.57,1.10
2015.04.30 06:06:28.638,0.98629,0.98643,1.85,1.00
2015.04.30 06:06:28.689,0.98627,0.98643,1.27,1.00
2015.04.30 06:06:28.841,0.98625,0.98643,2.02,1.00
2015.04.30 06:06:29.194,0.98625,0.98646,2.40,1.65
2015.04.30 06:06:29.548,0.98624,0.98643,1.65,1.00
2015.04.30 06:06:29.952,0.98627,0.98643,1.12,1.00
2015.04.30 06:06:30.256,0.98629,0.98643,1.20,1.00
2015.04.30 06:06:30.559,0.9863,0.98647,1.87,1.00
2015.04.30 06:06:30.660,0.98629,0.98647,1.50,1.07
2015.04.30 06:06:30.864,0.98632,0.98651,1.07,1.17
2015.04.30 06:06:30.965,0.98635,0.98653,1.50,1.17
2015.04.30 06:06:31.066,0.98635,0.98653,1.00,1.17
2015.04.30 06:06:31.572,0.98636,0.98653,1.10,1.17
2015.04.30 06:06:31.724,0.98636,0.98653,1.75,1.17
2015.04.30 06:06:32.237,0.98636,0.98653,2.70,1.00
2015.04.30 06:06:33.210,0.9864,0.98653,1.00,1.00
2015.04.30 06:06:33.741,0.9864,0.98652,1.00,1.00
2015.04.30 06:06:34.095,0.98637,0.98647,1.50,1.00
2015.04.30 06:06:34.247,0.98634,0.98647,2.32,1.00
2015.04.30 06:06:34.298,0.98634,0.98653,1.95,1.57
2015.04.30 06:06:34.500,0.98637,0.98653,1.10,1.10
2015.04.30 06:06:34.921,0.98637,0.98653,1.50,1.00
2015.04.30 06:06:35.374,0.98638,0.98659,1.57,3.60
2015.04.30 06:06:35.578,0.9864,0.98658,1.47,1.07
2015.04.30 06:06:35.679,0.98639,0.98658,2.32,1.07
2015.04.30 06:06:35.780,0.9864,0.98657,1.47,1.10
2015.04.30 06:06:36.084,0.98641,0.98658,2.77,1.00
2015.04.30 06:06:36.493,0.98641,0.98648,1.82,1.00
2015.04.30 06:06:36.595,0.98637,0.98652,1.75,1.10
2015.04.30 06:06:36.697,0.98637,0.98653,2.02,1.00
2015.04.30 06:06:37.020,0.98639,0.98657,1.10,1.57
2015.04.30 06:06:37.121,0.98639,0.98657,1.75,1.10
2015.04.30 06:06:37.324,0.98644,0.98661,1.50,1.10
2015.04.30 06:06:37.375,0.9865,0.98664,1.00,2.47
2015.04.30 06:06:37.577,0.98647,0.98668,2.25,3.22
2015.04.30 06:06:37.679,0.98647,0.98668,3.90,1.15
2015.04.30 06:06:37.730,0.98647,0.98663,3.15,1.00
2015.04.30 06:06:37.932,0.98649,0.98666,1.75,1.00
2015.04.30 06:06:38.071,0.98649,0.98663,1.75,1.50
2015.04.30 06:06:38.123,0.98646,0.98663,1.75,1.20
2015.04.30 06:06:38.225,0.98645,0.98663,1.50,1.20
2015.04.30 06:06:38.326,0.98645,0.98662,1.75,1.00
2015.04.30 06:06:38.630,0.98645,0.98663,1.65,1.00
2015.04.30 06:06:38.782,0.98643,0.98661,3.15,1.00
2015.04.30 06:06:39.086,0.98636,0.98654,2.40,1.00
2015.04.30 06:06:39.390,0.98633,0.98652,3.90,1.00
2015.04.30 06:06:39.441,0.98633,0.98652,3.90,1.00
2015.04.30 06:06:39.975,0.98634,0.98651,1.20,1.00
2015.04.30 06:06:40.076,0.98632,0.9865,1.95,1.00
2015.04.30 06:06:40.127,0.9863,0.98643,1.90,1.00
2015.04.30 06:06:40.178,0.98629,0.98643,3.97,1.00
2015.04.30 06:06:40.229,0.98629,0.9864,1.92,1.00
2015.04.30 06:06:40.330,0.98623,0.98641,1.10,1.00
2015.04.30 06:06:40.439,0.98623,0.9864,1.85,1.00
2015.04.30 06:06:40.541,0.98619,0.9864,2.40,1.17
2015.04.30 06:06:40.642,0.98619,0.98639,2.40,1.10
2015.04.30 06:06:40.693,0.98619,0.98639,1.57,1.65
2015.04.30 06:06:40.996,0.98617,0.98634,1.82,1.00
2015.04.30 06:06:41.299,0.98614,0.98632,1.72,1.00
2015.04.30 06:06:41.401,0.98613,0.98633,1.85,1.17
2015.04.30 06:06:41.704,0.98611,0.98628,1.75,1.10
2015.04.30 06:06:41.755,0.98611,0.98628,1.12,1.10
2015.04.30 06:06:42.342,0.98612,0.98631,1.00,1.65
2015.04.30 06:06:42.393,0.98612,0.98631,3.15,1.57
2015.04.30 06:06:42.494,0.98613,0.98631,2.47,1.00
2015.04.30 06:06:42.545,0.98611,0.9863,1.27,1.00
2015.04.30 06:06:42.646,0.98611,0.98629,1.10,1.17
2015.04.30 06:06:42.963,0.98615,0.98631,1.00,1.00
2015.04.30 06:06:43.267,0.98614,0.98632,3.15,1.00
2015.04.30 06:06:43.520,0.98612,0.98631,3.15,1.00
2015.04.30 06:06:43.672,0.98611,0.98629,1.90,1.00
2015.04.30 06:06:43.723,0.98611,0.98629,1.57,1.00
2015.04.30 06:06:43.875,0.98617,0.98633,1.00,1.65
2015.04.30 06:06:44.077,0.98617,0.98636,1.20,1.57
2015.04.30 06:06:44.178,0.98618,0.98637,1.12,1.10
2015.04.30 06:06:44.279,0.98617,0.98635,3.90,1.00
2015.04.30 06:06:44.582,0.98619,0.98638,1.85,1.17
2015.04.30 06:06:44.835,0.98621,0.98639,2.25,1.00
2015.04.30 06:06:45.011,0.98624,0.98641,1.12,1.50
2015.04.30 06:06:45.524,0.98624,0.9864,1.12,1.10
2015.04.30 06:06:45.982,0.98622,0.98639,1.75,1.07
2015.04.30 06:06:46.285,0.9862,0.98637,1.50,1.15
2015.04.30 06:06:46.785,0.98617,0.98636,1.75,1.65
2015.04.30 06:06:48.244,0.98617,0.98636,1.50,1.17
2015.04.30 06:06:49.201,0.98617,0.98631,1.50,1.00
2015.04.30 06:06:49.303,0.98614,0.98632,2.25,1.17
2015.04.30 06:06:49.404,0.98616,0.98636,1.27,2.02
2015.04.30 06:06:50.203,0.98617,0.98636,1.55,1.10
2015.04.30 06:06:50.719,0.98618,0.98636,1.15,1.00
2015.04.30 06:06:52.624,0.9862,0.98638,1.20,1.57
2015.04.30 06:06:52.928,0.98624,0.98643,1.20,1.65
2015.04.30 06:06:53.104,0.98625,0.98643,2.40,1.00
2015.04.30 06:06:53.309,0.98626,0.98643,1.47,1.00
2015.04.30 06:06:53.410,0.98626,0.98645,1.47,1.57
2015.04.30 06:06:53.780,0.98626,0.98643,1.37,1.10
2015.04.30 06:06:54.186,0.98622,0.98636,1.95,1.00
2015.04.30 06:06:54.287,0.98622,0.98636,1.50,1.00
2015.04.30 06:06:54.365,0.98622,0.98639,1.50,1.17
2015.04.30 06:06:54.871,0.98623,0.98639,1.37,1.00
2015.04.30 06:06:55.283,0.98621,0.98637,1.95,1.00
2015.04.30 06:06:55.587,0.98618,0.98635,1.27,1.00
2015.04.30 06:06:55.839,0.98619,0.98639,2.32,2.10
2015.04.30 06:06:56.042,0.98619,0.98638,1.90,1.00
2015.04.30 06:06:56.093,0.98622,0.9864,1.75,1.50
2015.04.30 06:06:57.124,0.98622,0.9864,1.95,1.00
2015.04.30 06:06:57.226,0.98624,0.98642,3.67,1.00
2015.04.30 06:06:57.530,0.98625,0.98645,3.97,1.20
2015.04.30 06:06:57.829,0.98627,0.98646,1.65,1.10
2015.04.30 06:06:58.259,0.98629,0.98647,1.57,1.12
2015.04.30 06:06:58.461,0.98629,0.98648,1.57,1.00
2015.04.30 06:06:59.250,0.98629,0.98647,1.65,1.00
2015.04.30 06:06:59.691,0.98629,0.98643,1.90,1.00
2015.04.30 06:06:59.893,0.98626,0.98642,1.07,1.00
2015.04.30 06:07:00.398,0.98628,0.98643,1.10,1.00
2015.04.30 06:07:00.752,0.98627,0.98646,1.52,1.10
2015.04.30 06:07:00.803,0.98628,0.98647,3.60,1.12
2015.04.30 06:07:01.006,0.98626,0.98646,2.40,1.00
2015.04.30 06:07:01.259,0.98628,0.98644,1.10,1.00
2015.04.30 06:07:01.764,0.98627,0.98643,1.27,1.00
2015.04.30 06:07:02.067,0.98627,0.98644,1.92,1.00
2015.04.30 06:07:02.591,0.98628,0.98646,1.37,1.17
2015.04.30 06:07:02.945,0.98627,0.98645,1.20,1.50
2015.04.30 06:07:02.996,0.98627,0.98643,1.20,1.00
2015.04.30 06:07:03.505,0.98626,0.98642,1.57,1.00
2015.04.30 06:07:03.556,0.98626,0.98644,1.57,1.50
2015.04.30 06:07:04.269,0.98626,0.98644,1.20,1.50
2015.04.30 06:07:04.522,0.98627,0.98641,1.00,1.00
2015.04.30 06:07:04.825,0.98626,0.98643,1.10,1.10
2015.04.30 06:07:04.876,0.98626,0.98641,1.20,1.00
2015.04.30 06:07:05.423,0.98624,0.98642,2.25,1.00
2015.04.30 06:07:06.429,0.98624,0.98644,2.25,1.72
2015.04.30 06:07:06.732,0.98626,0.98644,1.95,1.57
2015.04.30 06:07:07.171,0.98626,0.98642,1.17,1.00
2015.04.30 06:07:07.374,0.98625,0.98642,1.20,1.07
2015.04.30 06:07:07.425,0.98625,0.98643,1.35,1.00
2015.04.30 06:07:07.935,0.98624,0.98642,1.12,1.50
2015.04.30 06:07:08.277,0.98624,0.9864,1.50,1.00
2015.04.30 06:07:08.378,0.98627,0.98643,1.00,1.20
2015.04.30 06:07:08.887,0.98627,0.98644,1.00,1.57
2015.04.30 06:07:09.240,0.98628,0.98645,1.12,1.50
2015.04.30 06:07:09.543,0.98628,0.98643,1.50,1.00
2015.04.30 06:07:09.947,0.98629,0.98645,1.50,1.00
2015.04.30 06:07:11.047,0.98629,0.98646,1.87,1.00
2015.04.30 06:07:11.149,0.9863,0.98649,1.57,1.10
2015.04.30 06:07:11.352,0.98631,0.98649,1.37,1.57
2015.04.30 06:07:11.858,0.98632,0.9865,1.20,1.00
2015.04.30 06:07:12.162,0.98631,0.98644,1.10,1.00
2015.04.30 06:07:12.451,0.98633,0.98648,1.20,1.10
2015.04.30 06:07:12.552,0.98635,0.98648,1.12,1.00
2015.04.30 06:07:12.653,0.98635,0.98652,1.12,1.20
2015.04.30 06:07:12.754,0.98635,0.98652,1.12,1.15
2015.04.30 06:07:12.855,0.98633,0.9865,1.12,1.57
2015.04.30 06:07:13.362,0.98631,0.98647,1.50,1.10
2015.04.30 06:07:13.514,0.98629,0.98645,1.10,1.10
2015.04.30 06:07:14.020,0.98627,0.98644,1.37,1.00
2015.04.30 06:07:14.671,0.98627,0.98642,1.37,1.00
2015.04.30 06:07:15.674,0.98629,0.98643,1.00,1.50
2015.04.30 06:07:17.064,0.98629,0.98641,1.00,1.00
2015.04.30 06:07:17.466,0.98628,0.98644,1.12,1.20
2015.04.30 06:07:17.669,0.9863,0.98644,1.10,1.00
2015.04.30 06:07:17.720,0.9863,0.98648,1.10,2.40
2015.04.30 06:07:18.082,0.98631,0.98646,1.12,1.00
2015.04.30 06:07:18.436,0.98631,0.98648,1.50,1.12
2015.04.30 06:07:18.486,0.9863,0.98646,2.02,1.00
2015.04.30 06:07:18.790,0.98632,0.98651,1.87,1.92
2015.04.30 06:07:18.891,0.98632,0.98651,2.85,1.00
2015.04.30 06:07:19.245,0.98634,0.98649,1.47,1.00
2015.04.30 06:07:19.548,0.98633,0.98648,1.65,1.50
2015.04.30 06:07:20.297,0.98633,0.98648,1.20,1.00
2015.04.30 06:07:21.897,0.98634,0.9865,1.20,1.65
2015.04.30 06:07:22.150,0.98633,0.98651,1.12,2.02
2015.04.30 06:07:22.201,0.98633,0.98651,1.87,1.57
2015.04.30 06:07:22.570,0.98631,0.98649,1.92,1.00
2015.04.30 06:07:23.083,0.98631,0.9865,2.40,1.00
2015.04.30 06:07:23.603,0.98633,0.98651,1.12,1.10
2015.04.30 06:07:24.301,0.98632,0.98647,2.77,1.00
2015.04.30 06:07:24.654,0.98632,0.98647,1.35,1.00
2015.04.30 06:07:25.172,0.98632,0.98648,1.35,1.00
2015.04.30 06:07:25.478,0.98633,0.98648,1.12,1.00
2015.04.30 06:07:25.732,0.98637,0.98652,1.00,1.50
2015.04.30 06:07:25.985,0.98638,0.98653,1.27,1.00
2015.04.30 06:07:26.289,0.98638,0.98653,3.30,1.00
2015.04.30 06:07:27.371,0.9864,0.98657,1.65,1.00
2015.04.30 06:07:27.714,0.98641,0.98658,1.20,1.00
2015.04.30 06:07:28.033,0.98641,0.98656,1.20,1.00
2015.04.30 06:07:28.535,0.98641,0.98657,1.20,1.00
2015.04.30 06:07:29.301,0.98641,0.98658,1.20,1.00
2015.04.30 06:07:30.141,0.98641,0.98657,1.95,1.00
2015.04.30 06:07:30.646,0.98641,0.98658,1.95,1.00
2015.04.30 06:07:31.196,0.98641,0.98657,1.95,1.00
2015.04.30 06:07:31.701,0.98641,0.98658,1.95,1.00
2015.04.30 06:07:32.788,0.98641,0.98657,2.70,1.00
2015.04.30 06:07:33.138,0.98641,0.98659,2.70,1.00
2015.04.30 06:07:33.664,0.98644,0.9866,1.12,1.10
2015.04.30 06:07:34.118,0.98644,0.98658,1.00,1.00
2015.04.30 06:07:34.421,0.9864,0.98652,1.50,1.50
2015.04.30 06:07:34.725,0.98635,0.9865,1.75,1.00
2015.04.30 06:07:34.826,0.98637,0.9865,1.00,1.00
2015.04.30 06:07:34.978,0.98637,0.98653,1.12,1.10
2015.04.30 06:07:35.281,0.98639,0.98655,1.57,1.00
2015.04.30 06:07:35.382,0.98641,0.98658,1.20,1.00
2015.04.30 06:07:35.483,0.98641,0.98658,1.85,1.00
2015.04.30 06:07:35.786,0.98642,0.98654,1.75,1.00
2015.04.30 06:07:35.938,0.98639,0.98654,1.75,1.00
2015.04.30 06:07:35.989,0.9864,0.98657,1.50,2.25
2015.04.30 06:07:36.343,0.98643,0.98658,1.17,1.00
2015.04.30 06:07:36.393,0.98643,0.9866,1.15,1.00
2015.04.30 06:07:36.604,0.98646,0.9866,1.00,1.00
2015.04.30 06:07:36.705,0.98642,0.9866,2.40,1.00
2015.04.30 06:07:37.210,0.98642,0.98659,2.40,1.00
2015.04.30 06:07:37.382,0.98642,0.98657,1.20,1.00
2015.04.30 06:07:37.585,0.98642,0.98657,1.00,1.00
2015.04.30 06:07:37.637,0.9864,0.98657,1.20,1.00
2015.04.30 06:07:37.688,0.9864,0.98657,1.17,1.00
2015.04.30 06:07:38.267,0.98641,0.98658,1.65,1.00
2015.04.30 06:07:39.333,0.98642,0.98658,3.97,1.00
2015.04.30 06:07:39.384,0.98645,0.98662,1.20,2.25
2015.04.30 06:07:39.587,0.98645,0.98662,1.17,1.00
2015.04.30 06:07:39.891,0.98651,0.98662,1.57,1.00
2015.04.30 06:07:40.043,0.98653,0.9867,1.00,1.75
2015.04.30 06:07:40.094,0.98653,0.9867,1.50,1.00
2015.04.30 06:07:40.347,0.98652,0.98668,1.95,1.00
2015.04.30 06:07:41.033,0.98654,0.9867,1.20,1.00
2015.04.30 06:07:41.386,0.98654,0.98672,1.10,1.12
2015.04.30 06:07:41.538,0.98655,0.98673,1.47,1.57
2015.04.30 06:07:41.886,0.98656,0.98668,1.87,1.00
2015.04.30 06:07:41.987,0.98655,0.98671,1.75,1.12
2015.04.30 06:07:42.038,0.98655,0.98668,1.75,1.10
2015.04.30 06:07:42.190,0.98654,0.98671,1.87,3.15
2015.04.30 06:07:42.241,0.98654,0.98672,2.70,1.07
2015.04.30 06:07:42.292,0.98656,0.98672,1.12,1.07
2015.04.30 06:07:42.443,0.98656,0.98673,1.12,2.62
2015.04.30 06:07:42.648,0.98655,0.98673,1.65,2.62
2015.04.30 06:07:43.150,0.98655,0.98672,2.40,1.50
2015.04.30 06:07:43.352,0.98653,0.98668,1.90,1.00
2015.04.30 06:07:43.680,0.98655,0.98671,1.30,1.00
2015.04.30 06:07:46.215,0.98653,0.9867,2.02,1.00
2015.04.30 06:07:46.758,0.98653,0.98669,1.27,1.00
2015.04.30 06:07:47.062,0.98652,0.98669,3.45,1.00
2015.04.30 06:07:47.112,0.98652,0.98667,1.95,1.00
2015.04.30 06:07:47.280,0.9865,0.98666,1.57,1.00
2015.04.30 06:07:47.634,0.98649,0.98663,1.50,1.00
2015.04.30 06:07:47.837,0.9865,0.98668,1.57,1.57
2015.04.30 06:07:47.938,0.98652,0.98668,1.00,1.10
2015.04.30 06:07:48.089,0.98652,0.9867,1.20,1.10
2015.04.30 06:07:48.191,0.98656,0.98673,1.00,4.65
2015.04.30 06:07:48.345,0.98656,0.98673,1.00,1.57
2015.04.30 06:07:48.548,0.98657,0.98671,1.00,1.00
2015.04.30 06:07:48.700,0.98655,0.98671,1.20,1.00
2015.04.30 06:07:49.495,0.98652,0.98669,3.52,1.00
2015.04.30 06:07:49.546,0.98652,0.98669,1.20,1.00
2015.04.30 06:07:49.749,0.98652,0.98667,1.20,1.00
2015.04.30 06:07:50.001,0.98648,0.98664,1.00,1.00
2015.04.30 06:07:50.052,0.98648,0.98662,1.00,1.00
2015.04.30 06:07:50.355,0.98644,0.98662,1.57,1.00
2015.04.30 06:07:50.810,0.98643,0.9866,1.27,1.00
2015.04.30 06:07:51.330,0.98642,0.9866,1.20,1.00
2015.04.30 06:07:52.144,0.98642,0.98661,1.20,1.65
2015.04.30 06:07:52.447,0.98641,0.98658,1.65,1.00
2015.04.30 06:07:52.852,0.98641,0.98658,1.20,1.50
2015.04.30 06:07:52.903,0.98641,0.98654,1.10,1.00
2015.04.30 06:07:53.156,0.9864,0.98656,1.57,1.00
2015.04.30 06:07:53.282,0.9864,0.98656,1.65,1.10
2015.04.30 06:07:53.434,0.98642,0.9866,1.65,1.00
2015.04.30 06:07:53.940,0.98644,0.98661,1.17,1.50
2015.04.30 06:07:55.110,0.98645,0.98662,1.10,1.50
2015.04.30 06:07:55.434,0.98647,0.9866,1.00,1.00
2015.04.30 06:07:55.660,0.98647,0.98662,1.00,1.00
2015.04.30 06:07:56.172,0.98647,0.98663,1.00,1.50
2015.04.30 06:07:56.324,0.98645,0.98662,1.27,1.00
2015.04.30 06:07:56.426,0.98647,0.98662,1.00,1.00
2015.04.30 06:07:56.527,0.98645,0.98662,1.27,1.00
2015.04.30 06:07:56.657,0.98644,0.9866,2.40,1.00
2015.04.30 06:07:57.218,0.98644,0.98661,2.10,1.00
2015.04.30 06:07:57.532,0.98647,0.98661,1.00,1.00
2015.04.30 06:07:57.633,0.98645,0.98661,1.20,1.00
2015.04.30 06:07:58.137,0.98645,0.98662,1.95,1.00
2015.04.30 06:07:58.491,0.98648,0.98663,1.00,1.50
2015.04.30 06:07:58.795,0.98651,0.98667,1.12,1.57
2015.04.30 06:07:58.946,0.98654,0.98668,1.00,1.00
2015.04.30 06:07:59.555,0.98653,0.9867,1.00,2.32
2015.04.30 06:07:59.606,0.98655,0.9867,1.00,1.57
2015.04.30 06:07:59.909,0.98652,0.98663,1.00,1.00
2015.04.30 06:08:00.061,0.98647,0.98663,1.10,1.00
2015.04.30 06:08:00.566,0.98645,0.98662,1.10,1.57
2015.04.30 06:08:00.718,0.98644,0.9866,1.10,1.00
2015.04.30 06:08:01.026,0.98642,0.98658,2.32,1.00
2015.04.30 06:08:01.534,0.98642,0.98657,1.00,1.50
2015.04.30 06:08:01.837,0.9864,0.98657,1.10,1.50
2015.04.30 06:08:02.241,0.98643,0.98657,1.00,1.00
2015.04.30 06:08:02.899,0.98641,0.98657,1.00,1.95
2015.04.30 06:08:04.258,0.98641,0.98654,1.00,1.00
2015.04.30 06:08:04.461,0.98639,0.98654,1.00,1.00
2015.04.30 06:08:04.563,0.98639,0.98652,1.00,1.00
2015.04.30 06:08:04.868,0.98639,0.98653,1.00,3.60
2015.04.30 06:08:05.408,0.98638,0.98653,1.00,3.60
2015.04.30 06:08:05.832,0.98638,0.98651,1.00,1.55
2015.04.30 06:08:05.934,0.98638,0.98649,1.00,1.10
2015.04.30 06:08:05.985,0.98633,0.98649,1.12,1.17
2015.04.30 06:08:06.239,0.9863,0.98647,1.10,1.95
2015.04.30 06:08:06.441,0.98627,0.98644,1.50,1.00
2015.04.30 06:08:06.947,0.98627,0.98644,2.25,1.00
2015.04.30 06:08:07.565,0.98629,0.98643,1.10,1.00
2015.04.30 06:08:08.330,0.98629,0.98642,1.00,1.00
2015.04.30 06:08:08.835,0.98629,0.98645,1.12,1.65
2015.04.30 06:08:09.170,0.98631,0.98644,1.00,1.00
2015.04.30 06:08:09.633,0.98629,0.98645,1.10,1.65
2015.04.30 06:08:10.067,0.98633,0.98649,1.87,1.27
2015.04.30 06:08:10.270,0.98636,0.98651,1.00,1.00
2015.04.30 06:08:10.771,0.98636,0.98652,1.00,1.50
2015.04.30 06:08:11.329,0.98636,0.98653,1.00,1.10
2015.04.30 06:08:11.430,0.98638,0.98654,1.00,1.00
2015.04.30 06:08:11.734,0.9864,0.98653,1.00,1.12
2015.04.30 06:08:11.936,0.98638,0.98652,1.00,1.50
2015.04.30 06:08:12.037,0.98635,0.98652,1.10,1.50
2015.04.30 06:08:12.359,0.98635,0.9865,1.12,1.00
2015.04.30 06:08:12.727,0.98633,0.9865,1.00,2.02
2015.04.30 06:08:12.828,0.98633,0.98648,1.00,1.00
2015.04.30 06:08:13.030,0.98631,0.98649,1.95,1.17
2015.04.30 06:08:13.334,0.98631,0.98649,2.70,1.17
2015.04.30 06:08:13.792,0.98633,0.98643,1.00,1.00
2015.04.30 06:08:13.893,0.98625,0.98641,3.97,1.00
2015.04.30 06:08:13.995,0.98625,0.98642,1.00,2.47
2015.04.30 06:08:14.097,0.98625,0.98641,1.12,1.00
2015.04.30 06:08:14.602,0.98625,0.98642,1.10,1.10
2015.04.30 06:08:15.107,0.98628,0.98643,1.00,1.50
2015.04.30 06:08:15.434,0.98625,0.98641,1.50,1.10
2015.04.30 06:08:15.988,0.98625,0.98641,1.20,1.10
2015.04.30 06:08:19.538,0.98625,0.9864,1.00,1.00
2015.04.30 06:08:20.060,0.98625,0.98642,1.00,1.45
2015.04.30 06:08:20.659,0.98625,0.98642,1.07,1.37
2015.04.30 06:08:21.249,0.98625,0.98642,1.07,1.87
2015.04.30 06:08:21.501,0.98625,0.9864,1.20,1.00
2015.04.30 06:08:21.805,0.98619,0.98636,1.20,1.47
2015.04.30 06:08:22.072,0.98623,0.98638,1.10,1.00
2015.04.30 06:08:22.174,0.98623,0.98641,1.10,2.32
2015.04.30 06:08:23.219,0.98623,0.9864,2.02,1.10
2015.04.30 06:08:23.821,0.98625,0.98638,1.00,1.00
2015.04.30 06:08:24.124,0.98622,0.98638,2.32,1.50
2015.04.30 06:08:25.133,0.98623,0.98638,1.57,1.00
2015.04.30 06:08:25.639,0.98623,0.98638,2.10,1.00
2015.04.30 06:08:25.690,0.98623,0.98641,2.10,2.25
2015.04.30 06:08:26.241,0.98623,0.9864,2.40,1.00
2015.04.30 06:08:26.750,0.98625,0.98641,1.12,1.87
2015.04.30 06:08:27.104,0.98624,0.98638,1.00,1.00
2015.04.30 06:08:28.232,0.98624,0.98641,1.55,1.00
2015.04.30 06:08:28.758,0.98626,0.98642,1.12,1.12
2015.04.30 06:08:29.634,0.98626,0.98642,1.00,1.37
2015.04.30 06:08:29.836,0.98623,0.98639,1.00,1.87
2015.04.30 06:08:30.039,0.9862,0.98637,1.12,1.57
2015.04.30 06:08:30.341,0.98617,0.98634,1.87,1.00
2015.04.30 06:08:30.443,0.98617,0.98632,1.57,1.00
2015.04.30 06:08:30.949,0.98617,0.98633,1.10,1.00
2015.04.30 06:08:31.485,0.98617,0.98633,1.17,1.00
2015.04.30 06:08:31.991,0.98617,0.98634,1.57,1.50
2015.04.30 06:08:34.150,0.98617,0.98634,1.95,1.50
2015.04.30 06:08:34.652,0.98619,0.98634,1.00,1.00
2015.04.30 06:08:35.282,0.98619,0.98633,1.00,1.00
2015.04.30 06:08:36.008,0.98617,0.98633,1.95,1.00
2015.04.30 06:08:36.510,0.98617,0.98633,1.95,1.00
2015.04.30 06:08:37.212,0.98619,0.98633,1.00,1.00
2015.04.30 06:08:38.678,0.98619,0.98633,1.87,1.00
2015.04.30 06:08:38.780,0.9862,0.98638,1.87,5.17
2015.04.30 06:08:39.289,0.98619,0.98635,2.70,1.00
2015.04.30 06:08:39.390,0.98619,0.98635,2.32,1.00
2015.04.30 06:08:39.441,0.98619,0.98633,2.32,1.00
2015.04.30 06:08:40.298,0.98619,0.98633,1.37,1.00
2015.04.30 06:08:40.654,0.9862,0.98635,1.17,1.00
2015.04.30 06:08:40.755,0.9862,0.98637,2.10,1.12
2015.04.30 06:08:40.907,0.98624,0.98638,1.00,1.50
2015.04.30 06:08:41.210,0.98626,0.98641,1.10,1.00
2015.04.30 06:08:41.434,0.98626,0.98642,2.32,1.00
2015.04.30 06:08:42.118,0.98627,0.98642,1.65,1.00
2015.04.30 06:08:42.963,0.98627,0.98643,2.10,1.00
2015.04.30 06:08:44.276,0.98628,0.98643,1.10,1.00
2015.04.30 06:08:44.629,0.98626,0.98643,1.57,1.50
2015.04.30 06:08:45.172,0.98626,0.98638,1.20,1.00
2015.04.30 06:08:46.277,0.98625,0.98638,2.62,1.00
2015.04.30 06:08:49.579,0.98623,0.9864,2.40,1.50
2015.04.30 06:08:50.459,0.98625,0.98637,1.30,1.00
2015.04.30 06:08:50.865,0.98625,0.9864,1.20,1.00
2015.04.30 06:08:51.089,0.98625,0.98638,1.20,1.00
2015.04.30 06:08:53.170,0.98625,0.9864,1.00,1.12
2015.04.30 06:08:53.694,0.98624,0.98639,1.10,1.00
2015.04.30 06:08:54.217,0.98625,0.9864,1.00,1.00
2015.04.30 06:08:54.323,0.98625,0.98638,1.00,1.00
2015.04.30 06:08:56.095,0.98625,0.98636,1.00,1.00
2015.04.30 06:08:56.196,0.98622,0.98638,1.37,1.00
2015.04.30 06:08:56.247,0.98622,0.98638,1.00,1.00
2015.04.30 06:08:56.701,0.98625,0.98637,1.00,1.00
2015.04.30 06:08:56.904,0.98625,0.98641,1.00,1.10
2015.04.30 06:08:57.434,0.98626,0.98642,1.00,1.50
2015.04.30 06:08:59.109,0.98626,0.98642,2.62,1.00
2015.04.30 06:09:00.344,0.98626,0.98643,1.37,1.95
2015.04.30 06:09:00.445,0.98624,0.98642,1.95,1.87
2015.04.30 06:09:00.496,0.98624,0.98642,1.57,1.95
2015.04.30 06:09:00.850,0.98624,0.98638,1.00,1.00
2015.04.30 06:09:00.900,0.98622,0.98638,1.20,1.00
2015.04.30 06:09:02.126,0.98622,0.98637,1.00,1.12
2015.04.30 06:09:02.430,0.98619,0.98636,1.10,1.20
2015.04.30 06:09:02.934,0.98619,0.98635,1.10,1.87
2015.04.30 06:09:03.137,0.98619,0.98634,1.10,1.37
2015.04.30 06:09:04.101,0.98619,0.98632,1.10,1.00
2015.04.30 06:09:05.049,0.98619,0.98634,1.10,1.37
2015.04.30 06:09:05.500,0.98616,0.98633,1.10,1.12
2015.04.30 06:09:05.601,0.98619,0.98633,1.00,1.12
2015.04.30 06:09:06.276,0.98619,0.98633,1.07,1.00
2015.04.30 06:09:06.377,0.98619,0.98636,1.15,1.95
2015.04.30 06:09:06.478,0.98622,0.98636,1.00,1.95
2015.04.30 06:09:06.832,0.98622,0.98636,1.00,1.87
2015.04.30 06:09:06.934,0.98619,0.98636,1.25,1.87
2015.04.30 06:09:07.136,0.98623,0.98636,1.00,1.87
2015.04.30 06:09:07.288,0.98621,0.98636,1.00,1.87
2015.04.30 06:09:07.591,0.98624,0.98636,1.00,1.12
2015.04.30 06:09:08.096,0.98624,0.98638,1.00,2.62
2015.04.30 06:09:08.703,0.98625,0.98638,1.00,2.62
2015.04.30 06:09:09.246,0.98625,0.98638,1.00,1.00
2015.04.30 06:09:09.591,0.98625,0.9864,1.10,1.00
2015.04.30 06:09:09.693,0.98627,0.9864,1.00,1.00
2015.04.30 06:09:11.126,0.98627,0.9864,1.00,1.37
2015.04.30 06:09:11.429,0.98629,0.98638,1.12,1.00
2015.04.30 06:09:11.480,0.98629,0.98642,1.12,1.17
2015.04.30 06:09:11.582,0.98631,0.98643,1.00,1.00
2015.04.30 06:09:11.885,0.9863,0.98646,1.00,1.50
2015.04.30 06:09:11.936,0.98628,0.98646,1.57,1.50
2015.04.30 06:09:12.088,0.9863,0.98646,1.00,1.00
2015.04.30 06:09:12.594,0.9863,0.98645,1.00,1.00
2015.04.30 06:09:12.898,0.98626,0.98643,1.72,1.00
2015.04.30 06:09:13.202,0.98629,0.98645,1.65,1.00
2015.04.30 06:09:13.727,0.98629,0.98645,1.00,1.00
2015.04.30 06:09:14.242,0.98628,0.98646,1.10,2.70
2015.04.30 06:09:14.745,0.98628,0.98645,1.10,1.00
2015.04.30 06:09:15.160,0.98628,0.98644,1.10,1.87
2015.04.30 06:09:15.429,0.98626,0.98643,1.10,1.10
2015.04.30 06:09:15.951,0.98626,0.98642,1.10,1.10
2015.04.30 06:09:17.390,0.98626,0.98644,1.95,1.50
2015.04.30 06:09:17.868,0.98629,0.98644,1.00,1.00
2015.04.30 06:09:18.378,0.98629,0.98646,1.00,1.57
2015.04.30 06:09:18.681,0.98631,0.98646,1.00,1.12
2015.04.30 06:09:19.981,0.9863,0.98646,1.10,1.12
2015.04.30 06:09:20.695,0.9863,0.98646,1.10,1.37
2015.04.30 06:09:21.215,0.9863,0.98646,1.10,1.00
2015.04.30 06:09:21.570,0.98633,0.98648,1.00,1.50
2015.04.30 06:09:21.773,0.98633,0.9865,1.20,1.12
2015.04.30 06:09:22.228,0.98636,0.98652,1.00,1.20
2015.04.30 06:09:22.756,0.98636,0.98652,1.00,1.12
2015.04.30 06:09:24.847,0.98635,0.98652,1.10,2.25
2015.04.30 06:09:25.678,0.98636,0.98652,1.00,1.87
2015.04.30 06:09:26.082,0.98636,0.98654,1.00,2.02
2015.04.30 06:09:26.183,0.98636,0.98653,1.27,1.00
2015.04.30 06:09:26.970,0.98636,0.98652,1.20,1.00
2015.04.30 06:09:27.021,0.98636,0.98652,1.20,1.00
2015.04.30 06:09:27.572,0.98636,0.98653,1.20,1.00
2015.04.30 06:09:27.875,0.98637,0.98653,1.07,1.00
2015.04.30 06:09:28.381,0.98638,0.98656,1.65,2.02
2015.04.30 06:09:28.734,0.98641,0.98657,1.50,1.12
2015.04.30 06:09:29.038,0.98648,0.98658,1.00,1.00
2015.04.30 06:09:29.391,0.98648,0.98663,1.65,1.12
2015.04.30 06:09:29.941,0.98649,0.98663,1.10,1.00
2015.04.30 06:09:30.798,0.98649,0.98663,1.47,1.00
2015.04.30 06:09:31.565,0.98648,0.98663,2.02,1.00
2015.04.30 06:09:32.945,0.98648,0.98663,1.12,1.00
2015.04.30 06:09:33.220,0.98647,0.98658,1.47,1.00
2015.04.30 06:09:33.372,0.98645,0.98658,1.57,1.00
2015.04.30 06:09:33.901,0.98645,0.98658,1.00,1.00
2015.04.30 06:09:34.490,0.98644,0.98658,1.12,1.00
2015.04.30 06:09:35.101,0.98644,0.98657,1.12,1.00
2015.04.30 06:09:35.636,0.98644,0.98658,1.12,1.00
2015.04.30 06:09:36.074,0.98642,0.98658,1.12,1.00
2015.04.30 06:09:36.773,0.98641,0.98657,1.87,1.00
2015.04.30 06:09:37.279,0.98641,0.98657,1.12,1.00
2015.04.30 06:09:37.329,0.98641,0.98657,1.75,1.00
2015.04.30 06:09:37.609,0.98655,0.98667,1.00,1.00
2015.04.30 06:09:37.662,0.98652,0.98667,1.12,1.00
2015.04.30 06:09:37.965,0.9865,0.98667,1.57,1.00
2015.04.30 06:09:38.383,0.98648,0.98663,1.65,1.00
2015.04.30 06:09:38.755,0.98647,0.98663,1.72,1.00
2015.04.30 06:09:39.059,0.98645,0.98662,1.65,1.00
2015.04.30 06:09:39.160,0.98647,0.98662,1.00,1.00
2015.04.30 06:09:39.702,0.98646,0.98662,1.50,1.50
2015.04.30 06:09:41.324,0.98646,0.98662,1.37,1.00
2015.04.30 06:09:41.873,0.98646,0.98662,1.87,1.50
2015.04.30 06:09:42.377,0.98642,0.98661,3.15,1.95
2015.04.30 06:09:42.800,0.98642,0.98659,2.02,1.00
2015.04.30 06:09:42.851,0.98642,0.98659,1.50,1.37
2015.04.30 06:09:43.353,0.98641,0.98657,1.10,1.50
2015.04.30 06:09:44.649,0.98642,0.98657,1.00,1.50
2015.04.30 06:09:45.963,0.98642,0.98657,1.55,1.00
2015.04.30 06:09:46.014,0.98645,0.98661,1.12,1.50
2015.04.30 06:09:46.065,0.98645,0.98661,1.12,1.00
2015.04.30 06:09:46.469,0.98648,0.98662,1.00,1.00
2015.04.30 06:09:46.974,0.98648,0.98664,1.12,1.95
2015.04.30 06:09:47.319,0.9865,0.98666,1.00,1.10
2015.04.30 06:09:47.841,0.9865,0.98666,1.00,1.20
2015.04.30 06:09:48.400,0.9865,0.98663,1.00,1.00
2015.04.30 06:09:50.838,0.98648,0.98663,1.50,1.00
2015.04.30 06:09:55.029,0.98646,0.98663,1.65,1.50
2015.04.30 06:09:55.332,0.98646,0.98661,1.00,1.00
2015.04.30 06:09:55.584,0.98643,0.98661,1.12,2.77
2015.04.30 06:09:56.089,0.98643,0.98659,1.00,1.87
2015.04.30 06:09:56.766,0.98643,0.98658,1.00,1.00
2015.04.30 06:09:58.782,0.98643,0.98658,1.37,1.00
2015.04.30 06:09:59.134,0.98645,0.98661,1.20,1.10
2015.04.30 06:09:59.902,0.98645,0.98661,1.00,1.12
2015.04.30 06:10:00.157,0.98645,0.98657,1.00,1.00
2015.04.30 06:10:00.310,0.98642,0.98659,2.62,1.17
2015.04.30 06:10:00.614,0.98645,0.9866,1.00,1.57
2015.04.30 06:10:01.627,0.98645,0.98659,1.00,1.00
2015.04.30 06:10:01.936,0.98642,0.98656,1.00,1.12
2015.04.30 06:10:02.507,0.98639,0.98656,1.12,1.12
2015.04.30 06:10:03.384,0.98641,0.98656,1.00,1.12
2015.04.30 06:10:05.133,0.98639,0.98656,1.00,1.87
2015.04.30 06:10:05.638,0.98639,0.98656,1.00,1.95
2015.04.30 06:10:07.250,0.98639,0.98656,1.00,1.57
2015.04.30 06:10:09.758,0.98641,0.98656,1.00,1.00
2015.04.30 06:10:10.105,0.98639,0.98656,1.00,1.20
2015.04.30 06:10:10.612,0.98639,0.98655,1.00,1.12
2015.04.30 06:10:10.733,0.98639,0.98651,1.00,1.00
2015.04.30 06:10:10.912,0.98637,0.98651,1.00,1.00
2015.04.30 06:10:10.963,0.98634,0.98651,1.65,1.00
2015.04.30 06:10:11.468,0.98634,0.98651,3.15,1.00
2015.04.30 06:10:11.872,0.98638,0.98651,1.00,1.00
2015.04.30 06:10:12.553,0.98638,0.98654,1.00,1.00
2015.04.30 06:10:12.856,0.98638,0.98651,1.00,1.00
2015.04.30 06:10:12.958,0.98636,0.98651,1.10,1.12
2015.04.30 06:10:13.160,0.98634,0.98651,2.62,1.12
2015.04.30 06:10:13.782,0.98637,0.98651,1.00,1.12
2015.04.30 06:10:14.591,0.98635,0.98651,1.00,1.12
2015.04.30 06:10:15.369,0.98638,0.98651,1.00,1.12
2015.04.30 06:10:15.471,0.98636,0.98651,1.12,1.00
2015.04.30 06:10:15.522,0.98636,0.98651,1.27,1.00
2015.04.30 06:10:15.572,0.98638,0.98654,1.10,1.50
2015.04.30 06:10:16.027,0.9864,0.98654,1.00,1.37
2015.04.30 06:10:16.280,0.98637,0.98654,1.17,1.37
2015.04.30 06:10:17.022,0.98639,0.98654,1.00,1.37
2015.04.30 06:10:17.375,0.98639,0.98655,1.00,1.20
2015.04.30 06:10:18.462,0.98641,0.98655,1.00,1.00
2015.04.30 06:10:19.137,0.98639,0.98655,1.57,1.50
2015.04.30 06:10:20.242,0.98641,0.98655,1.00,1.00
2015.04.30 06:10:20.458,0.98639,0.98655,1.20,1.00
2015.04.30 06:10:20.610,0.98639,0.98655,1.95,1.00
2015.04.30 06:10:21.516,0.98639,0.98655,1.27,1.00
2015.04.30 06:10:22.021,0.98639,0.98654,1.10,1.00
2015.04.30 06:10:28.187,0.98639,0.98655,1.10,1.00
2015.04.30 06:10:28.389,0.98639,0.98653,1.10,1.00
2015.04.30 06:10:28.920,0.98637,0.98653,2.02,1.00
2015.04.30 06:10:33.451,0.98637,0.98653,2.02,1.00
2015.04.30 06:10:33.503,0.98637,0.98655,4.35,1.87
2015.04.30 06:10:34.607,0.98638,0.98655,3.60,1.12
2015.04.30 06:10:34.708,0.98638,0.98655,1.17,1.12
2015.04.30 06:10:35.408,0.9864,0.98655,1.00,1.00
2015.04.30 06:10:35.711,0.98638,0.98655,1.10,1.87
2015.04.30 06:10:36.015,0.98638,0.98653,1.10,1.00
2015.04.30 06:10:36.842,0.98638,0.98653,1.37,1.00
2015.04.30 06:10:37.815,0.98637,0.98652,1.57,1.00
2015.04.30 06:10:38.319,0.98637,0.98653,1.57,2.25
2015.04.30 06:10:41.093,0.98637,0.98652,1.37,1.00
2015.04.30 06:10:41.982,0.98637,0.98652,1.37,1.50
2015.04.30 06:10:42.853,0.98637,0.98652,1.37,1.50
2015.04.30 06:10:43.393,0.98636,0.98651,1.37,1.00
2015.04.30 06:10:43.862,0.98633,0.98651,2.70,1.00
2015.04.30 06:10:44.014,0.98633,0.98649,2.70,1.00
2015.04.30 06:10:44.217,0.98634,0.98652,1.85,2.32
2015.04.30 06:10:44.671,0.98635,0.98652,2.25,1.10
2015.04.30 06:10:45.466,0.98635,0.98652,1.95,1.00
2015.04.30 06:10:45.972,0.98638,0.98654,1.37,1.00
2015.04.30 06:10:47.639,0.98638,0.98656,1.62,2.25
2015.04.30 06:10:49.782,0.98641,0.98656,1.37,1.50
2015.04.30 06:10:50.295,0.98641,0.98656,1.37,1.50
2015.04.30 06:10:50.548,0.98645,0.98659,1.12,1.10
2015.04.30 06:10:50.599,0.98646,0.98662,1.37,1.50
2015.04.30 06:10:50.649,0.98646,0.98662,1.37,1.10
2015.04.30 06:10:50.902,0.98647,0.98664,1.47,1.00
2015.04.30 06:10:51.238,0.9865,0.98666,1.37,1.65
2015.04.30 06:10:51.492,0.9865,0.98666,1.90,1.00
2015.04.30 06:10:51.542,0.9865,0.98668,1.90,2.25
2015.04.30 06:10:51.959,0.98652,0.98668,1.37,1.50
2015.04.30 06:10:52.334,0.9865,0.98666,1.52,1.00
2015.04.30 06:10:52.896,0.9865,0.98666,1.37,1.00
2015.04.30 06:10:54.992,0.9865,0.98666,1.37,1.00
2015.04.30 06:10:56.495,0.9865,0.98666,1.37,1.00
2015.04.30 06:10:57.011,0.98648,0.98665,1.65,1.00
2015.04.30 06:10:58.263,0.9865,0.98666,1.47,1.00
2015.04.30 06:10:58.768,0.98649,0.98665,1.95,1.50
2015.04.30 06:10:59.290,0.98648,0.98665,1.50,1.00
2015.04.30 06:10:59.817,0.98649,0.98666,1.57,1.00
2015.04.30 06:11:00.126,0.98651,0.98667,1.37,2.25
2015.04.30 06:11:00.531,0.98651,0.98668,1.47,1.50
2015.04.30 06:11:00.892,0.98655,0.98668,1.37,1.00
2015.04.30 06:11:00.994,0.98655,0.98671,3.52,1.00
2015.04.30 06:11:01.529,0.98658,0.98672,1.00,1.00
2015.04.30 06:11:02.114,0.98655,0.98672,1.57,1.00
2015.04.30 06:11:02.325,0.98655,0.98673,2.02,2.32
2015.04.30 06:11:02.636,0.98659,0.98673,1.37,1.00
2015.04.30 06:11:02.687,0.98659,0.98675,1.37,1.00
2015.04.30 06:11:03.092,0.98659,0.98669,1.45,1.00
2015.04.30 06:11:03.295,0.98657,0.98667,1.00,1.00
2015.04.30 06:11:03.345,0.98652,0.98667,1.12,1.00
2015.04.30 06:11:03.851,0.9865,0.98666,1.37,1.00
2015.04.30 06:11:04.399,0.9865,0.98666,1.47,1.00
2015.04.30 06:11:04.919,0.98649,0.98665,1.50,1.00
2015.04.30 06:11:05.456,0.98651,0.98667,1.37,1.10
2015.04.30 06:11:07.035,0.98651,0.98667,1.37,1.10
2015.04.30 06:11:07.813,0.98651,0.98667,1.87,1.10
2015.04.30 06:11:08.116,0.98651,0.98667,1.95,1.00
2015.04.30 06:11:08.341,0.98651,0.98663,1.12,1.00
2015.04.30 06:11:08.873,0.98647,0.98663,3.45,1.00
2015.04.30 06:11:09.378,0.98647,0.98664,3.07,1.00
2015.04.30 06:11:10.120,0.98647,0.98663,1.95,1.00
2015.04.30 06:11:10.474,0.98645,0.98661,1.47,1.00
2015.04.30 06:11:10.828,0.98647,0.9866,1.37,1.00
2015.04.30 06:11:10.980,0.98648,0.98663,1.37,1.00
2015.04.30 06:11:11.232,0.98648,0.98665,2.62,1.10
2015.04.30 06:11:11.334,0.98648,0.98665,2.25,1.10
2015.04.30 06:11:11.867,0.98648,0.98659,1.50,1.00
2015.04.30 06:11:11.969,0.98648,0.98662,1.87,1.17
2015.04.30 06:11:12.323,0.98644,0.9866,2.25,1.00
2015.04.30 06:11:12.838,0.98643,0.98661,2.70,1.57
2015.04.30 06:11:13.052,0.98645,0.98661,1.75,1.57
2015.04.30 06:11:13.153,0.98646,0.98663,1.37,1.57
2015.04.30 06:11:13.673,0.98648,0.98663,2.25,1.00
2015.04.30 06:11:14.194,0.98648,0.98663,1.75,1.00
2015.04.30 06:11:14.727,0.98648,0.98663,1.75,1.00
2015.04.30 06:11:14.828,0.98648,0.98663,1.87,1.00
2015.04.30 06:11:16.130,0.98648,0.98663,1.75,1.00
2015.04.30 06:11:16.661,0.98648,0.98663,1.50,1.00
2015.04.30 06:11:17.761,0.98645,0.98662,1.75,1.00
2015.04.30 06:11:18.064,0.98643,0.98659,2.25,1.00
2015.04.30 06:11:18.368,0.98647,0.9866,1.50,1.00
2015.04.30 06:11:18.419,0.98647,0.98662,2.32,1.50
2015.04.30 06:11:18.621,0.9865,0.98665,1.37,1.00
2015.04.30 06:11:18.672,0.9865,0.98665,2.25,1.00
2015.04.30 06:11:18.723,0.9865,0.98667,3.00,1.00
2015.04.30 06:11:19.077,0.98652,0.9867,1.37,2.32
2015.04.30 06:11:19.661,0.98654,0.98669,1.37,1.00
2015.04.30 06:11:23.540,0.98655,0.9867,1.12,1.57
2015.04.30 06:11:24.757,0.98655,0.9867,1.37,1.10
2015.04.30 06:11:25.061,0.98656,0.98672,1.37,1.30
2015.04.30 06:11:25.596,0.98656,0.98672,1.57,1.00
2015.04.30 06:11:28.516,0.98656,0.98673,2.02,1.10
2015.04.30 06:11:29.064,0.98658,0.98674,1.87,1.00
2015.04.30 06:11:29.669,0.98658,0.98674,1.87,1.00
2015.04.30 06:11:30.900,0.98658,0.98673,1.37,1.00
2015.04.30 06:11:31.926,0.98658,0.98673,1.37,1.10
2015.04.30 06:11:32.229,0.98658,0.98673,1.87,1.00
2015.04.30 06:11:32.888,0.98662,0.98673,1.47,1.00
2015.04.30 06:11:33.091,0.98663,0.98673,1.12,1.00
2015.04.30 06:11:33.193,0.98663,0.98673,1.37,1.00
2015.04.30 06:11:33.497,0.98661,0.98673,1.17,1.00
2015.04.30 06:11:33.650,0.98663,0.98677,1.00,1.00
2015.04.30 06:11:33.752,0.98663,0.9868,1.00,1.00
2015.04.30 06:11:33.876,0.98663,0.98678,1.00,1.00
2015.04.30 06:11:34.077,0.98663,0.9868,1.00,1.00
2015.04.30 06:11:34.230,0.98666,0.9868,1.00,1.00
2015.04.30 06:11:34.748,0.98667,0.98681,1.00,1.00
2015.04.30 06:11:35.290,0.98667,0.98682,1.00,1.00
2015.04.30 06:11:35.694,0.98668,0.98684,1.00,2.25
2015.04.30 06:11:36.338,0.98668,0.98684,1.12,1.50
2015.04.30 06:11:36.604,0.98668,0.98682,2.25,1.00
2015.04.30 06:11:37.196,0.98667,0.98681,1.87,1.00
2015.04.30 06:11:37.601,0.98667,0.98681,1.00,1.00
2015.04.30 06:11:38.064,0.98667,0.98679,1.50,1.00
2015.04.30 06:11:38.215,0.98667,0.98681,1.00,1.00
2015.04.30 06:11:38.721,0.98668,0.9868,1.00,1.00
2015.04.30 06:11:39.502,0.98665,0.9868,1.00,1.00
2015.04.30 06:11:40.066,0.98663,0.98679,2.40,1.00
2015.04.30 06:11:40.576,0.98663,0.98679,2.25,1.00
2015.04.30 06:11:41.167,0.98663,0.98678,1.00,1.50
2015.04.30 06:11:42.324,0.98662,0.98678,2.02,1.50
2015.04.30 06:11:42.637,0.98662,0.98678,1.20,1.00
2015.04.30 06:11:43.142,0.98661,0.98678,1.87,1.50
2015.04.30 06:11:43.445,0.98661,0.98677,1.12,1.65
2015.04.30 06:11:43.647,0.9866,0.98676,1.87,1.00
2015.04.30 06:11:45.560,0.9866,0.98676,1.37,1.10
2015.04.30 06:11:45.831,0.9866,0.98675,1.10,1.50
2015.04.30 06:11:46.034,0.98657,0.98672,1.47,1.00
2015.04.30 06:11:46.135,0.98657,0.98672,1.12,1.00
2015.04.30 06:11:46.236,0.98657,0.98672,1.37,1.00
2015.04.30 06:11:46.438,0.98655,0.98671,1.10,1.00
2015.04.30 06:11:46.969,0.98654,0.9867,1.00,1.00
2015.04.30 06:11:47.172,0.98654,0.98671,1.37,1.57
2015.04.30 06:11:47.483,0.98657,0.98673,1.37,1.10
2015.04.30 06:11:47.811,0.98659,0.98675,1.37,1.57
2015.04.30 06:11:48.089,0.98658,0.98675,1.00,1.10
2015.04.30 06:11:48.565,0.9866,0.98675,1.00,1.10
2015.04.30 06:11:49.200,0.98658,0.98675,1.50,1.10
2015.04.30 06:11:49.712,0.98658,0.98674,1.00,1.00
2015.04.30 06:11:50.307,0.98658,0.98675,1.50,1.10
2015.04.30 06:11:50.812,0.98657,0.98674,1.00,1.00
2015.04.30 06:11:53.749,0.98656,0.98674,2.02,1.50
2015.04.30 06:11:54.393,0.98657,0.98674,1.00,1.50
2015.04.30 06:11:54.947,0.98656,0.98674,2.40,1.00
2015.04.30 06:11:56.303,0.98656,0.98674,2.77,1.00
2015.04.30 06:11:57.208,0.98656,0.98674,1.20,2.25
2015.04.30 06:11:57.511,0.98654,0.98671,1.85,1.00
2015.04.30 06:11:58.017,0.98654,0.9867,1.37,1.10
2015.04.30 06:11:58.421,0.98654,0.98672,2.32,1.87
2015.04.30 06:11:59.015,0.98656,0.98674,1.37,3.15
2015.04.30 06:11:59.066,0.98656,0.98674,1.37,2.47
2015.04.30 06:11:59.218,0.98658,0.98672,1.00,1.50
2015.04.30 06:11:59.742,0.98656,0.98672,1.37,1.20
2015.04.30 06:12:00.288,0.98656,0.98672,1.37,1.65
2015.04.30 06:12:02.685,0.98655,0.98672,1.57,1.57
2015.04.30 06:12:05.025,0.98657,0.98674,1.37,3.15
2015.04.30 06:12:05.126,0.98656,0.98674,1.87,1.72
2015.04.30 06:12:05.228,0.98656,0.98674,1.87,2.40
2015.04.30 06:12:05.731,0.98656,0.98674,4.35,2.25
2015.04.30 06:12:06.049,0.98656,0.98674,4.72,2.25
2015.04.30 06:12:06.300,0.98657,0.98674,1.55,2.25
2015.04.30 06:12:07.127,0.98656,0.98674,4.35,1.57
2015.04.30 06:12:09.743,0.98658,0.98673,1.00,1.00
2015.04.30 06:12:09.844,0.98656,0.98672,1.87,1.50
2015.04.30 06:12:09.996,0.98654,0.9867,1.20,1.57
2015.04.30 06:12:10.047,0.98654,0.9867,1.47,1.57
2015.04.30 06:12:10.593,0.98654,0.9867,1.47,1.57
2015.04.30 06:12:10.896,0.98654,0.98668,1.00,1.00
2015.04.30 06:12:10.997,0.98651,0.98668,1.07,1.00
2015.04.30 06:12:11.502,0.98651,0.98669,1.45,3.07
2015.04.30 06:12:16.145,0.98651,0.98667,1.45,1.00
2015.04.30 06:12:16.658,0.98651,0.98667,1.95,1.00
2015.04.30 06:12:19.661,0.98654,0.98667,1.00,1.00
2015.04.30 06:12:20.454,0.98653,0.98664,1.00,1.20
2015.04.30 06:12:20.656,0.98645,0.98659,1.37,1.00
2015.04.30 06:12:20.780,0.98645,0.98659,1.00,1.00
2015.04.30 06:12:21.625,0.98643,0.98658,1.87,1.00
2015.04.30 06:12:22.128,0.98643,0.98657,1.87,1.00
2015.04.30 06:12:22.630,0.98643,0.98656,1.12,1.50
2015.04.30 06:12:22.960,0.98641,0.98656,1.12,1.57
2015.04.30 06:12:23.465,0.98641,0.98654,1.00,1.00
2015.04.30 06:12:23.984,0.98637,0.98654,1.37,1.00
2015.04.30 06:12:26.671,0.98639,0.98654,1.00,1.00
2015.04.30 06:12:26.923,0.98632,0.98649,1.57,1.12
2015.04.30 06:12:26.974,0.98632,0.98646,1.57,1.00
2015.04.30 06:12:27.479,0.98633,0.9865,1.00,4.27
2015.04.30 06:12:27.530,0.98634,0.9865,1.00,1.20
2015.04.30 06:12:27.631,0.98636,0.9865,1.00,1.07
2015.04.30 06:12:27.733,0.98634,0.9865,1.00,1.07
2015.04.30 06:12:28.407,0.98635,0.98652,1.00,3.97
2015.04.30 06:12:28.609,0.98635,0.98652,1.37,3.97
2015.04.30 06:12:29.004,0.98634,0.98652,1.50,4.72
2015.04.30 06:12:29.105,0.98637,0.98652,1.37,1.57
2015.04.30 06:12:30.640,0.98636,0.98652,1.37,1.10
2015.04.30 06:12:30.741,0.98635,0.98652,1.50,1.57
2015.04.30 06:12:30.956,0.98635,0.98645,1.00,1.10
2015.04.30 06:12:31.008,0.9863,0.98644,1.37,1.00
2015.04.30 06:12:31.109,0.98627,0.98644,1.50,1.00
2015.04.30 06:12:31.210,0.98627,0.98641,1.50,1.00
2015.04.30 06:12:31.825,0.98628,0.98641,1.00,1.50
2015.04.30 06:12:32.732,0.98628,0.98641,1.37,1.00
2015.04.30 06:12:32.834,0.98632,0.98645,1.12,1.20
2015.04.30 06:12:32.936,0.98632,0.98646,1.12,1.10
2015.04.30 06:12:33.037,0.98632,0.98646,1.37,1.10
2015.04.30 06:12:33.088,0.98633,0.98649,1.37,1.27
2015.04.30 06:12:33.442,0.98635,0.98651,1.37,1.27
2015.04.30 06:12:33.543,0.98636,0.98652,1.37,1.57
2015.04.30 06:12:33.645,0.98636,0.98652,1.87,1.57
2015.04.30 06:12:33.897,0.98638,0.98655,1.87,1.10
2015.04.30 06:12:34.402,0.98638,0.98654,1.87,1.00
2015.04.30 06:12:34.945,0.98638,0.98655,1.87,1.10
2015.04.30 06:12:35.500,0.98638,0.98655,1.87,1.10
2015.04.30 06:12:36.102,0.98638,0.98654,1.87,1.00
2015.04.30 06:12:36.660,0.98638,0.98653,1.87,1.00
2015.04.30 06:12:37.126,0.98638,0.98655,1.87,1.57
2015.04.30 06:12:37.627,0.98638,0.98654,1.37,1.50
2015.04.30 06:12:38.115,0.98638,0.98654,1.00,1.50
2015.04.30 06:12:38.266,0.98636,0.98653,1.00,1.00
2015.04.30 06:12:41.589,0.98636,0.98652,1.00,1.00
2015.04.30 06:12:42.208,0.98636,0.98653,1.00,1.10
2015.04.30 06:12:42.882,0.98636,0.98652,1.00,1.00
2015.04.30 06:12:43.394,0.98636,0.98653,1.00,1.10
2015.04.30 06:12:43.900,0.98634,0.9865,1.65,1.00
2015.04.30 06:12:44.103,0.98634,0.98652,2.40,1.50
2015.04.30 06:12:44.893,0.98634,0.98651,2.40,1.00
2015.04.30 06:12:45.414,0.98634,0.98652,2.40,1.50
2015.04.30 06:12:47.503,0.98636,0.98651,1.00,1.00
2015.04.30 06:12:48.068,0.98634,0.9865,2.77,1.00
2015.04.30 06:12:49.368,0.98634,0.9865,2.77,1.00
2015.04.30 06:12:49.953,0.98635,0.9865,1.57,1.00
2015.04.30 06:12:50.054,0.98635,0.9865,2.02,1.00
2015.04.30 06:12:50.156,0.98637,0.98653,1.87,1.12
2015.04.30 06:12:50.369,0.98635,0.98653,2.70,1.87
2015.04.30 06:12:51.226,0.98635,0.98652,1.47,1.50
2015.04.30 06:12:51.428,0.98635,0.98652,1.47,1.50
2015.04.30 06:12:51.949,0.98637,0.98653,1.37,1.50
2015.04.30 06:12:52.458,0.98639,0.98653,1.00,1.00
2015.04.30 06:12:53.211,0.98638,0.98653,1.00,1.00
2015.04.30 06:12:53.363,0.98638,0.98655,1.00,1.10
2015.04.30 06:12:53.465,0.98637,0.98652,1.00,1.00
2015.04.30 06:12:53.767,0.9864,0.98655,1.00,1.00
2015.04.30 06:12:54.032,0.98641,0.98658,1.50,1.20
2015.04.30 06:12:54.134,0.98642,0.9866,1.00,1.72
2015.04.30 06:12:54.235,0.98646,0.9866,1.00,1.50
2015.04.30 06:12:54.538,0.98641,0.98657,1.00,1.65
2015.04.30 06:12:54.690,0.98638,0.98654,1.57,1.20
2015.04.30 06:12:54.993,0.98638,0.98653,1.00,1.65
2015.04.30 06:12:55.586,0.98638,0.98653,1.00,1.20
2015.04.30 06:12:55.637,0.98636,0.98653,1.10,1.65
2015.04.30 06:12:56.307,0.98637,0.98653,1.00,1.57
2015.04.30 06:12:56.610,0.98639,0.98655,1.00,1.10
2015.04.30 06:12:56.913,0.98643,0.9866,1.50,3.60
2015.04.30 06:12:57.065,0.98644,0.9866,1.00,1.57
2015.04.30 06:12:57.571,0.98645,0.98661,1.00,1.17
2015.04.30 06:12:58.049,0.98644,0.98657,1.50,1.00
2015.04.30 06:12:58.504,0.98642,0.98657,1.12,1.65
2015.04.30 06:12:58.757,0.98643,0.9866,1.12,1.95
2015.04.30 06:12:59.168,0.98643,0.98658,1.00,1.95
2015.04.30 06:12:59.472,0.98642,0.98654,1.00,1.20
2015.04.30 06:12:59.522,0.98639,0.98654,1.00,1.10
2015.04.30 06:12:59.624,0.98639,0.98652,1.00,1.00
2015.04.30 06:12:59.827,0.98637,0.98652,1.00,1.12
2015.04.30 06:13:00.130,0.98637,0.98649,1.00,1.00
2015.04.30 06:13:00.181,0.98635,0.98649,1.00,1.10
2015.04.30 06:13:00.232,0.98635,0.98647,1.00,1.00
2015.04.30 06:13:00.901,0.98635,0.98647,1.00,1.20
2015.04.30 06:13:01.801,0.98634,0.98648,1.00,1.57
2015.04.30 06:13:02.306,0.98635,0.98648,1.00,1.57
2015.04.30 06:13:02.610,0.98638,0.9865,1.00,2.25
2015.04.30 06:13:02.914,0.9864,0.98651,1.00,1.12
2015.04.30 06:13:03.240,0.98643,0.98656,1.00,3.00
2015.04.30 06:13:03.543,0.98644,0.98656,1.00,1.75
2015.04.30 06:13:03.706,0.98642,0.98656,1.00,1.75
2015.04.30 06:13:04.229,0.98643,0.98656,1.00,1.75
2015.04.30 06:13:04.776,0.98642,0.98656,1.00,1.75
2015.04.30 06:13:05.248,0.9864,0.98652,1.10,1.00
2015.04.30 06:13:05.350,0.98637,0.98652,1.57,1.00
2015.04.30 06:13:05.401,0.98637,0.98652,1.50,1.57
2015.04.30 06:13:05.654,0.98635,0.98649,1.00,1.00
2015.04.30 06:13:06.764,0.98633,0.98649,1.00,1.00
2015.04.30 06:13:07.440,0.98633,0.98649,1.00,1.07
2015.04.30 06:13:09.612,0.98636,0.98649,1.00,1.17
2015.04.30 06:13:09.871,0.98634,0.98649,1.50,1.17
2015.04.30 06:13:09.922,0.98634,0.98648,1.50,1.07
2015.04.30 06:13:10.024,0.98627,0.98642,1.00,1.07
2015.04.30 06:13:10.175,0.98625,0.98641,1.00,1.17
2015.04.30 06:13:10.277,0.98627,0.98641,1.00,1.17
2015.04.30 06:13:11.529,0.98627,0.98642,1.00,1.65
2015.04.30 06:13:12.033,0.98626,0.98642,1.00,1.65
2015.04.30 06:13:12.583,0.98626,0.98639,1.00,1.00
2015.04.30 06:13:12.743,0.98626,0.98642,1.00,1.65
2015.04.30 06:13:13.284,0.98627,0.98642,1.00,1.65
2015.04.30 06:13:13.385,0.98627,0.9864,1.00,1.07
2015.04.30 06:13:13.709,0.98624,0.98638,1.00,1.00
2015.04.30 06:13:14.011,0.98622,0.98638,1.12,1.10
2015.04.30 06:13:14.545,0.98622,0.98638,1.37,1.10
2015.04.30 06:13:15.046,0.98626,0.98638,1.00,1.10
2015.04.30 06:13:15.248,0.98627,0.98642,1.00,1.15
2015.04.30 06:13:15.350,0.98628,0.98642,1.00,1.00
2015.04.30 06:13:15.571,0.9863,0.98642,1.00,1.00
2015.04.30 06:13:15.773,0.98628,0.98642,1.00,1.00
2015.04.30 06:13:16.279,0.98629,0.98642,1.00,1.00
2015.04.30 06:13:16.852,0.98628,0.98642,1.12,1.00
2015.04.30 06:13:17.859,0.98629,0.98642,1.00,1.00
2015.04.30 06:13:18.847,0.98628,0.98642,1.00,1.00
2015.04.30 06:13:19.292,0.98627,0.98642,1.50,1.50
2015.04.30 06:13:19.596,0.98622,0.98634,1.00,1.27
2015.04.30 06:13:19.647,0.9862,0.98633,1.00,1.20
2015.04.30 06:13:19.748,0.98623,0.98636,1.00,1.90
2015.04.30 06:13:19.799,0.98623,0.98636,1.00,1.17
2015.04.30 06:13:19.951,0.98625,0.98643,1.10,3.15
2015.04.30 06:13:20.053,0.98625,0.98643,1.10,3.15
2015.04.30 06:13:21.202,0.98625,0.98641,1.50,1.57
2015.04.30 06:13:21.253,0.98625,0.98636,1.50,1.00
2015.04.30 06:13:21.304,0.98623,0.98636,1.10,1.00
2015.04.30 06:13:21.405,0.98621,0.98636,1.12,1.00
2015.04.30 06:13:23.978,0.98621,0.98638,1.10,1.72
2015.04.30 06:13:24.678,0.98622,0.98638,1.00,1.65
2015.04.30 06:13:25.195,0.98622,0.98638,1.00,1.27
2015.04.30 06:13:26.818,0.98621,0.98639,1.57,3.22
2015.04.30 06:13:30.578,0.98621,0.98637,1.10,1.10
2015.04.30 06:13:31.591,0.98621,0.98635,1.50,1.00
2015.04.30 06:13:31.642,0.98618,0.98635,1.65,1.00
2015.04.30 06:13:32.155,0.98618,0.98634,1.10,1.57
2015.04.30 06:13:33.195,0.98618,0.98633,1.10,1.00
2015.04.30 06:13:33.713,0.98617,0.98632,1.50,1.00
2015.04.30 06:13:33.865,0.98617,0.98628,1.50,1.00
2015.04.30 06:13:34.067,0.98612,0.98628,1.57,1.57
2015.04.30 06:13:34.371,0.98612,0.98628,1.50,1.10
2015.04.30 06:13:34.522,0.98617,0.98628,1.00,1.10
2015.04.30 06:13:34.674,0.98612,0.98628,1.00,1.10
2015.04.30 06:13:34.775,0.98612,0.98629,1.00,3.22
2015.04.30 06:13:34.877,0.98612,0.98629,1.00,1.15
2015.04.30 06:13:35.214,0.98612,0.98625,1.00,1.00
2015.04.30 06:13:35.743,0.98612,0.98627,1.37,1.07
2015.04.30 06:13:36.249,0.98612,0.98627,1.37,1.00
2015.04.30 06:13:36.603,0.98613,0.98629,1.12,1.10
2015.04.30 06:13:37.108,0.98614,0.98629,1.12,1.10
2015.04.30 06:13:37.260,0.98614,0.98631,1.87,1.12
2015.04.30 06:13:37.764,0.98617,0.98631,1.20,1.10
2015.04.30 06:13:41.542,0.98617,0.98633,1.37,1.57
2015.04.30 06:13:44.735,0.98617,0.98633,1.37,1.57
2015.04.30 06:13:45.040,0.98622,0.98637,1.37,2.40
2015.04.30 06:13:45.091,0.98622,0.98637,1.37,1.50
2015.04.30 06:13:45.395,0.98622,0.98636,1.12,1.50
2015.04.30 06:13:45.752,0.9862,0.98636,1.37,1.75
2015.04.30 06:13:46.257,0.9862,0.98635,1.37,1.75
2015.04.30 06:13:46.338,0.9862,0.98635,1.12,1.75
2015.04.30 06:13:47.117,0.98621,0.98635,1.00,2.25
2015.04.30 06:13:47.815,0.98619,0.98635,1.37,2.25
2015.04.30 06:13:48.596,0.9862,0.98635,1.37,2.25
2015.04.30 06:13:52.328,0.98621,0.98635,1.12,1.10
2015.04.30 06:13:52.852,0.98622,0.98637,1.12,2.32
2015.04.30 06:13:53.005,0.98622,0.98639,1.47,2.25
2015.04.30 06:13:53.107,0.98622,0.98639,1.57,1.10
2015.04.30 06:13:53.209,0.98624,0.98641,2.40,2.25
2015.04.30 06:13:53.709,0.98626,0.98637,1.00,1.00
2015.04.30 06:13:53.810,0.98623,0.98639,1.12,1.30
2015.04.30 06:13:53.860,0.98621,0.98639,1.87,2.40
2015.04.30 06:13:54.167,0.98621,0.98637,1.12,1.17
2015.04.30 06:13:54.803,0.98621,0.98637,1.50,1.20
2015.04.30 06:13:55.050,0.98626,0.98641,1.37,1.10
2015.04.30 06:13:55.711,0.98624,0.98639,1.37,1.00
2015.04.30 06:13:56.015,0.98622,0.98638,1.37,2.02
2015.04.30 06:13:56.217,0.98622,0.98637,1.12,1.30
2015.04.30 06:13:56.319,0.9862,0.98634,1.37,1.00
2015.04.30 06:13:57.131,0.98621,0.98636,1.37,1.20
2015.04.30 06:13:57.657,0.98621,0.98636,1.37,1.20
2015.04.30 06:13:58.163,0.98622,0.98638,1.37,1.20
2015.04.30 06:13:58.617,0.98624,0.98639,1.37,1.10
2015.04.30 06:13:59.122,0.98624,0.98641,1.37,1.95
2015.04.30 06:13:59.526,0.98626,0.98643,1.37,2.02
2015.04.30 06:13:59.930,0.98626,0.98643,1.37,2.25
2015.04.30 06:14:00.440,0.98626,0.98643,1.37,2.25
2015.04.30 06:14:03.246,0.98627,0.98643,1.37,2.25
2015.04.30 06:14:05.459,0.98628,0.9864,1.37,1.12
2015.04.30 06:14:05.863,0.98626,0.98639,1.37,1.10
2015.04.30 06:14:06.370,0.98626,0.98641,1.37,1.37
2015.04.30 06:14:07.936,0.98625,0.98641,1.37,1.37
2015.04.30 06:14:08.189,0.98625,0.98641,1.00,1.37
2015.04.30 06:14:08.414,0.98625,0.98641,1.00,1.00
2015.04.30 06:14:11.088,0.98625,0.98641,1.87,1.00
2015.04.30 06:14:12.610,0.98625,0.98641,1.50,1.00
2015.04.30 06:14:13.884,0.98626,0.98641,1.00,1.00
2015.04.30 06:14:14.864,0.98626,0.98642,1.00,1.10
2015.04.30 06:14:15.264,0.98628,0.98642,1.00,1.10
2015.04.30 06:14:15.793,0.98628,0.98642,1.37,1.10
2015.04.30 06:14:16.348,0.98628,0.98638,1.37,1.00
2015.04.30 06:14:16.896,0.98626,0.98637,1.37,1.00
2015.04.30 06:14:17.405,0.98626,0.98638,1.37,1.00
2015.04.30 06:14:18.700,0.98626,0.98638,1.37,1.00
2015.04.30 06:14:19.206,0.98626,0.98638,1.47,1.00
2015.04.30 06:14:19.707,0.98628,0.98637,1.37,1.00
2015.04.30 06:14:20.828,0.98628,0.98638,1.37,1.00
2015.04.30 06:14:21.377,0.98628,0.98638,1.37,1.00
2015.04.30 06:14:21.428,0.98628,0.98637,1.00,1.00
2015.04.30 06:14:21.530,0.98626,0.98641,4.80,1.00
2015.04.30 06:14:21.581,0.98625,0.98638,1.00,1.20
2015.04.30 06:14:21.632,0.98625,0.98633,1.00,1.00
2015.04.30 06:14:22.068,0.98625,0.98641,1.00,1.57
2015.04.30 06:14:22.221,0.98628,0.98643,1.00,2.77
2015.04.30 06:14:22.650,0.98628,0.98643,1.37,1.57
2015.04.30 06:14:23.588,0.98629,0.98643,1.00,1.00
2015.04.30 06:14:23.819,0.98629,0.98645,1.00,1.20
2015.04.30 06:14:23.870,0.98628,0.98644,1.00,1.07
2015.04.30 06:14:24.378,0.98628,0.98642,1.00,1.00
2015.04.30 06:14:24.731,0.98628,0.98644,1.00,1.50
2015.04.30 06:14:25.739,0.98629,0.98644,1.00,1.50
2015.04.30 06:14:26.435,0.98628,0.98644,1.00,1.57
2015.04.30 06:14:26.950,0.98629,0.98644,1.10,1.50
2015.04.30 06:14:27.270,0.98627,0.98643,1.00,1.57
2015.04.30 06:14:27.789,0.98627,0.98642,1.10,1.00
2015.04.30 06:14:28.290,0.98627,0.98643,1.10,1.50
2015.04.30 06:14:29.797,0.98628,0.98643,1.00,1.50
2015.04.30 06:14:30.303,0.98628,0.98643,1.07,1.00
2015.04.30 06:14:30.800,0.98631,0.98643,1.00,1.00
2015.04.30 06:14:31.055,0.98629,0.98643,1.10,1.00
2015.04.30 06:14:31.909,0.98631,0.98643,1.00,1.00
2015.04.30 06:14:32.011,0.98629,0.98643,1.10,1.00
2015.04.30 06:14:32.958,0.98628,0.98642,1.07,1.00
2015.04.30 06:14:33.211,0.98627,0.98642,1.00,1.00
2015.04.30 06:14:33.541,0.98625,0.98642,1.10,1.72
2015.04.30 06:14:34.069,0.98624,0.98642,1.50,1.72
2015.04.30 06:14:34.170,0.98629,0.98642,1.00,1.27
2015.04.30 06:14:34.322,0.98627,0.98642,1.10,1.10
2015.04.30 06:14:34.423,0.98629,0.98642,1.00,1.00
2015.04.30 06:14:34.726,0.98632,0.98643,1.00,1.00
2015.04.30 06:14:34.929,0.98632,0.98646,1.00,1.00
2015.04.30 06:14:34.980,0.98634,0.98646,1.00,1.00
2015.04.30 06:14:35.183,0.98635,0.98648,1.00,1.00
2015.04.30 06:14:35.702,0.98636,0.98648,1.00,1.00
2015.04.30 06:14:36.006,0.98637,0.98648,1.87,1.00
2015.04.30 06:14:36.880,0.98638,0.98648,1.12,1.00
2015.04.30 06:14:37.183,0.98634,0.98647,1.37,1.00
2015.04.30 06:14:37.285,0.98631,0.98647,1.37,1.17
2015.04.30 06:14:37.336,0.98631,0.98643,1.37,1.00
2015.04.30 06:14:39.746,0.98629,0.98643,1.37,1.00
2015.04.30 06:14:40.251,0.98627,0.98643,1.37,1.10
2015.04.30 06:14:40.705,0.98626,0.98641,1.47,1.00
2015.04.30 06:14:42.398,0.98625,0.98637,1.95,1.00
2015.04.30 06:14:42.751,0.98625,0.98637,1.47,1.00
2015.04.30 06:14:42.953,0.98623,0.98638,1.37,1.50
2015.04.30 06:14:43.156,0.98627,0.98638,1.00,1.00
2015.04.30 06:14:43.308,0.98627,0.9864,1.57,1.00
2015.04.30 06:14:43.409,0.98628,0.98643,1.00,1.00
2015.04.30 06:14:43.955,0.98629,0.98645,1.00,1.10
2015.04.30 06:14:44.107,0.98634,0.98647,1.00,1.50
2015.04.30 06:14:44.410,0.98636,0.98647,1.10,1.00
2015.04.30 06:14:44.512,0.98636,0.98653,1.20,1.17
2015.04.30 06:14:45.423,0.98637,0.98653,1.47,1.00
2015.04.30 06:14:45.934,0.98637,0.98652,1.47,1.00
2015.04.30 06:14:46.439,0.98639,0.98653,1.37,1.00
2015.04.30 06:14:47.066,0.98639,0.98653,1.37,1.00
2015.04.30 06:14:47.370,0.9864,0.98653,1.00,1.00
2015.04.30 06:14:47.471,0.98637,0.98653,1.47,1.50
2015.04.30 06:14:47.572,0.98636,0.98648,2.77,1.00
2015.04.30 06:14:47.774,0.98634,0.98648,1.37,1.00
2015.04.30 06:14:48.178,0.98632,0.98647,1.37,1.00
2015.04.30 06:14:48.228,0.98632,0.98643,1.37,1.00
2015.04.30 06:14:48.582,0.98631,0.98643,1.00,1.00
2015.04.30 06:14:49.087,0.98633,0.98643,1.50,1.00
2015.04.30 06:14:49.137,0.98633,0.98646,2.32,1.00
2015.04.30 06:14:49.188,0.98634,0.98648,1.37,1.00
2015.04.30 06:14:49.340,0.98635,0.98642,1.37,1.00
2015.04.30 06:14:49.669,0.98635,0.98647,1.87,1.00
2015.04.30 06:14:49.771,0.98636,0.98652,1.37,1.00
2015.04.30 06:14:50.024,0.98637,0.98647,1.37,1.00
2015.04.30 06:14:50.532,0.98637,0.98647,1.37,1.00
2015.04.30 06:14:51.180,0.98637,0.98647,1.37,1.00
2015.04.30 06:14:51.485,0.98638,0.98647,1.37,1.00
2015.04.30 06:14:51.536,0.98638,0.98652,1.37,1.50
2015.04.30 06:14:52.012,0.98638,0.98645,1.00,1.00
2015.04.30 06:14:52.063,0.98634,0.98645,1.37,1.00
2015.04.30 06:14:52.114,0.98633,0.98645,1.00,1.00
2015.04.30 06:14:52.164,0.98632,0.98642,1.00,1.00
2015.04.30 06:14:52.266,0.98628,0.98642,1.37,1.00
2015.04.30 06:14:52.670,0.98626,0.98639,1.52,1.00
2015.04.30 06:14:52.721,0.98625,0.98639,1.27,1.00
2015.04.30 06:14:53.208,0.98625,0.98639,1.85,1.00
2015.04.30 06:14:53.435,0.98625,0.98639,1.47,1.00
2015.04.30 06:14:54.537,0.98626,0.98643,1.37,1.10
2015.04.30 06:14:55.419,0.98625,0.98641,1.47,1.00
2015.04.30 06:14:56.027,0.98627,0.98642,1.12,1.57
2015.04.30 06:14:56.564,0.98627,0.98642,1.37,1.57
2015.04.30 06:14:57.512,0.98624,0.9864,1.37,1.00
2015.04.30 06:14:57.563,0.98623,0.98637,1.47,1.00
2015.04.30 06:14:57.613,0.98623,0.98637,1.20,1.50
2015.04.30 06:14:57.765,0.98621,0.98637,1.10,1.00
2015.04.30 06:14:59.015,0.9862,0.98637,1.95,1.10
2015.04.30 06:14:59.586,0.98622,0.98637,1.37,1.10
2015.04.30 06:14:59.890,0.98616,0.98628,1.37,1.00
2015.04.30 06:14:59.992,0.98612,0.98628,1.10,1.00
2015.04.30 06:15:00.194,0.98612,0.98626,1.00,1.00
2015.04.30 06:15:00.699,0.98612,0.98627,1.37,1.50
2015.04.30 06:15:01.682,0.98611,0.98628,2.70,1.10
2015.04.30 06:15:02.970,0.98611,0.98628,1.95,1.57
2015.04.30 06:15:04.038,0.98611,0.98627,1.47,1.00
2015.04.30 06:15:06.143,0.98611,0.98628,1.95,1.10
2015.04.30 06:15:06.646,0.98611,0.98627,1.47,1.10
2015.04.30 06:15:06.748,0.98611,0.98627,1.37,1.07
2015.04.30 06:15:08.056,0.98609,0.98626,1.92,1.50
2015.04.30 06:15:08.589,0.98612,0.98627,1.37,1.10
2015.04.30 06:15:08.769,0.98612,0.98627,1.00,1.10
2015.04.30 06:15:08.827,0.98612,0.98623,1.00,1.00
2015.04.30 06:15:08.878,0.98606,0.98622,1.95,1.00
2015.04.30 06:15:08.979,0.98606,0.9862,1.87,1.00
2015.04.30 06:15:09.283,0.98604,0.9862,1.52,1.00
2015.04.30 06:15:09.334,0.98608,0.98621,1.00,1.00
2015.04.30 06:15:09.637,0.98612,0.98628,2.40,1.00
2015.04.30 06:15:09.839,0.98615,0.98628,1.00,1.00
2015.04.30 06:15:10.193,0.98612,0.98628,1.00,1.00
2015.04.30 06:15:12.256,0.98612,0.98627,1.00,1.00
2015.04.30 06:15:12.953,0.98612,0.98628,1.00,1.00
2015.04.30 06:15:13.164,0.98612,0.98626,1.00,1.00
2015.04.30 06:15:14.007,0.98611,0.98626,1.20,1.00
2015.04.30 06:15:14.513,0.98612,0.98627,1.50,1.00
2015.04.30 06:15:15.051,0.98612,0.98628,1.00,1.00
2015.04.30 06:15:19.527,0.98614,0.98628,1.00,1.00
2015.04.30 06:15:19.974,0.98612,0.98628,1.00,1.00
2015.04.30 06:15:20.652,0.98615,0.98628,1.00,1.00
2015.04.30 06:15:20.804,0.98614,0.9863,1.10,1.10
2015.04.30 06:15:20.855,0.98614,0.98627,1.10,1.00
2015.04.30 06:15:21.007,0.98611,0.98626,1.37,1.00
2015.04.30 06:15:21.108,0.98611,0.98629,2.25,1.20
2015.04.30 06:15:21.260,0.98611,0.98627,1.00,1.00
2015.04.30 06:15:21.783,0.98611,0.98627,1.15,1.12
2015.04.30 06:15:21.834,0.98609,0.98627,1.57,1.87
2015.04.30 06:15:22.192,0.98609,0.98625,1.10,1.12
2015.04.30 06:15:22.720,0.98608,0.98624,1.47,1.10
2015.04.30 06:15:22.973,0.98609,0.98626,1.07,1.00
2015.04.30 06:15:23.074,0.9861,0.98628,1.15,3.07
2015.04.30 06:15:24.492,0.9861,0.98627,1.15,1.00
2015.04.30 06:15:25.193,0.98612,0.98627,1.00,1.00
2015.04.30 06:15:26.489,0.98612,0.98628,1.00,1.57
2015.04.30 06:15:26.696,0.98612,0.98626,1.00,1.00
2015.04.30 06:15:28.022,0.98612,0.98625,1.00,1.00
2015.04.30 06:15:28.123,0.9861,0.98625,1.00,1.00
2015.04.30 06:15:28.670,0.9861,0.98626,1.00,1.00
2015.04.30 06:15:29.187,0.9861,0.98625,1.00,1.00
2015.04.30 06:15:29.453,0.9861,0.98627,1.00,1.50
2015.04.30 06:15:30.207,0.9861,0.98626,1.00,1.00
2015.04.30 06:15:31.007,0.98611,0.98626,1.00,1.00
2015.04.30 06:15:32.060,0.9861,0.98625,1.00,1.57
2015.04.30 06:15:32.212,0.9861,0.98622,1.00,1.00
2015.04.30 06:15:32.414,0.98605,0.98621,1.00,1.00
2015.04.30 06:15:32.921,0.98606,0.98621,1.10,1.00
2015.04.30 06:15:33.468,0.98606,0.9862,1.10,1.00
2015.04.30 06:15:33.597,0.98606,0.98622,1.10,1.00
2015.04.30 06:15:34.072,0.98606,0.9862,1.10,1.00
2015.04.30 06:15:35.376,0.98606,0.98621,1.10,1.00
2015.04.30 06:15:35.927,0.98606,0.98622,1.10,1.00
2015.04.30 06:15:36.931,0.98606,0.98622,1.47,1.00
2015.04.30 06:15:38.130,0.98606,0.98622,1.37,1.50
