2015.04.13 01:00:05.239,0.95498,0.95508,1.00,1.00
2015.04.13 01:00:05.767,0.95498,0.95508,1.00,1.19
2015.04.13 01:00:06.643,0.95498,0.95508,1.00,1.26
2015.04.13 01:00:06.795,0.95494,0.95507,1.07,1.19
2015.04.13 01:00:06.947,0.95495,0.95511,1.10,1.84
2015.04.13 01:00:07.149,0.95497,0.95511,1.57,1.01
2015.04.13 01:00:08.621,0.95497,0.95513,2.40,1.76
2015.04.13 01:00:09.283,0.95501,0.95513,1.00,1.26
2015.04.13 01:00:09.334,0.95501,0.95517,1.57,1.76
2015.04.13 01:00:09.537,0.95502,0.95518,1.95,1.29
2015.04.13 01:00:09.941,0.95505,0.9552,1.10,1.19
2015.04.13 01:00:10.917,0.95505,0.9552,1.10,1.25
2015.04.13 01:00:13.754,0.95506,0.9552,1.00,1.25
2015.04.13 01:00:14.306,0.95506,0.95521,1.00,1.01
2015.04.13 01:00:14.859,0.95505,0.95521,2.32,1.01
2015.04.13 01:00:16.971,0.95505,0.95521,2.32,1.29
2015.04.13 01:00:20.651,0.95506,0.95521,1.00,1.29
2015.04.13 01:00:21.737,0.95506,0.95521,1.00,1.29
2015.04.13 01:00:23.657,0.95506,0.95521,1.00,1.29
2015.04.13 01:00:24.654,0.95506,0.95521,1.00,1.29
2015.04.13 01:00:25.644,0.95506,0.95521,1.00,1.29
2015.04.13 01:00:26.982,0.95506,0.95521,1.00,1.29
2015.04.13 01:00:27.621,0.95505,0.95521,1.10,1.29
2015.04.13 01:00:31.839,0.95505,0.9552,1.10,1.19
2015.04.13 01:00:34.672,0.95505,0.9552,1.10,1.19
2015.04.13 01:00:35.667,0.95505,0.95521,1.10,2.89
2015.04.13 01:00:36.695,0.95505,0.9552,1.10,1.19
2015.04.13 01:00:37.669,0.95505,0.9552,1.10,1.19
2015.04.13 01:00:40.213,0.95504,0.95516,1.07,1.19
2015.04.13 01:00:40.265,0.95502,0.95515,1.00,1.19
2015.04.13 01:00:40.806,0.95502,0.95515,1.00,1.19
2015.04.13 01:00:42.779,0.95502,0.95515,1.00,1.19
2015.04.13 01:00:44.414,0.95501,0.95513,1.00,1.32
2015.04.13 01:00:44.567,0.95497,0.95508,1.00,1.00
2015.04.13 01:00:44.947,0.95497,0.95508,1.00,1.69
2015.04.13 01:00:45.586,0.95497,0.95508,1.00,1.50
2015.04.13 01:01:06.298,0.95497,0.95511,1.00,1.84
2015.04.13 01:01:06.802,0.95497,0.95511,1.00,1.84
2015.04.13 01:01:07.156,0.95498,0.95513,1.57,1.29
2015.04.13 01:01:08.204,0.95498,0.95513,1.10,1.01
2015.04.13 01:01:10.860,0.95498,0.95513,1.10,1.29
2015.04.13 01:01:11.533,0.95499,0.95515,1.00,2.21
2015.04.13 01:01:12.172,0.95499,0.95515,2.25,2.21
2015.04.13 01:01:13.474,0.95499,0.95514,1.50,1.46
2015.04.13 01:01:19.283,0.95499,0.95513,1.00,1.01
2015.04.13 01:01:27.360,0.95499,0.95513,1.07,1.01
2015.04.13 01:01:32.650,0.95499,0.95513,1.17,1.29
2015.04.13 01:01:35.610,0.95499,0.95513,1.17,1.01
2015.04.13 01:01:42.827,0.95499,0.95513,1.17,1.29
2015.04.13 01:01:44.023,0.95499,0.95513,1.17,1.29
2015.04.13 01:01:46.332,0.955,0.95514,1.10,1.74
2015.04.13 01:01:46.635,0.95502,0.95512,1.50,1.25
2015.04.13 01:01:46.786,0.95499,0.95515,1.17,1.84
2015.04.13 01:01:47.291,0.95499,0.95513,1.17,1.01
2015.04.13 01:01:47.342,0.95499,0.95513,1.17,1.39
2015.04.13 01:01:47.594,0.95497,0.95513,1.57,1.40
2015.04.13 01:01:48.450,0.95497,0.95513,2.32,2.21
2015.04.13 01:01:48.554,0.95497,0.95512,1.57,1.55
2015.04.13 01:01:50.868,0.95497,0.95511,1.50,1.47
2015.04.13 01:01:51.171,0.95497,0.95512,2.25,1.09
2015.04.13 01:01:52.937,0.95497,0.95512,1.50,2.59
2015.04.13 01:01:53.372,0.95497,0.95512,1.50,2.59
2015.04.13 01:01:53.936,0.95497,0.95512,1.50,2.59
2015.04.13 01:01:56.473,0.95497,0.95512,1.57,2.59
2015.04.13 01:01:57.001,0.95498,0.95512,1.00,2.59
2015.04.13 01:01:57.254,0.95498,0.95512,1.12,1.46
2015.04.13 01:01:57.759,0.95498,0.95513,1.10,2.59
2015.04.13 01:01:59.088,0.95498,0.95513,1.10,1.46
2015.04.13 01:01:59.344,0.95502,0.95515,1.00,4.91
2015.04.13 01:01:59.446,0.95502,0.95515,1.00,1.20
2015.04.13 01:02:00.280,0.95502,0.95518,1.57,1.32
2015.04.13 01:02:00.331,0.95502,0.95519,1.17,1.76
2015.04.13 01:02:01.080,0.95502,0.95519,1.27,1.76
2015.04.13 01:02:02.082,0.95502,0.95519,1.27,2.14
2015.04.13 01:02:06.394,0.95506,0.9552,1.00,1.55
2015.04.13 01:02:06.849,0.95506,0.95522,1.65,1.09
2015.04.13 01:02:07.607,0.95503,0.95517,1.10,1.69
2015.04.13 01:02:11.054,0.95503,0.95517,1.10,1.31
2015.04.13 01:02:12.308,0.95502,0.95514,1.00,1.00
2015.04.13 01:02:13.631,0.95507,0.95514,1.00,1.00
2015.04.13 01:02:14.050,0.95502,0.95514,1.00,1.00
2015.04.13 01:02:16.732,0.95502,0.95516,1.50,1.09
2015.04.13 01:02:16.934,0.95504,0.95516,1.00,1.17
2015.04.13 01:02:17.237,0.95508,0.95521,1.00,1.00
2015.04.13 01:02:17.591,0.95508,0.95521,1.00,1.87
2015.04.13 01:02:18.096,0.95507,0.9552,1.50,1.15
2015.04.13 01:02:18.618,0.95508,0.9552,1.00,1.00
2015.04.13 01:02:20.542,0.95507,0.9552,1.72,1.00
2015.04.13 01:02:22.047,0.95507,0.95519,1.10,1.95
2015.04.13 01:02:22.098,0.95505,0.95519,3.07,2.02
2015.04.13 01:02:22.149,0.95505,0.95516,3.00,1.10
2015.04.13 01:02:22.452,0.95505,0.95514,3.00,1.00
2015.04.13 01:02:24.119,0.95503,0.95516,1.00,1.46
2015.04.13 01:02:24.649,0.95503,0.95516,1.00,1.46
2015.04.13 01:02:29.546,0.95503,0.95516,1.00,1.20
2015.04.13 01:02:34.197,0.95502,0.95516,1.00,1.20
2015.04.13 01:02:37.147,0.95509,0.95523,1.50,1.10
2015.04.13 01:02:37.455,0.95509,0.95525,2.25,1.15
2015.04.13 01:02:37.759,0.95506,0.95521,1.10,2.47
2015.04.13 01:02:38.617,0.95507,0.95521,1.00,2.47
2015.04.13 01:02:39.532,0.95506,0.95521,2.70,2.47
2015.04.13 01:02:40.065,0.95506,0.95522,2.77,3.97
2015.04.13 01:02:40.116,0.95506,0.95522,2.85,1.57
2015.04.13 01:02:43.970,0.95506,0.95518,2.47,1.00
2015.04.13 01:02:44.122,0.95507,0.95522,1.07,1.07
2015.04.13 01:02:44.424,0.95507,0.95517,1.07,1.00
2015.04.13 01:03:00.800,0.95507,0.95522,1.65,1.00
2015.04.13 01:03:01.318,0.95508,0.95523,1.57,1.10
2015.04.13 01:03:22.821,0.95509,0.95523,1.00,1.57
2015.04.13 01:03:23.416,0.95509,0.95522,1.00,1.00
2015.04.13 01:03:24.782,0.95509,0.95518,1.00,1.00
2015.04.13 01:03:24.833,0.95505,0.95518,1.00,1.65
2015.04.13 01:03:24.934,0.95501,0.95515,1.65,1.00
2015.04.13 01:03:25.036,0.95501,0.95513,1.27,1.00
2015.04.13 01:03:25.188,0.95501,0.95515,1.17,1.50
2015.04.13 01:03:37.928,0.95508,0.95518,1.00,2.25
2015.04.13 01:03:38.450,0.95509,0.95518,1.00,1.00
2015.04.13 01:03:40.111,0.95507,0.95518,1.50,1.00
2015.04.13 01:04:03.973,0.95508,0.95518,1.00,1.00
2015.04.13 01:04:15.093,0.95507,0.95518,1.00,1.00
2015.04.13 01:04:15.149,0.95507,0.95522,1.00,1.57
2015.04.13 01:04:18.503,0.95507,0.95522,1.17,1.50
2015.04.13 01:04:30.557,0.95507,0.95518,1.17,1.00
2015.04.13 01:04:31.373,0.95509,0.95523,1.10,1.10
2015.04.13 01:04:31.575,0.95509,0.95518,1.10,1.00
2015.04.13 01:04:32.096,0.95509,0.95523,1.10,1.10
2015.04.13 01:04:34.330,0.95509,0.95518,1.10,1.00
2015.04.13 01:04:34.884,0.95509,0.95522,1.10,1.00
2015.04.13 01:04:37.387,0.95509,0.95518,1.10,1.00
2015.04.13 01:04:42.608,0.95505,0.95518,1.65,1.00
2015.04.13 01:04:44.109,0.95507,0.95521,1.10,1.17
2015.04.13 01:04:45.862,0.95507,0.95518,1.57,1.00
2015.04.13 01:04:49.622,0.95508,0.95518,1.00,1.00
2015.04.13 01:04:50.796,0.95508,0.95517,1.00,1.00
2015.04.13 01:04:52.714,0.95506,0.95517,1.57,1.00
2015.04.13 01:04:53.245,0.95506,0.95518,1.57,1.00
2015.04.13 01:04:56.499,0.95504,0.95518,1.00,1.10
2015.04.13 01:04:56.600,0.95502,0.95518,1.10,1.57
2015.04.13 01:04:56.651,0.95502,0.95517,1.10,1.45
2015.04.13 01:04:56.955,0.95499,0.95514,1.65,1.07
2015.04.13 01:05:08.970,0.95498,0.95511,1.10,1.20
2015.04.13 01:05:09.324,0.95497,0.95508,1.00,1.00
2015.04.13 01:05:10.977,0.95494,0.95508,1.17,1.50
2015.04.13 01:05:11.512,0.95494,0.95509,1.17,1.50
2015.04.13 01:05:12.036,0.95494,0.9551,1.65,1.01
2015.04.13 01:05:13.341,0.95496,0.95511,1.00,1.17
2015.04.13 01:05:20.527,0.95496,0.95509,1.00,1.00
2015.04.13 01:05:21.069,0.95493,0.95509,1.65,2.25
2015.04.13 01:05:22.148,0.95493,0.95509,1.50,2.40
2015.04.13 01:05:23.978,0.95493,0.95506,1.00,1.00
2015.04.13 01:05:26.782,0.95492,0.95506,1.00,1.00
2015.04.13 01:05:27.604,0.95495,0.95508,1.00,2.21
2015.04.13 01:05:28.110,0.95495,0.95508,1.20,1.00
2015.04.13 01:05:28.557,0.95493,0.95507,1.00,2.77
2015.04.13 01:05:43.694,0.95493,0.95507,1.00,3.71
2015.04.13 01:05:44.696,0.95493,0.95507,1.00,3.71
2015.04.13 01:05:48.698,0.9549,0.95504,1.15,1.00
2015.04.13 01:05:49.052,0.95492,0.95507,1.10,1.01
2015.04.13 01:05:49.928,0.9549,0.95506,2.77,1.00
2015.04.13 01:05:54.189,0.9549,0.95503,1.15,1.00
2015.04.13 01:05:55.621,0.95492,0.95506,1.10,1.00
2015.04.13 01:05:55.873,0.95493,0.95509,2.02,1.76
2015.04.13 01:05:56.386,0.95495,0.95508,1.17,1.00
2015.04.13 01:05:56.841,0.95493,0.95508,1.00,1.57
2015.04.13 01:05:57.980,0.95492,0.95507,1.10,1.00
2015.04.13 01:06:01.828,0.95489,0.95505,1.65,1.00
2015.04.13 01:06:01.979,0.95489,0.95505,1.00,2.40
2015.04.13 01:06:02.485,0.95488,0.95502,1.20,1.00
2015.04.13 01:06:02.901,0.95487,0.955,1.15,1.00
2015.04.13 01:06:03.157,0.95483,0.95497,1.65,1.12
2015.04.13 01:06:03.259,0.9548,0.95494,2.40,1.00
2015.04.13 01:06:03.309,0.95478,0.95494,1.65,1.00
2015.04.13 01:06:03.991,0.95477,0.95491,1.27,1.00
2015.04.13 01:06:04.093,0.95477,0.95491,1.00,1.10
2015.04.13 01:06:04.429,0.95472,0.95489,3.97,1.50
2015.04.13 01:06:04.480,0.95472,0.95489,1.50,1.65
2015.04.13 01:06:05.246,0.9547,0.95488,1.17,2.85
2015.04.13 01:06:06.391,0.95474,0.95488,1.00,1.17
2015.04.13 01:06:09.269,0.95474,0.9549,1.07,1.46
2015.04.13 01:06:09.763,0.95474,0.9549,1.17,1.09
2015.04.13 01:06:10.602,0.95474,0.9549,1.17,1.39
2015.04.13 01:06:15.005,0.95473,0.9549,1.15,1.20
2015.04.13 01:06:17.951,0.95473,0.95489,1.15,1.00
2015.04.13 01:06:18.102,0.95473,0.95489,1.00,1.15
2015.04.13 01:06:19.907,0.95473,0.95489,1.50,1.00
2015.04.13 01:06:20.453,0.95472,0.95489,3.37,1.00
2015.04.13 01:06:20.962,0.95473,0.9549,1.00,1.87
2015.04.13 01:06:21.510,0.95472,0.9549,2.62,1.87
2015.04.13 01:06:22.975,0.95477,0.9549,1.00,1.87
2015.04.13 01:06:37.254,0.95477,0.9549,1.00,2.06
2015.04.13 01:06:37.948,0.95473,0.9549,1.00,2.44
2015.04.13 01:06:38.416,0.95475,0.9549,1.00,1.12
2015.04.13 01:06:39.116,0.95474,0.9549,1.87,1.00
2015.04.13 01:06:42.511,0.95475,0.9549,1.00,1.00
2015.04.13 01:06:42.814,0.95479,0.95496,1.10,1.34
2015.04.13 01:06:43.117,0.95487,0.95504,1.50,2.02
2015.04.13 01:06:43.696,0.95489,0.95505,1.00,2.47
2015.04.13 01:06:43.746,0.95489,0.95507,1.15,2.02
2015.04.13 01:06:44.002,0.95493,0.95507,1.00,1.27
2015.04.13 01:06:44.254,0.95495,0.95513,1.15,2.06
2015.04.13 01:06:45.670,0.95497,0.95513,1.17,1.25
2015.04.13 01:06:46.790,0.95496,0.95512,1.15,1.50
2015.04.13 01:06:46.993,0.95496,0.95512,1.17,1.65
2015.04.13 01:06:50.956,0.95494,0.9551,1.17,1.57
2015.04.13 01:06:51.461,0.95492,0.95508,3.22,1.00
2015.04.13 01:06:52.068,0.95492,0.95509,3.97,1.10
2015.04.13 01:06:52.897,0.95498,0.95511,1.00,1.17
2015.04.13 01:06:57.669,0.95498,0.95508,1.00,1.00
2015.04.13 01:06:57.771,0.95492,0.95508,3.22,1.00
2015.04.13 01:06:58.881,0.95494,0.9551,1.27,1.57
2015.04.13 01:07:00.648,0.95493,0.95507,1.15,1.00
2015.04.13 01:07:00.750,0.95493,0.95509,1.52,1.10
2015.04.13 01:07:01.306,0.95492,0.95507,3.22,1.00
2015.04.13 01:07:01.508,0.95492,0.95509,3.22,1.57
2015.04.13 01:07:03.146,0.95498,0.95511,1.00,1.17
2015.04.13 01:07:04.556,0.95493,0.95511,3.90,1.65
2015.04.13 01:07:06.830,0.95493,0.9551,1.95,1.00
2015.04.13 01:07:07.464,0.95493,0.9551,1.87,1.00
2015.04.13 01:07:08.238,0.95493,0.95509,1.12,1.00
2015.04.13 01:07:12.904,0.95493,0.95509,1.37,1.69
2015.04.13 01:07:13.005,0.95495,0.95512,1.12,1.50
2015.04.13 01:07:13.208,0.95498,0.95512,1.00,1.00
2015.04.13 01:07:13.512,0.95498,0.95514,1.50,1.25
2015.04.13 01:07:13.908,0.95501,0.95514,1.00,1.00
2015.04.13 01:07:14.456,0.955,0.95515,1.00,1.69
2015.04.13 01:07:15.580,0.955,0.95512,1.50,1.00
2015.04.13 01:07:15.732,0.95497,0.95512,1.12,1.00
2015.04.13 01:07:16.263,0.95497,0.95513,1.12,1.50
2015.04.13 01:07:21.273,0.95495,0.95513,1.87,2.25
2015.04.13 01:07:21.374,0.95493,0.95511,2.25,1.12
2015.04.13 01:07:21.879,0.95493,0.9551,1.50,1.12
2015.04.13 01:07:23.619,0.95494,0.9551,1.00,1.25
2015.04.13 01:07:24.077,0.95497,0.95512,1.00,1.19
2015.04.13 01:07:24.128,0.95497,0.95512,1.00,1.00
2015.04.13 01:07:24.179,0.95499,0.95514,1.00,1.31
2015.04.13 01:07:25.254,0.95498,0.95512,1.00,1.69
2015.04.13 01:07:25.304,0.95494,0.95512,1.50,1.76
2015.04.13 01:07:25.893,0.95495,0.95512,1.50,1.00
2015.04.13 01:07:31.628,0.95495,0.95512,1.50,1.87
2015.04.13 01:07:31.679,0.95493,0.95509,1.57,1.00
2015.04.13 01:07:31.882,0.95491,0.95507,2.25,1.50
2015.04.13 01:07:36.285,0.95492,0.95508,1.00,1.00
2015.04.13 01:07:36.588,0.95496,0.95511,1.10,1.87
2015.04.13 01:07:37.961,0.95497,0.95513,1.87,1.50
2015.04.13 01:07:39.757,0.95497,0.95513,2.32,1.50
2015.04.13 01:07:45.738,0.95497,0.95512,1.57,1.00
2015.04.13 01:07:46.456,0.95497,0.95513,1.57,1.50
2015.04.13 01:07:51.073,0.95497,0.95512,1.10,1.00
2015.04.13 01:07:51.124,0.95496,0.9551,1.12,1.50
2015.04.13 01:07:51.327,0.95494,0.9551,1.10,1.00
2015.04.13 01:07:51.479,0.95493,0.95507,1.50,1.00
2015.04.13 01:07:51.681,0.95493,0.95509,1.00,1.00
2015.04.13 01:07:55.741,0.95491,0.95508,2.62,1.00
2015.04.13 01:08:00.830,0.95493,0.95508,1.00,1.00
2015.04.13 01:08:02.735,0.95492,0.95508,1.10,1.00
2015.04.13 01:08:04.199,0.9549,0.95503,1.00,1.00
2015.04.13 01:08:05.328,0.95492,0.95508,1.00,2.06
2015.04.13 01:08:07.107,0.95489,0.95506,1.10,1.12
2015.04.13 01:08:07.612,0.95489,0.95505,1.00,1.50
2015.04.13 01:08:08.739,0.95488,0.95505,1.10,1.50
2015.04.13 01:08:09.056,0.95493,0.95509,1.00,2.81
2015.04.13 01:08:09.107,0.95493,0.95509,1.00,2.62
2015.04.13 01:08:09.644,0.9549,0.95506,1.12,1.00
2015.04.13 01:08:09.947,0.95489,0.95505,1.50,1.00
2015.04.13 01:08:10.452,0.95489,0.95504,1.00,1.00
2015.04.13 01:08:10.996,0.95489,0.95505,1.00,1.00
2015.04.13 01:08:11.635,0.95489,0.95504,1.00,1.00
2015.04.13 01:08:13.413,0.95488,0.95504,1.00,1.12
2015.04.13 01:08:14.358,0.95488,0.95505,1.12,1.12
2015.04.13 01:08:14.863,0.95488,0.95504,1.00,1.00
2015.04.13 01:08:23.227,0.9549,0.95504,1.12,1.00
2015.04.13 01:08:23.479,0.95492,0.95508,1.87,1.12
2015.04.13 01:08:23.530,0.95494,0.95508,1.00,1.12
2015.04.13 01:08:23.884,0.95495,0.95509,1.00,1.00
2015.04.13 01:08:24.035,0.95497,0.95511,1.00,1.12
2015.04.13 01:08:24.560,0.95497,0.95511,1.00,1.10
2015.04.13 01:08:34.043,0.95496,0.9551,1.50,1.00
2015.04.13 01:08:34.681,0.95494,0.9551,1.00,1.50
2015.04.13 01:08:37.316,0.95494,0.95506,1.00,1.00
2015.04.13 01:08:37.468,0.95492,0.95507,1.00,1.50
2015.04.13 01:08:39.395,0.95494,0.9551,1.12,1.50
2015.04.13 01:08:39.915,0.95495,0.9551,1.00,1.00
2015.04.13 01:08:45.396,0.95494,0.9551,1.87,1.50
2015.04.13 01:08:47.549,0.95494,0.95509,1.50,1.00
2015.04.13 01:08:53.375,0.95497,0.9551,1.00,1.00
2015.04.13 01:08:53.779,0.95496,0.95509,1.00,1.37
2015.04.13 01:08:53.830,0.95493,0.95508,1.00,1.37
2015.04.13 01:08:53.931,0.95492,0.95505,1.57,1.00
2015.04.13 01:08:54.234,0.9549,0.95505,1.00,1.87
2015.04.13 01:08:54.739,0.9549,0.95505,1.00,1.37
2015.04.13 01:08:54.892,0.95491,0.95507,1.50,1.20
2015.04.13 01:08:55.448,0.95491,0.95507,1.50,1.37
2015.04.13 01:08:55.650,0.95491,0.95507,1.50,1.87
2015.04.13 01:08:55.701,0.95489,0.95505,1.50,1.37
2015.04.13 01:08:57.369,0.95489,0.95505,1.50,1.12
2015.04.13 01:08:58.895,0.95492,0.95505,1.00,1.12
2015.04.13 01:08:59.396,0.95492,0.95505,1.00,1.87
2015.04.13 01:09:00.456,0.95489,0.95504,1.50,1.12
2015.04.13 01:09:01.593,0.95489,0.95505,1.50,1.95
2015.04.13 01:09:07.483,0.95489,0.95505,1.00,2.70
2015.04.13 01:09:17.533,0.9549,0.95505,1.00,1.00
2015.04.13 01:09:17.634,0.95492,0.95506,1.00,1.00
2015.04.13 01:09:17.735,0.9549,0.95506,2.62,1.00
2015.04.13 01:09:25.825,0.95491,0.95506,1.00,1.00
2015.04.13 01:09:26.231,0.95495,0.95506,1.00,1.00
2015.04.13 01:09:26.535,0.95497,0.95508,1.00,1.00
2015.04.13 01:09:26.637,0.95495,0.95508,1.00,1.00
2015.04.13 01:09:26.738,0.95493,0.95508,1.00,1.50
2015.04.13 01:09:27.193,0.95489,0.95503,1.17,1.00
2015.04.13 01:09:27.698,0.95489,0.95503,1.00,1.50
2015.04.13 01:09:33.551,0.9549,0.95503,1.87,1.50
2015.04.13 01:09:34.056,0.95491,0.95504,1.12,1.00
2015.04.13 01:09:34.462,0.95492,0.95507,1.00,1.00
2015.04.13 01:09:37.743,0.95491,0.95507,1.12,1.00
2015.04.13 01:09:39.488,0.95492,0.95507,1.00,1.00
2015.04.13 01:09:40.134,0.95493,0.95507,1.00,1.00
2015.04.13 01:09:40.639,0.95494,0.95507,1.10,1.00
2015.04.13 01:09:41.222,0.95492,0.95506,1.15,1.12
2015.04.13 01:09:47.229,0.95492,0.95504,1.15,1.00
2015.04.13 01:09:47.380,0.95491,0.95504,1.00,1.10
2015.04.13 01:09:47.885,0.95489,0.95503,1.07,2.25
2015.04.13 01:09:49.588,0.95487,0.95501,1.15,1.00
2015.04.13 01:09:54.055,0.95487,0.95501,1.07,1.10
2015.04.13 01:09:54.576,0.95487,0.95501,1.00,1.10
2015.04.13 01:09:59.590,0.95488,0.95501,1.07,1.00
2015.04.13 01:09:59.640,0.95489,0.95503,1.07,1.10
2015.04.13 01:09:59.793,0.95492,0.95506,1.20,1.07
2015.04.13 01:09:59.844,0.95493,0.95507,1.10,1.10
2015.04.13 01:10:00.096,0.95493,0.95507,2.32,1.10
2015.04.13 01:10:00.399,0.95494,0.95506,1.75,1.00
2015.04.13 01:10:00.703,0.95491,0.95504,1.75,1.10
2015.04.13 01:10:01.209,0.95493,0.95507,1.75,1.10
2015.04.13 01:10:02.818,0.95493,0.95503,1.75,1.00
2015.04.13 01:10:03.330,0.95491,0.95503,2.40,1.00
2015.04.13 01:10:03.842,0.95491,0.95502,2.40,1.00
2015.04.13 01:10:04.931,0.95491,0.95503,2.40,1.00
2015.04.13 01:10:05.345,0.95491,0.95507,2.40,1.95
2015.04.13 01:10:05.601,0.95491,0.95507,2.40,1.10
2015.04.13 01:10:06.108,0.95491,0.95507,2.40,1.47
2015.04.13 01:10:08.312,0.95491,0.95505,2.40,1.00
2015.04.13 01:10:08.879,0.95491,0.95506,2.40,1.12
2015.04.13 01:10:12.406,0.95491,0.95503,2.40,1.00
2015.04.13 01:10:13.662,0.95491,0.95503,1.92,1.00
2015.04.13 01:10:14.364,0.95491,0.95506,1.92,1.12
2015.04.13 01:10:14.718,0.95491,0.95505,1.92,1.37
2015.04.13 01:10:15.225,0.9549,0.95503,1.75,1.95
2015.04.13 01:10:16.491,0.9549,0.95502,1.12,1.00
2015.04.13 01:10:17.020,0.9549,0.95504,1.00,1.65
2015.04.13 01:10:17.536,0.95491,0.95506,1.30,1.37
2015.04.13 01:10:37.772,0.9549,0.95503,1.10,1.00
2015.04.13 01:10:51.262,0.9549,0.95503,1.57,1.00
2015.04.13 01:11:02.474,0.9549,0.95503,1.65,1.00
2015.04.13 01:11:04.871,0.9549,0.95506,1.65,2.77
2015.04.13 01:11:06.533,0.9549,0.95503,1.65,1.00
2015.04.13 01:11:07.059,0.95491,0.95503,1.00,1.00
2015.04.13 01:11:07.161,0.95491,0.95505,1.50,1.20
2015.04.13 01:11:07.212,0.95491,0.95505,2.25,1.20
2015.04.13 01:11:07.516,0.95491,0.95503,2.25,1.00
2015.04.13 01:11:08.557,0.95491,0.95503,1.10,1.00
2015.04.13 01:11:11.772,0.95489,0.95503,1.27,1.50
2015.04.13 01:11:19.124,0.95489,0.95503,1.10,1.95
2015.04.13 01:11:19.175,0.95487,0.95503,1.20,1.95
2015.04.13 01:11:19.377,0.95491,0.95503,1.00,1.10
2015.04.13 01:11:19.479,0.95492,0.95507,1.37,1.15
2015.04.13 01:11:19.630,0.95494,0.95509,1.57,1.20
2015.04.13 01:11:19.681,0.95494,0.95509,1.65,1.12
2015.04.13 01:11:20.186,0.95495,0.9551,1.10,1.20
2015.04.13 01:11:20.494,0.95498,0.95512,1.00,1.15
2015.04.13 01:11:20.595,0.95498,0.95512,1.17,1.00
2015.04.13 01:11:21.908,0.955,0.95513,1.00,1.00
2015.04.13 01:11:25.317,0.955,0.95514,1.00,1.10
2015.04.13 01:11:26.215,0.95502,0.95516,1.00,1.27
2015.04.13 01:11:26.741,0.955,0.95514,1.00,1.10
2015.04.13 01:11:27.249,0.95501,0.95516,1.00,1.15
2015.04.13 01:11:27.856,0.955,0.95516,1.50,2.02
2015.04.13 01:11:28.361,0.95498,0.95514,1.17,1.57
2015.04.13 01:11:38.203,0.95498,0.95513,1.17,1.00
2015.04.13 01:11:38.609,0.95501,0.95517,1.00,2.02
2015.04.13 01:11:41.468,0.95501,0.95517,1.17,1.95
2015.04.13 01:11:42.020,0.95499,0.95516,1.15,1.87
2015.04.13 01:11:42.172,0.95498,0.95512,3.22,1.00
2015.04.13 01:11:42.374,0.95497,0.9551,1.20,1.00
2015.04.13 01:11:42.576,0.95493,0.95507,1.92,1.00
2015.04.13 01:11:43.241,0.95493,0.95507,1.20,1.50
2015.04.13 01:11:43.862,0.95493,0.95507,1.10,1.00
2015.04.13 01:11:44.619,0.95494,0.95507,1.00,1.00
2015.04.13 01:11:44.772,0.95495,0.95511,1.95,1.17
2015.04.13 01:11:44.823,0.95495,0.95511,1.27,1.00
2015.04.13 01:11:44.874,0.95498,0.95512,1.00,1.10
2015.04.13 01:11:45.178,0.95498,0.95514,1.95,1.07
2015.04.13 01:11:45.229,0.955,0.95516,1.10,1.65
2015.04.13 01:11:46.789,0.95499,0.95514,1.27,1.00
2015.04.13 01:11:47.981,0.95496,0.95512,1.10,1.57
2015.04.13 01:11:50.603,0.95494,0.95512,1.65,1.95
2015.04.13 01:11:51.422,0.95494,0.95512,1.65,1.57
2015.04.13 01:11:54.787,0.95495,0.95511,1.65,1.00
2015.04.13 01:12:04.747,0.95495,0.9551,1.17,1.12
2015.04.13 01:12:04.900,0.95492,0.95508,2.02,1.10
2015.04.13 01:12:05.748,0.95492,0.95507,1.17,1.00
2015.04.13 01:12:07.670,0.95491,0.95503,1.15,1.00
2015.04.13 01:12:07.772,0.95491,0.95503,1.00,1.00
2015.04.13 01:12:08.298,0.9549,0.95503,1.00,1.00
2015.04.13 01:12:08.450,0.9549,0.95505,1.00,1.10
2015.04.13 01:12:08.521,0.95488,0.95502,1.65,1.00
2015.04.13 01:12:15.269,0.9549,0.95506,1.00,1.27
2015.04.13 01:12:15.822,0.9549,0.95506,1.00,2.02
2015.04.13 01:12:16.478,0.9549,0.95506,1.00,1.27
2015.04.13 01:12:18.568,0.9549,0.95503,1.00,1.00
2015.04.13 01:12:19.971,0.9549,0.95502,1.00,1.00
2015.04.13 01:12:21.769,0.9549,0.95503,1.00,1.00
2015.04.13 01:12:24.549,0.95491,0.95503,1.00,1.00
2015.04.13 01:12:28.594,0.95491,0.95506,1.10,1.27
2015.04.13 01:12:28.746,0.95491,0.95506,1.00,1.00
2015.04.13 01:12:29.262,0.95492,0.95506,1.00,1.00
2015.04.13 01:12:32.330,0.95495,0.95507,1.00,1.50
2015.04.13 01:12:32.431,0.95497,0.95511,1.00,1.00
2015.04.13 01:12:32.635,0.95498,0.95514,1.00,1.50
2015.04.13 01:12:33.171,0.95498,0.95512,1.57,1.00
2015.04.13 01:12:33.712,0.95499,0.95512,1.00,1.00
2015.04.13 01:12:39.111,0.95497,0.95514,1.87,1.50
2015.04.13 01:12:41.518,0.955,0.95514,1.00,1.00
2015.04.13 01:12:42.037,0.95498,0.95513,1.12,1.00
2015.04.13 01:12:43.875,0.95498,0.95514,1.12,1.00
2015.04.13 01:12:44.426,0.95498,0.95514,1.10,1.00
2015.04.13 01:12:44.927,0.95498,0.95513,1.10,1.00
2015.04.13 01:12:52.965,0.95497,0.95513,1.57,1.50
2015.04.13 01:12:54.701,0.95497,0.95512,1.10,1.00
2015.04.13 01:13:04.029,0.95497,0.95513,1.00,2.62
2015.04.13 01:13:04.535,0.95497,0.95512,1.00,1.12
2015.04.13 01:13:06.178,0.95497,0.95511,1.00,1.12
2015.04.13 01:13:06.683,0.95496,0.95511,1.00,1.00
2015.04.13 01:13:07.321,0.95497,0.95511,1.00,1.00
2015.04.13 01:13:07.826,0.95496,0.95511,1.00,1.00
2015.04.13 01:13:10.732,0.95499,0.95513,1.00,1.50
2015.04.13 01:13:11.036,0.95497,0.95507,1.00,1.50
2015.04.13 01:13:11.238,0.95491,0.95503,1.00,1.50
2015.04.13 01:13:11.289,0.95489,0.95503,1.00,2.25
2015.04.13 01:13:11.642,0.95489,0.955,1.00,1.00
2015.04.13 01:13:11.694,0.95485,0.955,1.00,1.00
2015.04.13 01:13:13.310,0.95484,0.95499,1.00,1.00
2015.04.13 01:13:36.718,0.95485,0.95499,1.00,1.10
2015.04.13 01:13:37.173,0.95485,0.95499,1.00,1.37
2015.04.13 01:13:41.093,0.95483,0.95499,2.25,1.37
2015.04.13 01:13:44.169,0.9549,0.95502,1.00,1.75
2015.04.13 01:13:44.220,0.9549,0.95502,1.00,1.12
2015.04.13 01:13:44.321,0.9549,0.95508,1.87,1.75
2015.04.13 01:13:44.473,0.95492,0.95508,1.00,2.25
2015.04.13 01:13:44.931,0.9549,0.95506,1.50,1.95
2015.04.13 01:13:44.982,0.9549,0.95506,1.00,3.00
2015.04.13 01:13:45.290,0.95489,0.95506,1.50,2.25
2015.04.13 01:13:45.392,0.95486,0.95504,1.50,1.37
2015.04.13 01:13:45.907,0.95486,0.95504,2.25,2.25
2015.04.13 01:13:57.498,0.95486,0.95504,1.50,1.76
2015.04.13 01:13:57.599,0.95486,0.95502,2.25,1.00
2015.04.13 01:13:57.903,0.95488,0.95502,1.00,1.00
2015.04.13 01:13:58.206,0.95491,0.95502,1.50,1.00
2015.04.13 01:13:58.257,0.95492,0.95504,1.00,1.10
2015.04.13 01:13:58.358,0.95492,0.95506,1.50,1.10
2015.04.13 01:14:00.621,0.95493,0.95506,1.00,1.00
2015.04.13 01:14:01.169,0.95492,0.95506,1.12,1.00
2015.04.13 01:14:02.598,0.95493,0.95506,1.00,1.00
2015.04.13 01:14:03.100,0.95492,0.95506,1.12,1.00
2015.04.13 01:14:08.333,0.95493,0.95506,1.00,1.00
2015.04.13 01:14:09.475,0.95488,0.95502,1.00,1.00
2015.04.13 01:14:09.985,0.95487,0.95503,1.50,1.00
2015.04.13 01:14:11.657,0.95488,0.95503,1.00,1.00
2015.04.13 01:14:13.438,0.9549,0.95504,1.00,3.00
2015.04.13 01:14:14.014,0.9549,0.95504,1.00,2.62
2015.04.13 01:14:18.211,0.9549,0.95504,1.00,2.25
2015.04.13 01:14:18.413,0.9549,0.95504,1.00,1.95
2015.04.13 01:14:20.568,0.9549,0.95504,1.00,1.95
2015.04.13 01:14:21.210,0.95488,0.95502,1.00,1.00
2015.04.13 01:14:26.080,0.95486,0.95501,1.00,1.00
2015.04.13 01:14:34.075,0.95487,0.95502,1.00,1.10
2015.04.13 01:14:35.213,0.95491,0.95504,1.00,1.20
2015.04.13 01:14:35.518,0.95491,0.95504,1.00,1.27
2015.04.13 01:14:36.296,0.95489,0.95505,1.00,1.15
2015.04.13 01:14:37.619,0.95491,0.95503,1.00,1.07
2015.04.13 01:14:37.723,0.95489,0.95503,1.00,1.07
2015.04.13 01:14:41.137,0.95493,0.95503,1.00,1.07
2015.04.13 01:14:41.238,0.95493,0.95509,1.10,2.77
2015.04.13 01:14:41.757,0.95493,0.95509,1.10,2.10
2015.04.13 01:14:48.374,0.95493,0.95505,1.10,2.85
2015.04.13 01:14:48.426,0.95489,0.95503,1.00,1.27
2015.04.13 01:15:01.870,0.95489,0.955,1.00,1.47
2015.04.13 01:15:01.921,0.95486,0.955,1.00,1.47
2015.04.13 01:15:02.438,0.95486,0.955,1.00,1.20
2015.04.13 01:15:02.996,0.95486,0.955,1.00,1.47
2015.04.13 01:15:03.502,0.95486,0.955,1.00,1.47
2015.04.13 01:15:04.006,0.95486,0.955,1.00,1.20
2015.04.13 01:15:04.344,0.95486,0.955,1.00,3.60
2015.04.13 01:15:07.248,0.95487,0.955,1.00,3.60
2015.04.13 01:15:07.657,0.95492,0.95505,1.00,3.04
2015.04.13 01:15:07.759,0.9549,0.95506,1.00,2.02
2015.04.13 01:15:07.860,0.95492,0.95506,1.00,1.27
2015.04.13 01:15:08.419,0.95489,0.95504,1.10,1.00
2015.04.13 01:15:08.470,0.95489,0.95504,1.00,3.22
2015.04.13 01:15:21.220,0.95489,0.95499,1.00,1.12
2015.04.13 01:15:21.271,0.95486,0.95499,1.00,1.27
2015.04.13 01:15:21.372,0.95483,0.95498,1.00,1.15
2015.04.13 01:15:21.423,0.95483,0.95496,1.00,1.37
2015.04.13 01:15:21.726,0.95478,0.95493,2.25,2.47
2015.04.13 01:15:21.777,0.95478,0.95494,1.50,1.72
2015.04.13 01:15:22.282,0.95479,0.95495,1.00,1.65
2015.04.13 01:15:25.961,0.95479,0.95495,1.57,1.57
2015.04.13 01:15:26.012,0.95481,0.95496,1.10,1.00
2015.04.13 01:15:28.713,0.95483,0.95497,1.00,1.01
2015.04.13 01:15:29.970,0.95486,0.95499,1.00,1.27
2015.04.13 01:15:37.825,0.95486,0.955,1.00,2.14
2015.04.13 01:15:39.107,0.95488,0.95501,1.00,1.09
2015.04.13 01:15:39.880,0.9549,0.95502,1.00,1.07
2015.04.13 01:15:39.931,0.9549,0.95505,1.00,1.46
2015.04.13 01:15:40.940,0.95491,0.95507,1.00,3.04
2015.04.13 01:15:41.200,0.95493,0.95507,1.00,2.29
2015.04.13 01:15:42.136,0.95493,0.95509,1.50,1.71
2015.04.13 01:15:42.288,0.95493,0.95509,1.57,1.07
2015.04.13 01:15:42.339,0.95494,0.95509,1.15,1.00
2015.04.13 01:15:42.541,0.95496,0.95511,1.10,1.25
2015.04.13 01:15:47.395,0.95496,0.95511,1.57,1.45
2015.04.13 01:15:47.597,0.95494,0.95508,1.00,2.70
2015.04.13 01:15:47.799,0.95494,0.95508,1.00,2.77
2015.04.13 01:15:51.106,0.95494,0.95508,1.20,1.10
2015.04.13 01:15:51.156,0.95497,0.95508,1.00,1.00
2015.04.13 01:15:51.207,0.95497,0.9551,1.00,1.10
2015.04.13 01:15:51.511,0.95498,0.95513,1.45,1.07
2015.04.13 01:15:51.562,0.955,0.95516,2.70,1.27
2015.04.13 01:15:51.663,0.95504,0.9552,1.50,1.74
2015.04.13 01:15:51.815,0.95505,0.9552,1.07,1.07
2015.04.13 01:15:52.321,0.95505,0.9552,1.15,1.00
2015.04.13 01:15:55.641,0.95506,0.9552,3.97,1.00
2015.04.13 01:15:57.058,0.95507,0.95523,1.15,1.00
2015.04.13 01:16:00.441,0.95508,0.95523,1.15,1.37
2015.04.13 01:16:00.542,0.95508,0.95522,1.00,1.15
2015.04.13 01:16:00.593,0.95506,0.95522,1.00,1.15
2015.04.13 01:16:00.746,0.95505,0.95518,1.50,1.12
2015.04.13 01:16:01.253,0.955,0.95517,3.22,1.00
2015.04.13 01:16:06.964,0.955,0.95517,1.20,1.09
2015.04.13 01:16:11.297,0.95502,0.95518,1.37,1.27
2015.04.13 01:16:11.398,0.95504,0.95522,1.95,4.72
2015.04.13 01:16:11.500,0.95504,0.95522,2.70,3.67
2015.04.13 01:16:12.256,0.95507,0.95523,1.27,1.37
2015.04.13 01:16:12.509,0.95506,0.95523,2.02,1.12
2015.04.13 01:16:12.712,0.95506,0.95524,2.77,2.14
2015.04.13 01:16:14.617,0.95506,0.9552,1.65,1.37
2015.04.13 01:16:14.668,0.95503,0.95515,2.02,1.00
2015.04.13 01:16:14.719,0.95503,0.95515,1.65,1.37
2015.04.13 01:16:14.770,0.95499,0.95512,1.20,1.00
2015.04.13 01:16:14.923,0.95499,0.95514,1.20,1.10
2015.04.13 01:16:16.009,0.95496,0.95514,3.22,2.51
2015.04.13 01:16:18.995,0.95496,0.95514,3.22,2.89
2015.04.13 01:16:20.674,0.95495,0.95512,1.65,1.84
2015.04.13 01:16:21.028,0.95494,0.95509,1.65,1.00
2015.04.13 01:16:21.129,0.95494,0.95511,1.65,1.84
2015.04.13 01:16:26.408,0.95497,0.95513,1.00,1.25
2015.04.13 01:16:30.274,0.955,0.95513,1.00,1.40
2015.04.13 01:16:30.375,0.95499,0.95514,1.17,1.00
2015.04.13 01:16:30.880,0.95499,0.95515,2.40,1.01
2015.04.13 01:16:33.647,0.955,0.95518,1.95,1.84
2015.04.13 01:16:33.698,0.95504,0.95519,1.17,1.29
2015.04.13 01:16:33.749,0.95504,0.95519,1.17,1.29
2015.04.13 01:16:33.850,0.95506,0.95522,1.00,1.46
2015.04.13 01:16:34.456,0.95504,0.95521,1.65,1.84
2015.04.13 01:16:35.328,0.95504,0.9552,1.65,1.29
2015.04.13 01:16:38.362,0.95504,0.9552,1.65,1.10
2015.04.13 01:16:43.546,0.95504,0.95521,1.27,2.96
2015.04.13 01:16:46.302,0.95509,0.95525,1.10,1.55
2015.04.13 01:16:46.760,0.95507,0.95523,1.15,1.37
2015.04.13 01:16:47.266,0.95507,0.95523,1.15,1.37
2015.04.13 01:16:47.725,0.95507,0.95522,1.00,1.46
2015.04.13 01:16:48.266,0.95506,0.95522,1.00,2.21
2015.04.13 01:16:48.813,0.95506,0.95521,1.00,1.57
2015.04.13 01:16:49.136,0.95506,0.95521,1.00,1.09
2015.04.13 01:16:49.288,0.95508,0.95522,1.00,1.40
2015.04.13 01:16:49.591,0.95507,0.95522,1.00,1.46
2015.04.13 01:16:50.114,0.95505,0.95522,2.02,1.46
2015.04.13 01:16:50.625,0.95505,0.95522,1.20,1.46
2015.04.13 01:16:51.783,0.95505,0.95521,1.10,1.39
2015.04.13 01:16:52.287,0.95504,0.95521,1.17,2.14
2015.04.13 01:16:52.840,0.95504,0.95518,1.17,1.37
2015.04.13 01:16:54.171,0.95504,0.95518,2.10,1.37
2015.04.13 01:16:55.460,0.95504,0.95515,1.00,1.00
2015.04.13 01:16:55.562,0.95499,0.95513,1.25,1.12
2015.04.13 01:16:55.612,0.95499,0.95513,1.25,1.37
2015.04.13 01:16:57.696,0.95501,0.95514,1.10,1.37
2015.04.13 01:17:09.854,0.95499,0.95514,1.00,1.77
2015.04.13 01:17:10.360,0.95498,0.95514,1.10,1.77
2015.04.13 01:17:10.766,0.955,0.95514,1.17,1.12
2015.04.13 01:17:11.801,0.955,0.95514,1.27,1.37
2015.04.13 01:17:12.334,0.955,0.95514,1.65,1.00
2015.04.13 01:17:12.639,0.95508,0.95521,1.12,1.27
2015.04.13 01:17:12.943,0.95512,0.95527,1.00,3.30
2015.04.13 01:17:13.196,0.95512,0.95527,1.17,1.65
2015.04.13 01:17:13.904,0.95511,0.95526,1.15,1.00
2015.04.13 01:17:14.442,0.95511,0.95526,1.15,1.37
2015.04.13 01:17:17.356,0.9551,0.95523,3.15,1.45
2015.04.13 01:17:17.406,0.9551,0.95523,1.00,2.02
2015.04.13 01:17:17.457,0.95506,0.95522,1.84,2.02
2015.04.13 01:17:17.558,0.95508,0.95523,1.50,1.65
2015.04.13 01:17:17.609,0.95512,0.95523,1.00,1.15
2015.04.13 01:17:17.812,0.95514,0.95528,1.00,1.77
2015.04.13 01:17:18.014,0.95515,0.95528,1.00,1.12
2015.04.13 01:17:18.266,0.95513,0.95531,1.65,1.72
2015.04.13 01:17:18.586,0.95517,0.95531,1.00,1.65
2015.04.13 01:17:19.163,0.95517,0.95531,1.00,2.40
2015.04.13 01:17:20.572,0.95513,0.95526,1.17,1.12
2015.04.13 01:17:23.238,0.95517,0.95526,1.00,1.00
2015.04.13 01:17:23.289,0.95517,0.95529,1.50,1.00
2015.04.13 01:17:23.440,0.95517,0.95531,1.65,1.12
2015.04.13 01:17:25.517,0.95515,0.95531,2.77,1.37
2015.04.13 01:17:26.226,0.95515,0.95531,2.10,1.12
2015.04.13 01:17:29.245,0.95517,0.95531,1.17,1.37
2015.04.13 01:17:30.528,0.95517,0.95531,1.27,1.37
2015.04.13 01:17:31.037,0.95517,0.95531,1.35,1.00
2015.04.13 01:17:33.741,0.95517,0.95531,2.77,1.00
2015.04.13 01:17:34.256,0.95517,0.95531,1.17,1.12
2015.04.13 01:17:50.296,0.95523,0.95531,1.00,1.12
2015.04.13 01:17:57.092,0.95518,0.95531,3.00,1.00
2015.04.13 01:17:58.607,0.95518,0.95531,1.50,1.00
2015.04.13 01:17:58.758,0.95522,0.95531,1.00,1.00
2015.04.13 01:18:00.120,0.95522,0.9553,1.00,1.00
2015.04.13 01:18:00.964,0.95517,0.9553,2.32,1.00
2015.04.13 01:18:03.035,0.95518,0.9553,1.00,1.12
2015.04.13 01:18:04.311,0.95522,0.95532,1.00,1.37
2015.04.13 01:18:04.615,0.95524,0.95532,1.00,1.00
2015.04.13 01:18:05.126,0.95523,0.95532,1.10,1.00
2015.04.13 01:18:12.048,0.95522,0.95532,1.00,1.12
2015.04.13 01:18:12.818,0.95522,0.95535,1.00,1.55
2015.04.13 01:18:36.549,0.95522,0.95535,1.00,1.47
2015.04.13 01:18:40.153,0.95523,0.95535,1.37,1.10
2015.04.13 01:18:40.457,0.95532,0.95542,1.00,1.07
2015.04.13 01:18:40.508,0.95533,0.95547,1.50,1.07
2015.04.13 01:18:40.609,0.95534,0.95547,1.00,1.00
2015.04.13 01:18:41.012,0.95535,0.95549,1.57,1.10
2015.04.13 01:18:42.289,0.95533,0.95549,1.65,1.37
2015.04.13 01:18:44.094,0.95533,0.95548,1.65,1.47
2015.04.13 01:18:44.195,0.95533,0.95548,1.57,1.95
2015.04.13 01:18:47.816,0.95533,0.95547,1.10,1.37
2015.04.13 01:18:48.426,0.95533,0.95547,1.10,1.37
2015.04.13 01:18:49.429,0.95533,0.95547,1.10,1.37
2015.04.13 01:18:49.936,0.95533,0.95547,1.10,1.37
2015.04.13 01:18:50.470,0.95533,0.95547,1.10,1.37
2015.04.13 01:18:50.977,0.95533,0.95547,1.10,1.37
2015.04.13 01:18:55.242,0.95533,0.95547,1.10,1.37
2015.04.13 01:19:09.675,0.95532,0.95547,1.17,1.37
2015.04.13 01:19:11.344,0.95532,0.95547,1.17,1.00
2015.04.13 01:19:11.827,0.95531,0.95545,1.00,1.10
2015.04.13 01:19:14.160,0.95532,0.95547,1.50,1.15
2015.04.13 01:19:14.466,0.95538,0.95552,1.10,1.57
2015.04.13 01:19:14.517,0.95538,0.95552,1.10,1.20
2015.04.13 01:19:14.949,0.95537,0.95548,1.00,1.00
2015.04.13 01:19:15.151,0.95538,0.95552,1.00,1.10
2015.04.13 01:19:15.304,0.95537,0.95551,1.10,1.12
2015.04.13 01:19:15.826,0.95535,0.95551,1.15,1.50
2015.04.13 01:19:16.130,0.95534,0.95548,1.00,1.57
2015.04.13 01:19:16.433,0.95533,0.95546,1.10,1.00
2015.04.13 01:19:18.636,0.95531,0.95545,1.65,1.00
2015.04.13 01:19:21.145,0.95531,0.95545,1.00,1.17
2015.04.13 01:19:22.392,0.9553,0.95543,1.00,1.50
2015.04.13 01:19:22.901,0.95528,0.95543,1.17,1.50
2015.04.13 01:19:22.951,0.95528,0.95541,1.17,1.00
2015.04.13 01:19:24.517,0.95528,0.95543,2.40,1.00
2015.04.13 01:19:46.094,0.95528,0.95542,1.17,1.00
2015.04.13 01:19:46.599,0.95527,0.95543,1.15,1.00
2015.04.13 01:19:47.868,0.95526,0.9554,1.65,1.00
2015.04.13 01:19:50.598,0.95526,0.9554,1.15,1.37
2015.04.13 01:19:50.904,0.95526,0.9554,1.00,1.37
2015.04.13 01:19:58.859,0.95525,0.9554,1.10,1.37
2015.04.13 01:20:00.735,0.95525,0.9554,1.10,1.37
2015.04.13 01:20:01.343,0.95525,0.9554,1.10,1.37
2015.04.13 01:20:02.725,0.95525,0.9554,1.10,1.37
2015.04.13 01:20:04.937,0.95525,0.9554,1.10,1.75
2015.04.13 01:20:05.040,0.95522,0.95538,1.17,2.32
2015.04.13 01:20:05.141,0.95522,0.95536,1.00,1.07
2015.04.13 01:20:05.192,0.95519,0.95535,1.00,1.15
2015.04.13 01:20:05.696,0.95519,0.95532,1.00,1.50
2015.04.13 01:20:06.369,0.95519,0.95532,1.00,1.47
2015.04.13 01:20:07.373,0.95519,0.95533,1.00,1.65
2015.04.13 01:20:07.896,0.95519,0.95534,1.00,2.77
2015.04.13 01:20:09.784,0.95519,0.95535,1.50,2.02
2015.04.13 01:20:10.289,0.95519,0.95535,2.62,2.02
2015.04.13 01:20:11.058,0.95519,0.95535,2.62,2.02
2015.04.13 01:20:13.786,0.95521,0.95537,1.47,1.57
2015.04.13 01:20:14.293,0.95522,0.95537,1.00,1.47
2015.04.13 01:20:14.596,0.95524,0.95539,1.87,1.27
2015.04.13 01:20:14.899,0.95527,0.95541,1.00,1.47
2015.04.13 01:20:15.000,0.95527,0.95541,1.00,1.20
2015.04.13 01:20:15.306,0.95529,0.95541,1.00,1.10
2015.04.13 01:20:16.766,0.95529,0.95544,1.00,1.52
2015.04.13 01:20:18.064,0.95529,0.95544,1.00,1.52
2015.04.13 01:20:19.277,0.95528,0.95544,1.00,2.77
2015.04.13 01:20:20.683,0.95528,0.95544,1.00,2.77
2015.04.13 01:20:20.986,0.95534,0.95541,1.12,1.00
2015.04.13 01:20:21.037,0.95534,0.95549,1.12,3.22
2015.04.13 01:20:21.189,0.95534,0.95544,1.47,1.00
2015.04.13 01:20:21.240,0.95534,0.95547,1.47,1.00
2015.04.13 01:20:21.291,0.95534,0.95547,1.20,1.00
2015.04.13 01:20:21.595,0.95534,0.95545,1.10,1.00
2015.04.13 01:20:22.374,0.95531,0.95545,1.37,1.00
2015.04.13 01:20:22.895,0.95533,0.95547,1.12,1.17
2015.04.13 01:20:27.845,0.95533,0.95547,1.87,1.55
2015.04.13 01:20:28.148,0.95536,0.95547,1.12,1.00
2015.04.13 01:20:28.199,0.95536,0.9555,1.12,1.27
2015.04.13 01:20:28.738,0.95536,0.95548,1.87,1.00
2015.04.13 01:20:29.143,0.95536,0.95548,1.55,1.00
2015.04.13 01:20:29.194,0.95536,0.9555,1.55,1.00
2015.04.13 01:20:29.725,0.95536,0.95548,2.02,1.00
2015.04.13 01:20:30.834,0.95536,0.95548,2.10,1.00
2015.04.13 01:20:31.356,0.95537,0.95547,1.47,1.00
2015.04.13 01:20:31.458,0.95538,0.9555,1.87,1.00
2015.04.13 01:20:32.246,0.95536,0.95545,1.65,1.00
2015.04.13 01:20:32.449,0.95536,0.95545,1.27,1.00
2015.04.13 01:20:32.602,0.95536,0.95547,1.87,1.00
2015.04.13 01:20:33.109,0.95536,0.95547,1.87,1.00
2015.04.13 01:20:49.942,0.95535,0.95545,1.15,1.00
2015.04.13 01:20:50.173,0.95535,0.95547,1.00,1.00
2015.04.13 01:20:50.703,0.95533,0.95547,1.17,1.00
2015.04.13 01:20:55.586,0.95532,0.95545,1.15,1.00
2015.04.13 01:20:57.907,0.9553,0.95545,2.47,1.37
2015.04.13 01:20:58.210,0.95526,0.95537,1.17,1.00
2015.04.13 01:21:14.494,0.95527,0.95539,1.10,1.12
2015.04.13 01:21:15.386,0.95527,0.95541,1.10,1.37
2015.04.13 01:21:15.488,0.95525,0.9554,1.07,1.57
2015.04.13 01:21:15.539,0.95525,0.95539,1.00,2.02
2015.04.13 01:21:16.043,0.95524,0.95536,1.00,1.37
2015.04.13 01:21:20.677,0.95523,0.95538,1.00,2.02
2015.04.13 01:21:21.290,0.95522,0.95536,1.00,1.17
2015.04.13 01:21:22.342,0.95523,0.95535,1.00,1.10
2015.04.13 01:21:23.146,0.95522,0.95535,1.50,1.10
2015.04.13 01:21:23.502,0.9552,0.95535,1.10,1.10
2015.04.13 01:21:23.705,0.95522,0.95535,1.00,1.10
2015.04.13 01:21:24.009,0.95526,0.95535,1.00,1.00
2015.04.13 01:21:24.566,0.95524,0.95535,1.10,1.00
2015.04.13 01:21:25.609,0.95526,0.95538,1.12,1.10
2015.04.13 01:21:25.980,0.95524,0.95538,1.57,1.10
2015.04.13 01:21:26.493,0.95523,0.95537,1.95,1.00
2015.04.13 01:21:32.405,0.95525,0.95537,1.00,1.00
2015.04.13 01:21:32.507,0.95527,0.95537,1.00,1.00
2015.04.13 01:21:33.023,0.95527,0.95539,1.00,1.07
2015.04.13 01:21:36.324,0.95527,0.95539,1.10,1.00
2015.04.13 01:21:39.165,0.95526,0.95539,1.55,1.00
2015.04.13 01:21:39.267,0.95529,0.95542,1.00,1.20
2015.04.13 01:21:39.368,0.9553,0.95539,1.00,1.00
2015.04.13 01:21:39.436,0.9553,0.95544,1.00,1.27
2015.04.13 01:21:40.169,0.95529,0.95544,1.50,1.52
2015.04.13 01:21:40.270,0.95525,0.95543,1.25,2.77
2015.04.13 01:21:40.422,0.95524,0.95539,1.12,1.55
2015.04.13 01:21:41.412,0.95528,0.95537,1.00,1.00
2015.04.13 01:21:41.961,0.95528,0.95539,1.00,1.17
2015.04.13 01:21:43.823,0.95525,0.95539,1.12,1.17
2015.04.13 01:21:44.648,0.95528,0.95539,1.00,1.27
2015.04.13 01:21:44.902,0.95528,0.95543,1.00,1.65
2015.04.13 01:21:45.888,0.95528,0.95543,1.00,1.52
2015.04.13 01:21:46.475,0.95525,0.95541,2.77,1.37
2015.04.13 01:21:47.234,0.95525,0.95541,2.77,1.37
2015.04.13 01:21:50.063,0.95528,0.95541,1.00,1.37
2015.04.13 01:21:50.875,0.95525,0.95541,2.77,1.37
2015.04.13 01:21:51.919,0.95526,0.95541,1.15,1.37
2015.04.13 01:21:54.348,0.95526,0.95541,1.27,1.00
2015.04.13 01:22:00.192,0.95525,0.9554,1.27,1.00
2015.04.13 01:22:00.702,0.95524,0.95539,1.27,1.00
2015.04.13 01:22:02.824,0.95524,0.95539,1.15,1.37
2015.04.13 01:22:02.925,0.95523,0.95539,2.47,2.02
2015.04.13 01:22:14.800,0.95522,0.95538,2.47,1.57
2015.04.13 01:22:15.507,0.95522,0.95538,2.47,1.57
2015.04.13 01:22:23.470,0.95522,0.95538,2.25,1.52
2015.04.13 01:22:42.015,0.95522,0.95536,1.50,1.47
2015.04.13 01:22:42.318,0.95522,0.95536,1.00,1.47
2015.04.13 01:22:44.403,0.9552,0.95536,2.40,1.52
2015.04.13 01:22:44.655,0.9552,0.95536,2.40,1.52
2015.04.13 01:22:44.756,0.95522,0.95536,1.00,1.52
2015.04.13 01:22:44.958,0.9552,0.95536,2.77,1.52
2015.04.13 01:22:45.109,0.95522,0.95536,1.00,1.52
2015.04.13 01:22:50.451,0.9552,0.95536,2.77,1.52
2015.04.13 01:22:50.602,0.95522,0.95536,1.00,1.15
2015.04.13 01:22:50.704,0.9552,0.95536,1.20,1.52
2015.04.13 01:22:51.007,0.9552,0.95535,1.00,1.15
2015.04.13 01:22:58.468,0.9552,0.95535,1.00,2.02
2015.04.13 01:23:04.316,0.9552,0.95534,1.00,1.52
2015.04.13 01:23:04.901,0.9552,0.95535,1.00,2.02
2015.04.13 01:23:10.851,0.95517,0.95533,1.50,2.02
2015.04.13 01:23:11.002,0.9552,0.95534,1.00,1.55
2015.04.13 01:23:18.494,0.9552,0.95534,1.00,1.55
2015.04.13 01:23:18.848,0.95523,0.95534,1.00,1.55
2015.04.13 01:23:19.151,0.95523,0.95534,1.00,1.55
2015.04.13 01:23:19.940,0.95523,0.95532,1.00,1.00
2015.04.13 01:23:20.394,0.9552,0.95532,1.50,1.00
2015.04.13 01:23:20.495,0.9552,0.95535,1.65,1.37
2015.04.13 01:23:21.039,0.95522,0.95535,1.00,1.37
2015.04.13 01:23:21.242,0.95522,0.95535,1.00,2.62
2015.04.13 01:23:21.778,0.95523,0.95534,1.00,1.52
2015.04.13 01:23:28.290,0.95519,0.95534,1.50,1.52
2015.04.13 01:23:28.644,0.95517,0.95531,1.17,1.95
2015.04.13 01:23:28.948,0.95514,0.95529,4.65,1.47
2015.04.13 01:23:28.999,0.95514,0.95527,1.50,1.37
2015.04.13 01:23:29.050,0.95513,0.95527,1.01,1.00
2015.04.13 01:23:29.941,0.95512,0.95527,1.10,1.00
2015.04.13 01:23:31.763,0.95511,0.95527,1.27,1.37
2015.04.13 01:23:32.066,0.95507,0.95519,1.75,1.55
2015.04.13 01:23:32.117,0.95507,0.95518,1.00,1.47
2015.04.13 01:23:32.218,0.95507,0.95515,1.00,1.00
2015.04.13 01:23:32.269,0.95502,0.95515,2.02,1.12
2015.04.13 01:23:32.673,0.95502,0.95519,2.47,1.65
2015.04.13 01:23:33.178,0.95503,0.95517,1.10,1.00
2015.04.13 01:23:33.711,0.95504,0.95517,1.00,1.00
2015.04.13 01:23:33.914,0.95506,0.95517,1.00,1.00
2015.04.13 01:23:35.168,0.95506,0.95518,1.00,1.10
2015.04.13 01:23:40.599,0.95505,0.95521,1.50,1.15
2015.04.13 01:23:42.141,0.95506,0.95521,1.00,1.65
2015.04.13 01:23:44.478,0.95505,0.95521,1.00,2.77
2015.04.13 01:23:45.134,0.95508,0.95521,1.00,2.02
2015.04.13 01:23:45.661,0.95507,0.95521,1.00,2.77
2015.04.13 01:23:50.869,0.95508,0.95521,1.00,1.15
2015.04.13 01:23:51.172,0.95513,0.95526,1.00,4.35
2015.04.13 01:23:51.677,0.95512,0.95526,1.00,3.22
2015.04.13 01:23:52.008,0.95513,0.95526,1.12,2.40
2015.04.13 01:23:52.059,0.95513,0.95527,1.12,1.20
2015.04.13 01:23:52.564,0.95513,0.95527,1.00,1.57
2015.04.13 01:23:54.919,0.95514,0.95527,1.00,1.57
2015.04.13 01:23:55.272,0.95516,0.9553,1.00,1.52
2015.04.13 01:23:55.928,0.95517,0.9553,1.00,1.52
2015.04.13 01:24:03.864,0.95516,0.9553,1.00,2.02
2015.04.13 01:24:07.999,0.95517,0.9553,1.00,2.02
2015.04.13 01:24:17.509,0.95515,0.9553,1.00,1.52
2015.04.13 01:24:18.271,0.95517,0.9553,1.00,2.02
2015.04.13 01:24:21.201,0.95515,0.95528,1.00,1.45
2015.04.13 01:24:22.234,0.95517,0.95528,1.00,1.45
2015.04.13 01:24:23.062,0.95517,0.95528,1.00,1.45
2015.04.13 01:24:25.164,0.95515,0.9553,1.00,1.52
2015.04.13 01:24:36.635,0.95517,0.9553,1.00,2.02
2015.04.13 01:24:41.556,0.95515,0.9553,1.00,2.02
2015.04.13 01:24:58.734,0.95515,0.95529,1.00,2.02
2015.04.13 01:24:59.869,0.95515,0.95529,1.00,2.02
2015.04.13 01:25:00.443,0.95517,0.95529,1.00,2.02
2015.04.13 01:25:00.747,0.95519,0.95531,1.00,2.47
2015.04.13 01:25:00.899,0.95519,0.95533,1.00,1.52
2015.04.13 01:25:01.353,0.95522,0.95533,1.00,1.52
2015.04.13 01:25:03.662,0.95527,0.95539,1.00,2.85
2015.04.13 01:25:04.117,0.95524,0.95539,1.00,2.85
2015.04.13 01:25:04.168,0.95522,0.95538,1.00,1.52
2015.04.13 01:25:04.269,0.95522,0.95536,1.00,1.55
2015.04.13 01:25:04.320,0.95519,0.95535,1.46,1.47
2015.04.13 01:25:04.825,0.95519,0.95533,1.17,1.50
2015.04.13 01:25:04.875,0.95522,0.95535,1.00,1.47
2015.04.13 01:25:05.178,0.9552,0.95532,1.20,1.00
2015.04.13 01:25:05.381,0.95516,0.9553,1.20,1.00
2015.04.13 01:25:05.583,0.95518,0.9553,1.00,1.00
2015.04.13 01:25:05.886,0.9552,0.95533,1.00,1.17
2015.04.13 01:25:05.937,0.95518,0.95533,1.50,1.17
2015.04.13 01:25:06.089,0.95518,0.95531,1.00,1.57
2015.04.13 01:25:06.140,0.95516,0.95531,1.00,1.65
2015.04.13 01:25:06.392,0.95519,0.9553,1.00,1.00
2015.04.13 01:25:07.186,0.95521,0.95535,1.00,2.02
2015.04.13 01:25:07.703,0.95522,0.95535,1.00,2.02
2015.04.13 01:25:10.506,0.95522,0.95535,1.50,1.12
2015.04.13 01:25:11.657,0.95524,0.95536,1.00,1.47
2015.04.13 01:25:12.422,0.95522,0.95535,1.50,1.37
2015.04.13 01:25:12.828,0.95523,0.95536,1.00,1.47
2015.04.13 01:25:13.458,0.95523,0.95536,1.00,1.47
2015.04.13 01:25:14.456,0.95523,0.95536,1.00,1.20
2015.04.13 01:25:14.608,0.95525,0.9554,1.00,3.60
2015.04.13 01:25:16.718,0.95525,0.95539,1.00,2.02
2015.04.13 01:25:17.564,0.95523,0.95537,1.00,1.55
2015.04.13 01:25:19.134,0.95523,0.95537,1.00,2.02
2015.04.13 01:25:20.254,0.95528,0.9554,1.00,1.47
2015.04.13 01:25:20.769,0.95528,0.9554,1.00,1.47
2015.04.13 01:25:21.289,0.95528,0.9554,1.50,1.47
2015.04.13 01:25:21.542,0.95528,0.9554,1.00,1.10
2015.04.13 01:25:21.795,0.95525,0.95539,1.10,1.12
2015.04.13 01:25:24.840,0.95525,0.95538,1.00,1.57
2015.04.13 01:25:27.131,0.95526,0.95538,1.00,1.00
2015.04.13 01:25:27.435,0.95531,0.95543,1.00,1.15
2015.04.13 01:25:30.071,0.95531,0.95544,1.00,1.20
2015.04.13 01:25:31.135,0.95533,0.95546,1.00,1.27
2015.04.13 01:25:31.644,0.95533,0.95543,1.00,1.00
2015.04.13 01:25:32.748,0.9553,0.95543,1.50,1.00
2015.04.13 01:25:39.610,0.9553,0.95543,1.00,1.37
2015.04.13 01:26:11.710,0.9553,0.95541,1.00,1.47
2015.04.13 01:26:15.889,0.95527,0.95541,1.50,1.47
2015.04.13 01:26:15.940,0.95527,0.95541,1.50,2.32
2015.04.13 01:26:16.773,0.95522,0.9553,1.45,1.07
2015.04.13 01:26:16.824,0.95517,0.9553,1.00,1.17
2015.04.13 01:26:17.431,0.95516,0.9553,1.50,1.17
2015.04.13 01:26:17.532,0.95518,0.95533,1.00,3.22
2015.04.13 01:26:17.785,0.95518,0.95534,1.57,1.17
2015.04.13 01:26:18.038,0.9552,0.95536,1.00,1.15
2015.04.13 01:26:19.033,0.95519,0.95535,1.87,1.27
2015.04.13 01:26:20.665,0.95519,0.95535,1.50,1.52
2015.04.13 01:26:21.169,0.95519,0.95535,1.50,1.52
2015.04.13 01:26:22.651,0.95518,0.95535,1.10,2.02
2015.04.13 01:26:22.955,0.95518,0.95535,1.20,2.02
2015.04.13 01:26:23.253,0.95518,0.95535,1.10,2.02
2015.04.13 01:26:24.136,0.95518,0.95535,1.10,2.40
2015.04.13 01:26:24.440,0.95515,0.95531,1.15,1.37
2015.04.13 01:26:24.541,0.95515,0.95531,1.00,1.55
2015.04.13 01:26:26.577,0.95515,0.95531,1.12,1.55
2015.04.13 01:26:31.747,0.95514,0.95531,1.20,2.02
2015.04.13 01:26:38.662,0.95514,0.95531,1.95,1.55
2015.04.13 01:26:40.995,0.95515,0.95531,1.37,1.17
2015.04.13 01:26:41.250,0.95518,0.95535,1.55,3.04
2015.04.13 01:26:47.004,0.95519,0.95535,1.47,1.27
2015.04.13 01:26:48.980,0.95519,0.95535,1.10,2.40
2015.04.13 01:26:49.081,0.95516,0.95531,1.10,1.55
2015.04.13 01:26:49.283,0.95516,0.95531,1.12,1.55
2015.04.13 01:26:50.510,0.95516,0.95532,1.87,2.77
2015.04.13 01:26:51.015,0.95516,0.95531,1.20,1.27
2015.04.13 01:26:52.718,0.95518,0.95532,1.37,1.65
2015.04.13 01:26:52.870,0.9552,0.95534,1.12,1.12
2015.04.13 01:26:53.418,0.9552,0.95535,1.12,1.10
2015.04.13 01:26:53.919,0.9552,0.95534,1.87,1.00
2015.04.13 01:26:54.431,0.9552,0.95534,1.87,1.00
2015.04.13 01:26:54.980,0.9552,0.95535,1.12,1.10
2015.04.13 01:26:56.758,0.9552,0.95534,1.12,1.00
2015.04.13 01:26:56.859,0.95518,0.95533,1.45,1.07
2015.04.13 01:26:56.911,0.95517,0.9553,1.00,1.00
2015.04.13 01:26:57.113,0.95514,0.95528,2.21,1.00
2015.04.13 01:26:58.228,0.95514,0.95529,1.52,1.12
2015.04.13 01:26:58.480,0.95514,0.95528,1.12,1.10
2015.04.13 01:26:59.091,0.95514,0.95528,1.37,1.10
2015.04.13 01:26:59.193,0.95511,0.95528,3.34,1.47
2015.04.13 01:27:00.134,0.95511,0.95527,2.02,1.12
2015.04.13 01:27:00.646,0.95511,0.95526,2.02,1.00
2015.04.13 01:27:03.395,0.95512,0.95526,1.47,1.12
2015.04.13 01:27:04.870,0.95513,0.95529,1.87,2.02
2015.04.13 01:27:04.921,0.95513,0.95529,1.87,1.65
2015.04.13 01:27:09.282,0.95514,0.95529,1.87,1.27
2015.04.13 01:27:11.925,0.95514,0.95529,1.87,1.27
2015.04.13 01:27:16.829,0.95513,0.95528,1.87,1.20
2015.04.13 01:27:19.234,0.95514,0.95528,1.00,1.20
2015.04.13 01:27:20.748,0.95513,0.95528,1.50,1.20
2015.04.13 01:27:20.900,0.95511,0.95525,2.02,1.00
2015.04.13 01:27:21.001,0.95509,0.95525,2.77,1.65
2015.04.13 01:27:22.409,0.95511,0.95525,1.37,1.17
2015.04.13 01:27:23.424,0.9551,0.95525,1.12,1.17
2015.04.13 01:27:28.079,0.9551,0.95525,1.87,1.17
2015.04.13 01:27:28.581,0.95512,0.95524,1.12,1.10
2015.04.13 01:27:31.385,0.95512,0.95523,1.00,1.00
2015.04.13 01:27:31.907,0.95512,0.95524,1.00,1.10
2015.04.13 01:27:32.765,0.9551,0.95525,1.37,1.65
2015.04.13 01:27:34.461,0.95511,0.95525,1.37,1.65
2015.04.13 01:27:35.859,0.95511,0.95525,1.12,1.65
2015.04.13 01:27:38.449,0.9551,0.95525,1.00,1.17
2015.04.13 01:27:40.536,0.95511,0.95525,1.00,1.17
2015.04.13 01:27:40.688,0.95511,0.95525,1.87,1.17
2015.04.13 01:27:40.994,0.95511,0.95525,1.87,1.17
2015.04.13 01:27:41.507,0.95511,0.95525,1.87,1.00
2015.04.13 01:27:49.714,0.9551,0.95525,1.20,1.50
2015.04.13 01:27:50.169,0.95509,0.95523,1.65,1.00
2015.04.13 01:27:58.591,0.95509,0.95523,1.87,1.65
2015.04.13 01:28:03.419,0.95509,0.95523,1.87,1.65
2015.04.13 01:28:03.774,0.95507,0.95521,1.95,1.00
2015.04.13 01:28:16.623,0.95507,0.95521,1.95,1.00
2015.04.13 01:28:18.677,0.95507,0.95521,1.57,1.07
2015.04.13 01:28:18.829,0.95505,0.95521,2.62,1.65
2015.04.13 01:28:20.428,0.95505,0.95521,2.62,1.65
2015.04.13 01:28:21.063,0.95505,0.95521,2.25,1.65
2015.04.13 01:28:24.026,0.95507,0.95521,1.00,1.65
2015.04.13 01:28:27.713,0.95507,0.95521,1.87,1.15
2015.04.13 01:28:39.007,0.95508,0.95522,1.12,1.15
2015.04.13 01:28:53.978,0.95508,0.9552,1.37,1.10
2015.04.13 01:28:57.073,0.95508,0.9552,1.12,1.10
2015.04.13 01:28:57.309,0.95506,0.9552,1.50,1.10
2015.04.13 01:28:57.360,0.95504,0.95518,2.47,1.00
2015.04.13 01:28:57.664,0.95504,0.95515,1.00,1.00
2015.04.13 01:28:57.968,0.95503,0.95513,1.00,1.00
2015.04.13 01:29:04.356,0.95502,0.95513,1.00,1.00
2015.04.13 01:29:07.546,0.95504,0.95513,1.00,1.00
2015.04.13 01:29:09.223,0.95503,0.95513,1.00,1.00
2015.04.13 01:29:09.777,0.95502,0.95513,1.12,1.00
2015.04.13 01:29:10.404,0.95503,0.95513,1.00,1.00
2015.04.13 01:29:11.886,0.95502,0.95513,1.12,1.00
2015.04.13 01:29:13.179,0.95503,0.95513,1.00,1.00
2015.04.13 01:29:13.229,0.95503,0.95516,1.12,1.00
2015.04.13 01:29:13.280,0.95505,0.95516,1.00,1.00
2015.04.13 01:29:13.786,0.95505,0.95518,1.00,1.17
2015.04.13 01:29:15.711,0.95504,0.95518,1.50,1.17
2015.04.13 01:29:20.621,0.95504,0.95518,1.87,1.17
2015.04.13 01:29:23.311,0.95504,0.95518,1.00,1.17
2015.04.13 01:29:24.473,0.95504,0.95518,1.37,1.27
2015.04.13 01:29:25.671,0.95504,0.95518,1.50,1.27
2015.04.13 01:29:26.366,0.95503,0.95518,1.12,1.17
2015.04.13 01:29:29.777,0.95505,0.95518,1.00,1.17
2015.04.13 01:29:30.280,0.95504,0.95518,1.00,1.17
2015.04.13 01:29:30.787,0.95503,0.95518,1.20,1.17
2015.04.13 01:29:37.485,0.95503,0.95518,1.20,1.20
2015.04.13 01:29:38.000,0.95503,0.95518,1.20,1.47
2015.04.13 01:29:38.574,0.95503,0.95518,1.20,1.47
2015.04.13 01:29:40.400,0.95503,0.95518,1.47,1.47
2015.04.13 01:29:41.251,0.95504,0.95518,1.12,1.10
2015.04.13 01:29:43.305,0.95508,0.95518,1.87,1.00
2015.04.13 01:29:43.356,0.95508,0.95522,2.62,1.17
2015.04.13 01:29:45.614,0.95511,0.95522,1.00,1.17
2015.04.13 01:30:03.417,0.95511,0.95526,1.00,2.02
2015.04.13 01:30:12.115,0.95513,0.95526,1.00,2.02
2015.04.13 01:30:12.267,0.95516,0.95531,1.12,1.35
2015.04.13 01:30:12.368,0.95518,0.95532,1.00,2.85
2015.04.13 01:30:12.875,0.95519,0.95532,1.00,2.85
2015.04.13 01:30:13.437,0.95518,0.95532,1.50,2.85
2015.04.13 01:30:27.930,0.95518,0.95531,1.00,1.65
2015.04.13 01:30:28.032,0.95513,0.95527,1.00,3.97
2015.04.13 01:30:28.084,0.95513,0.95524,1.00,3.60
2015.04.13 01:30:28.134,0.9551,0.95524,1.00,3.22
2015.04.13 01:30:48.413,0.9551,0.95523,1.00,1.15
2015.04.13 01:30:48.666,0.95512,0.95524,1.00,2.02
2015.04.13 01:30:48.818,0.95512,0.95528,1.87,5.10
2015.04.13 01:30:52.449,0.95514,0.95528,1.00,4.35
2015.04.13 01:30:53.761,0.95515,0.95528,1.00,3.60
2015.04.13 01:31:08.713,0.95516,0.95528,1.00,2.47
2015.04.13 01:31:09.215,0.95516,0.95529,1.00,3.60
2015.04.13 01:31:09.266,0.95516,0.95529,1.00,1.27
2015.04.13 01:31:19.034,0.95515,0.95529,1.50,1.52
2015.04.13 01:31:19.572,0.95515,0.95529,1.87,1.52
2015.04.13 01:31:25.401,0.95517,0.95531,1.00,6.00
2015.04.13 01:31:26.211,0.95514,0.95528,1.00,1.15
2015.04.13 01:31:26.749,0.95513,0.95529,1.12,2.77
2015.04.13 01:31:29.438,0.95513,0.95528,1.00,2.85
2015.04.13 01:31:38.830,0.95515,0.95528,1.87,2.47
2015.04.13 01:31:38.881,0.95515,0.95531,1.87,1.25
2015.04.13 01:31:38.982,0.95514,0.95529,1.00,1.10
2015.04.13 01:31:39.522,0.95513,0.95529,1.57,1.20
2015.04.13 01:31:39.575,0.95518,0.95529,1.00,1.20
2015.04.13 01:31:40.283,0.95517,0.95531,1.00,1.15
2015.04.13 01:31:45.149,0.95517,0.95531,1.87,1.27
2015.04.13 01:31:50.592,0.9552,0.95533,1.00,2.85
2015.04.13 01:31:52.903,0.95519,0.95533,1.00,2.47
2015.04.13 01:31:56.125,0.95518,0.95533,1.00,3.22
2015.04.13 01:31:56.628,0.95517,0.95532,1.00,2.40
2015.04.13 01:31:57.140,0.95518,0.95532,1.00,2.40
2015.04.13 01:31:57.242,0.95516,0.95532,2.25,1.65
2015.04.13 01:31:59.141,0.95516,0.95532,2.25,3.97
2015.04.13 01:31:59.655,0.95517,0.95532,1.00,4.72
2015.04.13 01:32:00.186,0.95516,0.95531,1.00,1.65
2015.04.13 01:32:00.541,0.95514,0.95528,1.00,1.10
2015.04.13 01:32:09.231,0.95513,0.95526,1.10,1.00
2015.04.13 01:32:10.044,0.95512,0.95526,1.57,1.07
2015.04.13 01:32:12.615,0.95511,0.95524,1.00,1.10
2015.04.13 01:32:12.932,0.95509,0.95523,1.00,2.47
2015.04.13 01:32:13.245,0.95512,0.95523,1.00,2.47
2015.04.13 01:32:13.347,0.95513,0.95526,1.00,1.15
2015.04.13 01:32:13.869,0.95512,0.95524,1.00,1.10
2015.04.13 01:32:15.814,0.95513,0.95527,1.00,1.15
2015.04.13 01:32:22.196,0.95514,0.95527,1.00,1.15
2015.04.13 01:32:24.158,0.95515,0.95527,1.00,1.15
2015.04.13 01:32:27.785,0.95514,0.95526,1.00,1.15
2015.04.13 01:32:28.887,0.95512,0.95526,1.50,1.15
2015.04.13 01:32:29.191,0.95513,0.95523,1.00,1.15
2015.04.13 01:32:29.241,0.95511,0.95523,1.00,1.15
2015.04.13 01:32:29.765,0.9551,0.95523,1.10,1.15
2015.04.13 01:32:30.877,0.95511,0.95523,1.00,1.15
2015.04.13 01:32:31.386,0.95512,0.95523,1.00,1.15
2015.04.13 01:32:31.931,0.95511,0.95523,1.00,1.15
2015.04.13 01:32:32.584,0.95512,0.95523,1.00,1.15
2015.04.13 01:32:37.012,0.95511,0.95523,1.00,1.15
2015.04.13 01:32:47.052,0.95512,0.95523,1.00,1.15
2015.04.13 01:32:49.440,0.95512,0.95523,1.00,1.17
2015.04.13 01:32:53.116,0.95512,0.95523,1.00,3.22
2015.04.13 01:32:53.369,0.95509,0.95522,1.00,1.27
2015.04.13 01:32:58.462,0.95508,0.95522,1.57,1.27
2015.04.13 01:32:59.000,0.95509,0.95522,1.00,1.27
2015.04.13 01:32:59.717,0.95512,0.95522,1.00,1.15
2015.04.13 01:33:02.932,0.95512,0.95524,1.00,1.27
2015.04.13 01:33:08.369,0.95516,0.9553,1.00,3.60
2015.04.13 01:33:08.883,0.95515,0.9553,1.00,3.60
2015.04.13 01:33:11.776,0.95513,0.95526,1.00,1.47
2015.04.13 01:33:12.281,0.95512,0.95524,1.00,1.00
2015.04.13 01:33:12.828,0.95511,0.95524,1.00,1.00
2015.04.13 01:33:17.932,0.95512,0.95524,1.00,1.00
2015.04.13 01:33:18.192,0.95514,0.95524,1.00,1.00
2015.04.13 01:33:20.497,0.95513,0.95524,1.00,1.00
2015.04.13 01:33:22.254,0.95512,0.95524,1.00,1.00
2015.04.13 01:33:28.365,0.95512,0.95524,1.00,1.07
2015.04.13 01:33:30.390,0.95514,0.95526,1.00,3.22
2015.04.13 01:33:31.617,0.95512,0.95526,1.00,3.22
2015.04.13 01:33:32.121,0.95513,0.95526,1.50,2.47
2015.04.13 01:33:33.022,0.95511,0.95526,1.00,3.22
2015.04.13 01:33:35.786,0.95512,0.95524,1.00,1.17
2015.04.13 01:33:40.925,0.95511,0.95524,1.00,1.17
2015.04.13 01:34:04.722,0.9551,0.95524,1.00,1.52
2015.04.13 01:34:07.551,0.95509,0.95524,1.00,1.52
2015.04.13 01:34:07.906,0.95511,0.95524,1.00,1.52
2015.04.13 01:34:09.465,0.95511,0.95524,1.00,1.52
2015.04.13 01:34:10.210,0.95513,0.95525,1.00,3.60
2015.04.13 01:34:10.866,0.95512,0.95525,1.00,2.47
2015.04.13 01:34:11.183,0.95514,0.95525,1.00,2.47
2015.04.13 01:34:12.234,0.95514,0.95526,1.00,1.07
2015.04.13 01:34:16.275,0.95516,0.95526,1.37,1.07
2015.04.13 01:34:16.376,0.95516,0.95528,1.37,1.00
2015.04.13 01:34:16.579,0.95519,0.95528,1.00,1.00
2015.04.13 01:34:16.882,0.95524,0.95534,1.00,1.17
2015.04.13 01:34:16.933,0.95522,0.95535,1.00,1.15
2015.04.13 01:34:17.438,0.95523,0.95535,1.00,1.15
2015.04.13 01:34:18.432,0.95524,0.95535,1.00,1.15
2015.04.13 01:34:18.933,0.95523,0.95535,1.00,1.15
2015.04.13 01:34:21.290,0.95522,0.95535,1.00,1.15
2015.04.13 01:34:21.341,0.95522,0.95535,1.00,1.52
2015.04.13 01:34:21.649,0.9552,0.95532,1.00,3.22
2015.04.13 01:34:22.101,0.95521,0.95532,1.00,1.10
2015.04.13 01:34:22.651,0.9552,0.95532,1.00,1.10
2015.04.13 01:34:25.045,0.95521,0.95532,1.00,1.20
2015.04.13 01:34:25.713,0.95517,0.95532,2.62,1.47
2015.04.13 01:34:26.364,0.9552,0.95532,1.00,1.20
2015.04.13 01:34:27.045,0.95519,0.95532,1.10,1.20
2015.04.13 01:34:27.680,0.9552,0.95532,1.00,1.20
2015.04.13 01:34:28.219,0.95519,0.95532,1.10,1.20
2015.04.13 01:34:29.818,0.95519,0.95532,1.10,1.47
2015.04.13 01:34:31.141,0.95519,0.95532,1.00,1.20
2015.04.13 01:34:33.598,0.9552,0.95532,1.00,1.57
2015.04.13 01:34:34.167,0.95521,0.95532,1.00,1.57
2015.04.13 01:34:37.290,0.9552,0.95533,1.00,1.27
2015.04.13 01:34:37.392,0.95518,0.95533,1.00,1.55
2015.04.13 01:34:37.994,0.95517,0.95533,2.25,2.10
2015.04.13 01:34:39.453,0.95517,0.95533,1.50,3.22
2015.04.13 01:34:39.555,0.95515,0.9553,1.50,1.52
2015.04.13 01:34:40.100,0.95516,0.9553,1.00,2.02
2015.04.13 01:34:46.926,0.95515,0.95528,1.50,1.10
2015.04.13 01:34:48.170,0.95517,0.95528,1.00,1.10
2015.04.13 01:34:49.243,0.95516,0.95529,1.00,1.17
2015.04.13 01:34:49.867,0.95517,0.95529,1.00,1.17
2015.04.13 01:34:56.161,0.95518,0.95529,1.00,1.17
2015.04.13 01:35:00.028,0.95517,0.95529,1.50,1.17
2015.04.13 01:35:00.621,0.95517,0.95529,1.50,1.00
2015.04.13 01:35:14.340,0.95518,0.95529,1.00,1.00
2015.04.13 01:35:17.280,0.95517,0.95529,1.50,1.00
2015.04.13 01:35:19.951,0.95518,0.95529,1.00,1.00
2015.04.13 01:35:24.067,0.9552,0.95529,1.00,1.00
2015.04.13 01:35:24.118,0.9552,0.95532,1.00,1.00
2015.04.13 01:35:24.219,0.95522,0.95532,1.00,1.00
2015.04.13 01:35:24.523,0.95525,0.95532,1.00,1.00
2015.04.13 01:35:24.876,0.95526,0.95537,1.00,1.15
2015.04.13 01:35:24.927,0.95526,0.95537,1.00,1.00
2015.04.13 01:35:26.172,0.95525,0.95537,1.00,1.00
2015.04.13 01:35:27.183,0.95524,0.95537,1.50,1.00
2015.04.13 01:35:27.234,0.95524,0.95537,1.50,1.15
2015.04.13 01:35:28.094,0.95523,0.95537,1.00,2.02
2015.04.13 01:35:39.210,0.95525,0.95537,1.00,1.27
2015.04.13 01:35:39.750,0.95524,0.95537,1.00,1.15
2015.04.13 01:35:43.260,0.95523,0.95537,1.50,2.02
2015.04.13 01:35:45.150,0.95522,0.95537,1.00,2.77
2015.04.13 01:35:48.385,0.95522,0.95532,1.00,1.37
2015.04.13 01:35:48.487,0.95515,0.9553,1.76,1.37
2015.04.13 01:35:48.639,0.95512,0.95524,1.00,1.00
2015.04.13 01:35:48.690,0.9551,0.95524,1.10,1.00
2015.04.13 01:35:48.742,0.9551,0.95521,1.00,1.00
2015.04.13 01:35:48.843,0.95508,0.95521,1.50,1.20
2015.04.13 01:35:49.996,0.95508,0.9552,1.00,1.00
2015.04.13 01:35:52.905,0.95507,0.9552,1.10,1.00
2015.04.13 01:35:59.324,0.95504,0.95518,2.02,1.00
2015.04.13 01:35:59.426,0.95504,0.95518,1.65,1.00
2015.04.13 01:36:03.085,0.95506,0.9552,1.00,1.00
2015.04.13 01:36:03.287,0.95504,0.95517,1.27,1.00
2015.04.13 01:36:03.540,0.95502,0.95515,1.10,1.00
2015.04.13 01:36:04.083,0.955,0.95515,1.12,1.15
2015.04.13 01:36:04.599,0.955,0.95515,1.00,1.15
2015.04.13 01:36:22.632,0.955,0.95515,1.37,1.15
2015.04.13 01:36:24.461,0.95501,0.95515,1.12,1.15
2015.04.13 01:36:25.051,0.95501,0.95515,1.12,1.17
2015.04.13 01:36:28.519,0.95503,0.95515,1.00,1.17
2015.04.13 01:36:28.823,0.95505,0.95519,1.87,1.17
2015.04.13 01:36:29.331,0.95506,0.95519,1.00,1.17
2015.04.13 01:36:36.938,0.95507,0.9552,1.00,1.15
2015.04.13 01:36:40.913,0.95506,0.9552,1.00,1.15
2015.04.13 01:36:49.009,0.95506,0.9552,1.00,1.15
2015.04.13 01:36:56.521,0.95507,0.9552,1.00,1.17
2015.04.13 01:37:02.680,0.95506,0.9552,1.00,1.17
2015.04.13 01:37:07.875,0.95505,0.9552,1.57,1.17
2015.04.13 01:37:08.958,0.95505,0.9552,1.00,1.55
2015.04.13 01:37:09.539,0.95506,0.9552,1.00,2.02
2015.04.13 01:37:13.034,0.95506,0.9552,1.00,2.02
2015.04.13 01:37:16.053,0.95506,0.9552,1.00,1.52
2015.04.13 01:37:17.094,0.95505,0.9552,1.10,1.52
2015.04.13 01:37:21.316,0.95505,0.9552,1.00,2.40
2015.04.13 01:37:21.417,0.95503,0.95517,1.72,1.37
2015.04.13 01:37:21.925,0.95503,0.95517,1.10,1.52
2015.04.13 01:37:42.368,0.95503,0.95517,1.57,3.60
2015.04.13 01:37:42.520,0.95505,0.95517,1.00,3.60
2015.04.13 01:37:44.300,0.95504,0.95517,1.00,2.85
2015.04.13 01:37:50.239,0.95503,0.95514,1.00,1.17
2015.04.13 01:37:50.293,0.95499,0.95512,1.00,1.17
2015.04.13 01:38:08.746,0.95495,0.9551,1.20,1.10
2015.04.13 01:38:10.536,0.95495,0.9551,1.12,1.15
2015.04.13 01:38:11.945,0.95495,0.9551,1.00,1.52
2015.04.13 01:38:12.410,0.95496,0.9551,1.95,1.15
2015.04.13 01:38:12.662,0.955,0.95512,1.00,1.00
2015.04.13 01:38:14.075,0.95499,0.95512,1.00,1.12
2015.04.13 01:38:18.057,0.95499,0.95512,1.00,1.37
2015.04.13 01:38:23.358,0.95499,0.95512,1.00,1.12
2015.04.13 01:38:23.902,0.955,0.95512,1.00,1.37
2015.04.13 01:38:26.501,0.95499,0.95512,1.00,1.37
2015.04.13 01:38:31.187,0.95499,0.95512,1.50,1.12
2015.04.13 01:38:31.238,0.95502,0.95512,1.00,1.12
2015.04.13 01:38:31.541,0.95506,0.95513,1.50,1.00
2015.04.13 01:38:31.592,0.95506,0.95518,1.50,1.07
2015.04.13 01:38:31.693,0.95507,0.95518,1.00,1.00
2015.04.13 01:38:32.047,0.95509,0.9552,1.00,3.07
2015.04.13 01:38:32.485,0.95511,0.95521,1.00,1.17
2015.04.13 01:38:33.163,0.95511,0.95522,1.00,1.00
2015.04.13 01:38:33.539,0.95512,0.95525,1.00,1.45
2015.04.13 01:38:33.791,0.95511,0.95525,1.00,1.45
2015.04.13 01:38:34.342,0.95512,0.95525,1.00,1.45
2015.04.13 01:38:35.697,0.95512,0.95525,1.00,1.45
2015.04.13 01:38:43.475,0.95511,0.95525,1.00,1.45
2015.04.13 01:38:43.787,0.95514,0.95525,1.00,1.45
2015.04.13 01:38:45.127,0.95512,0.95525,1.00,1.45
2015.04.13 01:38:45.787,0.95514,0.95525,1.00,1.20
2015.04.13 01:38:49.530,0.95513,0.95525,1.00,1.20
2015.04.13 01:38:50.706,0.95513,0.95525,1.00,1.45
2015.04.13 01:38:52.686,0.95512,0.95525,1.00,1.45
2015.04.13 01:39:03.479,0.95511,0.95524,1.50,1.47
2015.04.13 01:39:06.348,0.95512,0.95524,1.12,1.10
2015.04.13 01:39:06.854,0.95513,0.95524,1.00,1.47
2015.04.13 01:39:06.905,0.9551,0.95524,2.62,1.47
2015.04.13 01:39:07.437,0.9551,0.95523,1.50,1.37
2015.04.13 01:39:13.095,0.9551,0.95523,1.00,1.37
2015.04.13 01:39:13.146,0.95508,0.95521,1.00,1.47
2015.04.13 01:39:13.483,0.95505,0.95521,1.65,1.95
2015.04.13 01:39:14.021,0.95505,0.95521,1.20,1.95
2015.04.13 01:39:14.273,0.95504,0.95519,1.00,1.52
2015.04.13 01:39:27.173,0.95503,0.95519,1.95,2.02
2015.04.13 01:39:28.313,0.95503,0.95518,1.10,1.55
2015.04.13 01:39:33.528,0.95503,0.95518,1.00,2.02
2015.04.13 01:39:36.816,0.95503,0.95518,1.00,2.02
2015.04.13 01:39:37.546,0.95503,0.95518,1.00,2.02
2015.04.13 01:39:41.456,0.95503,0.95518,1.00,2.02
2015.04.13 01:39:41.557,0.95501,0.95517,2.70,2.02
2015.04.13 01:39:42.723,0.95503,0.95517,1.00,2.02
2015.04.13 01:39:42.774,0.95501,0.95517,2.70,2.02
2015.04.13 01:39:43.922,0.95501,0.95517,2.32,2.02
2015.04.13 01:39:46.287,0.95501,0.95517,1.57,2.02
2015.04.13 01:39:46.795,0.95501,0.95516,1.10,1.47
2015.04.13 01:39:49.858,0.955,0.95515,1.20,1.37
2015.04.13 01:39:50.060,0.95499,0.95513,1.00,2.02
2015.04.13 01:39:50.587,0.95498,0.95513,1.10,2.77
2015.04.13 01:39:51.872,0.95498,0.95513,1.00,2.77
2015.04.13 01:39:52.588,0.95498,0.95513,1.00,2.40
2015.04.13 01:39:52.690,0.95497,0.9551,1.20,1.37
2015.04.13 01:39:53.272,0.95495,0.95506,1.00,1.00
2015.04.13 01:39:53.525,0.95491,0.95504,1.12,1.10
2015.04.13 01:39:53.627,0.9549,0.95504,1.65,1.10
2015.04.13 01:39:59.697,0.95491,0.95504,1.00,1.10
2015.04.13 01:40:00.137,0.95491,0.95503,1.00,1.07
2015.04.13 01:40:00.340,0.95488,0.95503,1.00,3.22
2015.04.13 01:40:01.536,0.95489,0.95503,1.50,3.22
2015.04.13 01:40:06.739,0.9549,0.95503,1.87,2.40
2015.04.13 01:40:06.790,0.9549,0.95505,1.87,1.17
2015.04.13 01:40:06.941,0.95493,0.95506,1.00,1.15
2015.04.13 01:40:09.235,0.95494,0.95506,1.00,1.15
2015.04.13 01:40:09.931,0.95493,0.95506,1.00,1.15
2015.04.13 01:40:14.675,0.95491,0.95506,1.12,1.15
2015.04.13 01:40:21.478,0.95493,0.95506,1.00,1.15
2015.04.13 01:40:22.831,0.95496,0.95511,1.50,3.22
2015.04.13 01:40:27.527,0.95495,0.95511,2.25,3.97
2015.04.13 01:40:30.937,0.95496,0.95511,1.00,3.97
2015.04.13 01:40:31.460,0.95495,0.95511,2.25,3.97
2015.04.13 01:40:38.626,0.95498,0.95511,1.00,4.35
2015.04.13 01:40:40.506,0.95498,0.95511,1.00,1.55
2015.04.13 01:40:40.639,0.95498,0.95511,1.00,1.47
2015.04.13 01:40:42.578,0.95497,0.95511,1.57,1.47
2015.04.13 01:40:43.126,0.95498,0.95511,1.00,1.47
2015.04.13 01:40:43.666,0.95498,0.95511,1.00,1.47
2015.04.13 01:40:43.753,0.95498,0.95511,1.00,1.20
2015.04.13 01:40:44.027,0.95502,0.95511,1.00,1.20
2015.04.13 01:40:44.149,0.95498,0.95511,1.50,1.20
2015.04.13 01:40:45.407,0.95499,0.95511,1.00,1.47
2015.04.13 01:40:49.682,0.95499,0.95511,1.00,1.10
2015.04.13 01:40:54.283,0.95498,0.95513,2.25,1.52
2015.04.13 01:40:54.817,0.95498,0.95512,1.00,1.55
2015.04.13 01:40:55.322,0.95498,0.95512,1.00,1.17
2015.04.13 01:40:55.625,0.95498,0.95512,1.00,1.55
2015.04.13 01:40:55.828,0.95498,0.95514,2.25,1.27
2015.04.13 01:40:56.333,0.95498,0.95512,1.00,1.55
2015.04.13 01:40:56.637,0.95498,0.95514,1.50,1.52
2015.04.13 01:40:57.627,0.95498,0.95514,1.50,1.52
2015.04.13 01:40:58.261,0.95498,0.95514,1.50,1.27
2015.04.13 01:40:59.167,0.95498,0.95514,1.50,1.52
2015.04.13 01:40:59.715,0.95498,0.95512,1.00,1.17
2015.04.13 01:41:00.540,0.95498,0.95512,1.00,1.55
2015.04.13 01:41:01.549,0.95498,0.95512,1.00,2.02
2015.04.13 01:41:01.751,0.95496,0.95512,2.32,2.02
2015.04.13 01:41:02.614,0.95497,0.95512,1.00,1.17
2015.04.13 01:41:03.131,0.95497,0.95512,1.00,1.55
2015.04.13 01:41:03.635,0.95496,0.95512,2.32,2.02
2015.04.13 01:41:04.151,0.95497,0.95512,1.00,1.17
2015.04.13 01:41:04.253,0.95497,0.95508,1.00,1.00
2015.04.13 01:41:04.405,0.95497,0.95512,1.00,1.55
2015.04.13 01:41:04.606,0.95497,0.95508,1.00,1.00
2015.04.13 01:41:05.121,0.95496,0.95508,1.57,1.00
2015.04.13 01:41:05.785,0.95496,0.95509,1.57,1.00
2015.04.13 01:41:07.115,0.95496,0.95508,1.10,1.00
2015.04.13 01:41:07.420,0.95493,0.95506,1.10,1.10
2015.04.13 01:41:07.774,0.95495,0.95507,1.00,1.07
2015.04.13 01:41:08.243,0.95493,0.95508,1.10,1.17
2015.04.13 01:41:08.445,0.95495,0.95508,1.00,1.65
2015.04.13 01:41:08.662,0.95493,0.95508,1.10,1.65
2015.04.13 01:41:15.834,0.95492,0.95503,1.07,1.00
2015.04.13 01:41:16.141,0.95491,0.95503,1.50,1.10
2015.04.13 01:41:16.646,0.95492,0.95507,1.50,3.22
2015.04.13 01:41:17.103,0.95494,0.95507,1.00,3.22
2015.04.13 01:41:18.694,0.95493,0.95507,1.00,3.97
2015.04.13 01:41:18.998,0.95492,0.95503,1.00,1.15
2015.04.13 01:41:19.100,0.95489,0.95503,1.50,1.15
2015.04.13 01:41:20.408,0.95488,0.95502,1.50,1.15
2015.04.13 01:41:31.185,0.95489,0.95504,1.00,3.60
2015.04.13 01:41:39.589,0.95489,0.95503,1.37,1.15
2015.04.13 01:41:39.691,0.95495,0.9551,1.50,4.35
2015.04.13 01:41:39.894,0.95499,0.95512,1.00,1.55
2015.04.13 01:41:39.996,0.95496,0.95512,2.32,2.02
2015.04.13 01:41:40.501,0.95497,0.95512,1.00,2.02
2015.04.13 01:41:54.234,0.95497,0.95512,1.00,2.02
2015.04.13 01:41:55.092,0.95497,0.95512,1.00,2.02
2015.04.13 01:41:55.846,0.95497,0.95512,1.00,2.02
2015.04.13 01:41:59.750,0.95497,0.95512,1.00,2.02
2015.04.13 01:42:03.690,0.95497,0.95512,1.00,2.02
2015.04.13 01:42:06.908,0.95497,0.95512,1.00,1.52
2015.04.13 01:42:09.726,0.95496,0.95512,1.50,1.52
2015.04.13 01:42:10.684,0.95497,0.95512,1.00,1.52
2015.04.13 01:42:11.188,0.95496,0.95512,2.25,2.02
2015.04.13 01:42:11.731,0.95496,0.95512,2.25,2.02
2015.04.13 01:42:12.841,0.95496,0.95512,2.25,2.02
2015.04.13 01:42:13.725,0.95496,0.95512,2.25,2.77
2015.04.13 01:42:21.670,0.95499,0.95512,1.50,2.85
2015.04.13 01:42:21.872,0.95502,0.95513,1.00,1.00
2015.04.13 01:42:22.419,0.95503,0.95517,1.50,1.52
2015.04.13 01:42:26.156,0.95504,0.95518,1.00,3.60
2015.04.13 01:42:28.663,0.95504,0.95518,1.00,2.02
2015.04.13 01:42:32.855,0.95504,0.95518,1.00,1.55
2015.04.13 01:42:33.006,0.95502,0.95516,1.00,1.52
2015.04.13 01:42:37.479,0.95502,0.95516,1.00,2.02
2015.04.13 01:42:37.732,0.955,0.95514,1.00,2.02
2015.04.13 01:42:37.783,0.955,0.95514,1.00,4.72
2015.04.13 01:42:37.834,0.95498,0.95511,1.00,1.55
2015.04.13 01:42:38.288,0.95497,0.95511,3.00,1.17
2015.04.13 01:42:38.389,0.95505,0.95517,1.00,3.60
2015.04.13 01:42:38.490,0.95505,0.95518,1.00,1.10
2015.04.13 01:42:39.720,0.95513,0.95522,1.00,2.85
2015.04.13 01:42:39.776,0.95514,0.95528,1.00,2.02
2015.04.13 01:42:39.878,0.95517,0.95528,1.00,1.15
2015.04.13 01:42:41.414,0.95518,0.9553,1.00,2.85
2015.04.13 01:42:44.875,0.95515,0.95528,1.00,1.15
2015.04.13 01:42:46.030,0.95515,0.95528,1.00,1.00
2015.04.13 01:42:48.565,0.95514,0.95528,1.10,1.00
2015.04.13 01:42:52.724,0.95516,0.95528,1.00,1.00
2015.04.13 01:42:53.163,0.95517,0.95532,1.00,1.52
2015.04.13 01:42:53.844,0.95518,0.95532,1.00,2.02
2015.04.13 01:42:57.631,0.95518,0.95532,1.00,1.52
2015.04.13 01:42:57.833,0.9552,0.95535,1.50,2.85
2015.04.13 01:42:58.136,0.9552,0.95535,1.00,1.47
2015.04.13 01:42:58.641,0.95519,0.95534,1.95,1.00
2015.04.13 01:42:59.044,0.95522,0.95539,1.37,3.97
2015.04.13 01:42:59.347,0.95527,0.95533,1.00,1.00
2015.04.13 01:42:59.448,0.95531,0.95539,1.00,1.00
2015.04.13 01:42:59.499,0.95531,0.95542,1.00,1.10
2015.04.13 01:42:59.550,0.95536,0.95543,1.00,1.00
2015.04.13 01:42:59.651,0.9553,0.95547,1.65,1.65
2015.04.13 01:43:00.467,0.95526,0.95536,1.12,1.10
2015.04.13 01:43:00.518,0.95521,0.95535,1.12,1.00
2015.04.13 01:43:00.721,0.95519,0.95535,1.27,1.00
2015.04.13 01:43:01.227,0.95519,0.95534,1.27,1.00
2015.04.13 01:43:01.531,0.95516,0.95532,1.76,1.10
2015.04.13 01:43:01.581,0.95516,0.95532,1.39,1.10
2015.04.13 01:43:01.733,0.95516,0.9553,1.39,1.00
2015.04.13 01:43:02.260,0.95516,0.95531,1.39,1.00
2015.04.13 01:43:02.764,0.95516,0.9553,1.20,1.00
2015.04.13 01:43:02.967,0.95516,0.95532,1.20,1.10
2015.04.13 01:43:03.120,0.95516,0.95532,1.57,1.10
2015.04.13 01:43:03.424,0.95515,0.9553,1.92,1.12
2015.04.13 01:43:03.677,0.95512,0.95528,1.20,1.17
2015.04.13 01:43:05.297,0.95519,0.95534,1.00,3.60
2015.04.13 01:43:07.554,0.95519,0.95534,1.87,2.85
2015.04.13 01:43:07.857,0.95523,0.95536,1.12,1.15
2015.04.13 01:43:07.958,0.95524,0.9554,1.20,1.27
2015.04.13 01:43:08.465,0.95526,0.95542,1.00,1.52
2015.04.13 01:43:13.462,0.95525,0.95542,1.50,1.52
2015.04.13 01:43:14.050,0.95526,0.95542,1.00,1.52
2015.04.13 01:43:14.557,0.95526,0.95541,1.37,1.15
2015.04.13 01:43:15.066,0.95528,0.95543,1.00,2.85
2015.04.13 01:43:15.420,0.95529,0.95544,1.00,1.47
2015.04.13 01:43:16.058,0.95529,0.95544,1.00,1.47
2015.04.13 01:43:16.594,0.9553,0.95544,1.00,1.47
2015.04.13 01:43:18.076,0.9553,0.95544,1.00,1.20
2015.04.13 01:43:18.854,0.9553,0.95544,1.00,1.47
2015.04.13 01:43:19.452,0.9553,0.95544,1.00,1.20
2015.04.13 01:43:19.928,0.9553,0.95544,1.00,1.47
2015.04.13 01:43:20.458,0.95529,0.95544,1.00,1.47
2015.04.13 01:43:21.213,0.9553,0.95544,1.00,1.47
2015.04.13 01:43:21.759,0.95529,0.95544,1.00,1.47
2015.04.13 01:43:22.671,0.95529,0.95544,1.00,1.47
2015.04.13 01:43:23.174,0.95528,0.95544,1.20,1.95
2015.04.13 01:43:26.717,0.95528,0.95544,1.20,1.95
2015.04.13 01:43:27.399,0.95528,0.95544,1.20,1.95
2015.04.13 01:43:27.775,0.95527,0.95544,1.27,2.70
2015.04.13 01:43:28.280,0.95527,0.95543,1.17,1.37
2015.04.13 01:43:29.854,0.95527,0.95543,1.17,1.37
2015.04.13 01:43:32.846,0.95527,0.95543,1.17,1.37
2015.04.13 01:43:34.391,0.95527,0.95543,1.17,1.37
2015.04.13 01:43:35.447,0.95527,0.95543,1.00,1.55
2015.04.13 01:43:39.944,0.95528,0.95544,1.00,2.02
2015.04.13 01:43:40.449,0.95529,0.95545,1.50,1.52
2015.04.13 01:43:41.536,0.95534,0.95545,1.00,1.10
2015.04.13 01:43:42.042,0.95532,0.95548,1.65,1.87
2015.04.13 01:43:44.348,0.95533,0.95549,1.17,1.37
2015.04.13 01:43:46.871,0.95533,0.95549,1.17,1.37
2015.04.13 01:43:48.072,0.95532,0.95548,2.77,1.37
2015.04.13 01:43:48.274,0.95536,0.95552,1.00,1.52
2015.04.13 01:43:50.076,0.95536,0.95552,1.00,1.52
2015.04.13 01:43:50.128,0.95534,0.95551,1.20,2.02
2015.04.13 01:43:50.280,0.95534,0.9555,1.20,1.95
2015.04.13 01:43:50.483,0.95532,0.95548,1.25,1.52
2015.04.13 01:43:50.534,0.95532,0.95548,1.50,1.52
2015.04.13 01:43:50.636,0.95532,0.95548,1.10,1.52
2015.04.13 01:43:51.159,0.95531,0.95548,1.87,1.52
2015.04.13 01:43:51.711,0.95531,0.95548,1.87,1.52
2015.04.13 01:43:53.068,0.95531,0.95542,1.12,1.00
2015.04.13 01:43:53.484,0.95531,0.95547,1.50,1.52
2015.04.13 01:43:53.992,0.95531,0.95546,1.87,1.57
2015.04.13 01:43:54.043,0.95531,0.95546,1.20,1.57
2015.04.13 01:43:54.195,0.95529,0.95544,2.40,1.37
2015.04.13 01:43:54.498,0.95527,0.95542,1.12,1.52
2015.04.13 01:43:54.802,0.95526,0.95542,1.57,2.77
2015.04.13 01:43:55.313,0.95526,0.95542,1.95,2.77
2015.04.13 01:43:55.841,0.95526,0.95542,1.95,2.02
2015.04.13 01:43:56.119,0.95529,0.95543,1.12,1.27
2015.04.13 01:43:56.271,0.9553,0.95544,1.12,1.20
2015.04.13 01:43:56.630,0.95532,0.95544,1.00,1.20
2015.04.13 01:43:57.959,0.9553,0.95546,1.12,1.52
2015.04.13 01:44:00.107,0.9553,0.95545,1.47,2.02
2015.04.13 01:44:00.208,0.95533,0.95546,1.00,1.52
2015.04.13 01:44:03.808,0.95533,0.95544,1.00,1.57
2015.04.13 01:44:04.162,0.9553,0.95545,1.50,2.02
2015.04.13 01:44:05.846,0.95528,0.95541,1.90,1.00
2015.04.13 01:44:06.471,0.95528,0.95541,1.27,1.00
2015.04.13 01:44:08.700,0.95527,0.95541,1.50,1.17
2015.04.13 01:44:12.457,0.95526,0.95539,1.75,1.00
2015.04.13 01:44:12.609,0.95523,0.95537,3.07,1.10
2015.04.13 01:44:12.761,0.95523,0.95534,1.10,1.00
2015.04.13 01:44:12.812,0.95523,0.95536,1.10,1.10
2015.04.13 01:44:13.317,0.95522,0.95536,1.10,1.10
2015.04.13 01:44:21.100,0.95522,0.95535,1.10,1.00
2015.04.13 01:44:23.384,0.95522,0.95536,1.10,1.10
2015.04.13 01:44:24.044,0.95522,0.95535,1.10,1.00
2015.04.13 01:44:24.822,0.95522,0.95536,1.10,1.10
2015.04.13 01:44:26.885,0.95522,0.95536,1.10,1.47
2015.04.13 01:44:27.667,0.95522,0.95534,1.10,1.00
2015.04.13 01:44:28.021,0.95522,0.95538,1.57,2.02
2015.04.13 01:44:28.610,0.95522,0.95538,1.87,2.77
2015.04.13 01:44:28.862,0.95525,0.95538,1.00,2.77
2015.04.13 01:44:28.963,0.95525,0.95538,1.20,1.00
2015.04.13 01:44:29.467,0.95526,0.95538,1.12,1.00
2015.04.13 01:44:30.187,0.95528,0.95538,1.00,1.00
2015.04.13 01:44:38.532,0.95528,0.9554,1.10,1.07
2015.04.13 01:44:39.073,0.95528,0.95538,1.10,1.00
2015.04.13 01:44:45.284,0.95529,0.95538,1.00,1.00
2015.04.13 01:44:45.537,0.95532,0.95542,1.00,1.00
2015.04.13 01:44:45.739,0.95528,0.95543,1.47,1.95
2015.04.13 01:44:45.790,0.95529,0.95543,1.12,1.95
2015.04.13 01:44:45.841,0.9553,0.95543,1.20,1.10
2015.04.13 01:44:49.673,0.95529,0.95543,1.50,1.95
2015.04.13 01:44:53.403,0.95529,0.95543,1.00,1.95
2015.04.13 01:44:53.554,0.95529,0.95543,1.00,2.02
2015.04.13 01:44:58.266,0.95529,0.95543,2.25,1.65
2015.04.13 01:44:59.240,0.9553,0.95544,1.12,1.20
2015.04.13 01:45:00.833,0.9553,0.95544,1.00,1.27
2015.04.13 01:45:00.884,0.9553,0.95542,1.00,1.00
2015.04.13 01:45:00.986,0.9553,0.95544,1.00,2.02
2015.04.13 01:45:01.036,0.9553,0.95544,1.37,1.20
2015.04.13 01:45:01.340,0.95532,0.95545,1.12,1.15
2015.04.13 01:45:01.802,0.95531,0.95545,1.87,1.15
2015.04.13 01:45:03.151,0.95528,0.95544,3.15,1.20
2015.04.13 01:45:04.051,0.9553,0.95544,1.00,1.20
2015.04.13 01:45:04.595,0.9553,0.95544,1.12,1.20
2015.04.13 01:45:08.187,0.95532,0.95544,1.00,1.20
2015.04.13 01:45:11.152,0.9553,0.95544,1.87,1.20
2015.04.13 01:45:12.874,0.9553,0.95544,1.12,1.17
2015.04.13 01:45:13.026,0.95528,0.95544,2.62,4.72
2015.04.13 01:45:13.485,0.95526,0.95542,2.81,2.77
2015.04.13 01:45:13.536,0.95526,0.95539,1.12,1.07
2015.04.13 01:45:13.839,0.95524,0.95537,1.75,3.22
2015.04.13 01:45:14.143,0.95522,0.95535,1.12,1.15
2015.04.13 01:45:14.684,0.95522,0.95535,1.10,1.15
2015.04.13 01:45:30.550,0.95522,0.95536,1.12,1.52
2015.04.13 01:45:31.721,0.95522,0.95535,1.00,1.27
2015.04.13 01:45:40.360,0.95524,0.95535,1.00,1.15
2015.04.13 01:45:40.462,0.95526,0.95536,1.12,1.00
2015.04.13 01:45:40.993,0.95526,0.95538,1.87,1.17
2015.04.13 01:45:41.195,0.95526,0.9554,1.95,1.10
2015.04.13 01:45:41.347,0.95526,0.95538,1.95,1.00
2015.04.13 01:45:42.787,0.95526,0.95536,1.00,1.00
2015.04.13 01:45:43.317,0.95525,0.9554,1.10,1.52
2015.04.13 01:45:43.620,0.95522,0.95537,2.40,2.02
2015.04.13 01:45:44.711,0.95522,0.95537,2.40,1.27
2015.04.13 01:45:45.216,0.95522,0.95538,2.10,2.77
2015.04.13 01:45:45.721,0.95522,0.95538,1.72,2.77
2015.04.13 01:45:48.590,0.95522,0.95538,1.20,3.52
2015.04.13 01:45:48.893,0.95519,0.95533,1.10,1.47
2015.04.13 01:45:49.397,0.95518,0.95533,1.57,1.47
2015.04.13 01:45:51.166,0.95518,0.95533,2.70,1.47
2015.04.13 01:45:54.471,0.9552,0.95533,1.00,1.47
2015.04.13 01:45:55.508,0.95518,0.95532,3.07,1.12
2015.04.13 01:45:59.382,0.95518,0.95534,3.07,2.02
2015.04.13 01:46:01.174,0.95519,0.95534,1.57,1.55
2015.04.13 01:46:01.705,0.95519,0.95535,2.25,1.65
2015.04.13 01:46:01.958,0.95517,0.95531,1.17,1.50
2015.04.13 01:46:02.300,0.95514,0.95527,1.20,1.00
2015.04.13 01:46:02.658,0.95516,0.95527,1.00,1.00
2015.04.13 01:46:03.313,0.95515,0.95527,1.00,1.00
2015.04.13 01:46:03.364,0.95515,0.95529,1.00,1.50
2015.04.13 01:46:04.514,0.95517,0.95529,1.00,1.87
2015.04.13 01:46:08.560,0.95517,0.95528,1.00,1.00
2015.04.13 01:46:08.863,0.95517,0.95533,2.25,1.84
2015.04.13 01:46:08.914,0.95522,0.95533,1.00,1.09
2015.04.13 01:46:08.965,0.95522,0.95535,1.00,1.65
2015.04.13 01:46:10.340,0.95522,0.95532,1.00,1.00
2015.04.13 01:46:10.846,0.95522,0.95533,1.00,1.10
2015.04.13 01:46:11.366,0.95522,0.95538,1.00,3.15
2015.04.13 01:46:11.908,0.95522,0.95537,1.00,1.20
2015.04.13 01:46:12.161,0.95522,0.95533,1.00,1.00
2015.04.13 01:46:13.705,0.95522,0.95536,1.50,1.00
2015.04.13 01:46:14.375,0.95522,0.95537,1.87,1.65
2015.04.13 01:46:20.410,0.95522,0.95535,1.50,1.00
2015.04.13 01:46:22.411,0.95522,0.95534,1.00,1.00
2015.04.13 01:46:22.752,0.95522,0.95532,1.00,1.00
2015.04.13 01:46:30.279,0.95522,0.95533,1.00,1.00
2015.04.13 01:46:44.184,0.9552,0.95533,1.00,1.65
2015.04.13 01:46:44.285,0.9552,0.95531,1.00,1.00
2015.04.13 01:46:49.010,0.9552,0.95532,1.00,1.00
2015.04.13 01:46:50.504,0.9552,0.95532,1.00,1.07
2015.04.13 01:46:51.299,0.9552,0.95532,1.00,1.65
2015.04.13 01:46:57.743,0.9552,0.95528,1.00,1.00
2015.04.13 01:46:57.845,0.9552,0.95531,1.00,1.20
2015.04.13 01:46:58.367,0.9552,0.95531,1.00,1.20
2015.04.13 01:46:58.722,0.9552,0.95528,1.00,1.10
2015.04.13 01:46:58.824,0.95515,0.95528,1.00,1.20
2015.04.13 01:46:58.875,0.95515,0.95527,1.00,1.57
2015.04.13 01:46:59.383,0.95512,0.95525,1.10,1.17
2015.04.13 01:47:02.308,0.95512,0.95523,1.10,1.00
2015.04.13 01:47:02.981,0.95518,0.95523,1.00,1.00
2015.04.13 01:47:03.082,0.95517,0.95533,1.00,3.15
2015.04.13 01:47:03.234,0.95519,0.95533,1.00,1.52
2015.04.13 01:47:03.747,0.95519,0.9553,1.00,1.00
2015.04.13 01:47:05.332,0.95517,0.9553,1.10,1.00
2015.04.13 01:47:05.383,0.95517,0.95527,1.10,1.00
2015.04.13 01:47:08.317,0.95517,0.95528,1.00,1.50
2015.04.13 01:47:11.029,0.95517,0.95528,1.00,1.17
2015.04.13 01:47:19.394,0.95513,0.95527,1.00,3.52
2015.04.13 01:47:19.445,0.95513,0.95525,1.00,1.17
2015.04.13 01:47:19.496,0.95509,0.95523,2.32,1.10
2015.04.13 01:47:19.597,0.95509,0.95523,1.10,1.57
2015.04.13 01:47:20.113,0.95509,0.95522,1.10,1.00
2015.04.13 01:47:20.418,0.95509,0.9552,1.00,1.10
2015.04.13 01:47:20.519,0.95507,0.9552,1.00,1.10
2015.04.13 01:47:20.772,0.95507,0.95521,1.75,1.17
2015.04.13 01:47:20.876,0.95507,0.95521,1.12,1.17
2015.04.13 01:47:20.927,0.9551,0.95521,1.00,1.17
2015.04.13 01:47:22.924,0.95506,0.95521,1.57,1.17
2015.04.13 01:47:24.703,0.95506,0.95519,1.00,1.00
2015.04.13 01:47:25.205,0.95506,0.95518,1.00,1.00
2015.04.13 01:47:25.618,0.95506,0.95515,1.00,1.00
2015.04.13 01:47:25.668,0.95503,0.95515,1.12,1.00
2015.04.13 01:47:25.870,0.95502,0.95516,1.00,1.10
2015.04.13 01:47:25.921,0.95502,0.95514,1.00,1.00
2015.04.13 01:47:26.224,0.95501,0.95512,1.00,1.00
2015.04.13 01:47:26.476,0.95498,0.95513,1.57,1.17
2015.04.13 01:47:29.972,0.95498,0.95514,2.62,1.15
2015.04.13 01:47:30.477,0.95498,0.95514,3.07,1.15
2015.04.13 01:47:30.579,0.95502,0.95518,1.87,1.25
2015.04.13 01:47:30.630,0.95503,0.95518,1.07,1.17
2015.04.13 01:47:30.682,0.95504,0.95518,1.10,1.10
2015.04.13 01:47:33.392,0.95507,0.9552,1.00,1.57
2015.04.13 01:47:34.938,0.95507,0.9552,1.00,1.20
2015.04.13 01:47:38.244,0.95507,0.95518,1.00,1.00
2015.04.13 01:47:38.577,0.95507,0.9552,1.00,1.20
2015.04.13 01:47:38.880,0.95508,0.95522,1.00,2.21
2015.04.13 01:47:39.285,0.95508,0.95521,1.00,1.65
2015.04.13 01:47:40.871,0.95512,0.95525,1.00,1.27
2015.04.13 01:47:41.375,0.95512,0.95525,1.00,1.52
2015.04.13 01:47:41.730,0.95514,0.95524,1.00,1.65
2015.04.13 01:47:42.256,0.95513,0.95523,1.00,1.57
2015.04.13 01:47:42.708,0.95513,0.95523,1.00,1.20
2015.04.13 01:47:48.002,0.95515,0.95525,1.00,1.65
2015.04.13 01:47:49.500,0.95515,0.95523,1.00,1.47
2015.04.13 01:47:49.601,0.95512,0.95523,1.00,1.47
2015.04.13 01:47:50.513,0.95512,0.95523,1.00,1.47
2015.04.13 01:47:51.133,0.95512,0.95524,1.00,1.55
2015.04.13 01:47:51.673,0.95512,0.95523,1.00,1.47
2015.04.13 01:47:52.021,0.95512,0.95525,1.00,1.62
2015.04.13 01:47:52.425,0.95514,0.95527,1.00,4.72
2015.04.13 01:47:52.727,0.95516,0.95527,1.00,1.85
2015.04.13 01:47:54.175,0.95516,0.95528,1.00,2.40
2015.04.13 01:47:55.038,0.95516,0.95528,1.00,2.40
2015.04.13 01:47:55.139,0.95516,0.95527,1.00,1.20
2015.04.13 01:47:55.544,0.95516,0.95522,1.00,1.00
2015.04.13 01:47:55.596,0.95508,0.95522,1.00,1.00
2015.04.13 01:47:55.647,0.95508,0.95518,1.00,1.00
2015.04.13 01:47:55.748,0.95507,0.95522,1.20,1.00
2015.04.13 01:47:55.849,0.95507,0.95518,1.20,1.00
2015.04.13 01:47:56.171,0.95505,0.95521,2.40,1.50
2015.04.13 01:48:01.995,0.95506,0.9552,1.15,1.00
2015.04.13 01:48:07.648,0.95505,0.95519,1.15,1.00
2015.04.13 01:48:07.749,0.95505,0.95517,1.00,1.00
2015.04.13 01:48:09.813,0.95505,0.95518,1.00,1.50
2015.04.13 01:48:10.016,0.95503,0.95518,1.10,1.50
2015.04.13 01:48:10.067,0.95503,0.95518,1.10,1.87
2015.04.13 01:48:10.169,0.95503,0.95518,1.10,1.87
2015.04.13 01:48:10.321,0.95505,0.95518,1.00,1.87
2015.04.13 01:48:10.624,0.95508,0.95521,1.00,2.02
2015.04.13 01:48:12.378,0.95508,0.95518,1.00,1.37
2015.04.13 01:48:12.430,0.95506,0.95518,1.00,1.37
2015.04.13 01:48:14.351,0.95506,0.95517,1.00,1.37
2015.04.13 01:48:16.779,0.95506,0.95518,1.00,1.37
2015.04.13 01:48:17.234,0.95506,0.95517,1.00,1.95
2015.04.13 01:48:30.009,0.95505,0.95517,1.50,1.27
2015.04.13 01:48:37.886,0.95505,0.95516,1.00,1.12
2015.04.13 01:48:38.247,0.95505,0.95516,1.00,1.37
2015.04.13 01:48:38.600,0.95505,0.95516,1.00,1.12
2015.04.13 01:48:38.810,0.95505,0.95516,1.00,1.37
2015.04.13 01:48:39.314,0.95505,0.95516,1.00,1.37
2015.04.13 01:48:40.026,0.95505,0.95516,1.00,1.12
2015.04.13 01:48:40.571,0.95505,0.95516,1.00,1.37
2015.04.13 01:48:42.008,0.95505,0.95516,1.00,1.12
2015.04.13 01:48:42.412,0.95505,0.95516,1.00,1.37
2015.04.13 01:48:42.948,0.95505,0.95516,1.00,1.12
2015.04.13 01:48:43.049,0.95505,0.95516,1.00,1.37
2015.04.13 01:48:43.252,0.95505,0.95516,1.00,1.12
2015.04.13 01:48:43.788,0.95505,0.95516,1.00,1.37
2015.04.13 01:48:47.752,0.95505,0.95518,1.00,1.87
2015.04.13 01:48:48.259,0.95505,0.9552,1.12,1.55
2015.04.13 01:48:48.765,0.95506,0.9552,1.00,1.27
2015.04.13 01:48:49.272,0.95505,0.95519,1.57,1.20
2015.04.13 01:48:50.850,0.95505,0.95519,1.00,1.47
2015.04.13 01:48:51.053,0.95505,0.95519,1.00,1.47
2015.04.13 01:48:52.345,0.95505,0.95518,1.00,1.37
2015.04.13 01:48:56.550,0.95505,0.95518,1.00,1.87
2015.04.13 01:48:59.459,0.95505,0.95518,1.00,1.37
2015.04.13 01:48:59.878,0.95505,0.95518,1.00,1.50
2015.04.13 01:49:00.082,0.95503,0.95517,1.65,1.37
2015.04.13 01:49:00.588,0.95505,0.95517,1.00,1.37
2015.04.13 01:49:01.093,0.95505,0.95517,1.00,1.12
2015.04.13 01:49:01.395,0.95512,0.95518,1.00,1.00
2015.04.13 01:49:01.648,0.95512,0.95523,1.00,1.10
2015.04.13 01:49:04.247,0.95512,0.95527,1.50,1.55
2015.04.13 01:49:05.458,0.95514,0.95527,1.00,1.55
2015.04.13 01:49:10.851,0.95514,0.95528,1.00,1.52
2015.04.13 01:49:12.628,0.95514,0.95528,1.00,1.52
2015.04.13 01:49:15.161,0.95514,0.95528,1.00,1.52
2015.04.13 01:49:16.876,0.95514,0.95526,1.00,1.47
2015.04.13 01:49:17.129,0.95512,0.95523,2.25,1.00
2015.04.13 01:49:17.482,0.95512,0.95528,1.50,2.85
2015.04.13 01:49:19.781,0.95513,0.95528,1.00,2.02
2015.04.13 01:49:20.290,0.95514,0.95528,1.00,1.52
2015.04.13 01:49:28.770,0.95514,0.95528,1.07,1.20
2015.04.13 01:49:28.821,0.95514,0.95528,1.65,1.12
2015.04.13 01:49:29.697,0.95514,0.9553,2.77,1.10
2015.04.13 01:49:30.000,0.95519,0.95533,1.00,1.52
2015.04.13 01:49:30.551,0.9552,0.95533,1.00,1.12
2015.04.13 01:49:30.789,0.95524,0.95533,1.10,1.00
2015.04.13 01:49:30.890,0.95524,0.95538,1.10,2.25
2015.04.13 01:49:30.991,0.95524,0.95538,1.10,1.50
2015.04.13 01:49:31.294,0.95526,0.9554,1.00,1.17
2015.04.13 01:49:31.597,0.95528,0.95542,1.50,1.00
2015.04.13 01:49:32.103,0.95528,0.95543,2.25,1.20
2015.04.13 01:49:32.204,0.9553,0.95543,1.00,1.20
2015.04.13 01:49:33.029,0.9553,0.95543,1.00,1.57
2015.04.13 01:49:33.283,0.95528,0.95543,2.25,1.20
2015.04.13 01:49:33.535,0.95528,0.95543,1.00,1.57
2015.04.13 01:49:34.215,0.95528,0.95543,1.00,1.57
2015.04.13 01:49:34.937,0.95528,0.95544,1.00,1.52
2015.04.13 01:49:35.442,0.95528,0.95544,1.00,1.52
2015.04.13 01:49:36.705,0.95528,0.95544,1.50,1.52
2015.04.13 01:49:37.342,0.95528,0.95542,1.50,1.37
2015.04.13 01:49:38.721,0.95523,0.95537,1.36,1.00
2015.04.13 01:49:39.267,0.95523,0.95537,1.17,1.00
2015.04.13 01:49:39.570,0.95523,0.95537,1.17,1.37
2015.04.13 01:49:39.823,0.95523,0.95538,1.55,1.37
2015.04.13 01:49:42.898,0.95526,0.95538,1.00,1.37
2015.04.13 01:49:43.000,0.95526,0.95539,1.12,1.20
2015.04.13 01:49:43.505,0.95523,0.9554,2.02,1.27
2015.04.13 01:49:44.014,0.95523,0.95538,1.17,1.00
2015.04.13 01:49:44.664,0.95523,0.95538,1.55,1.37
2015.04.13 01:49:46.940,0.95521,0.95537,1.00,1.15
2015.04.13 01:49:51.418,0.95519,0.95536,2.77,1.72
2015.04.13 01:49:51.469,0.95519,0.95533,2.77,1.50
2015.04.13 01:49:53.819,0.95519,0.95532,1.65,1.00
2015.04.13 01:49:54.432,0.95519,0.95533,1.65,1.50
2015.04.13 01:49:55.023,0.95519,0.95532,1.65,1.00
2015.04.13 01:49:55.563,0.95519,0.95533,1.65,1.50
2015.04.13 01:49:55.868,0.95513,0.95528,1.25,1.57
2015.04.13 01:49:56.121,0.95511,0.95525,2.40,1.00
2015.04.13 01:49:56.627,0.95509,0.95524,1.57,1.10
2015.04.13 01:49:56.728,0.95509,0.95524,1.20,1.10
2015.04.13 01:49:57.354,0.95509,0.95522,1.10,1.00
2015.04.13 01:50:08.235,0.95507,0.95521,1.27,1.00
2015.04.13 01:50:13.137,0.95507,0.95522,1.27,1.00
2015.04.13 01:50:13.700,0.95507,0.95521,1.27,1.00
2015.04.13 01:50:15.249,0.95507,0.95522,1.27,1.00
2015.04.13 01:50:15.757,0.95508,0.95523,1.27,1.50
2015.04.13 01:50:16.312,0.95508,0.95524,2.02,1.50
2015.04.13 01:50:17.754,0.95512,0.95527,1.12,1.65
2015.04.13 01:50:20.041,0.95511,0.95527,1.12,1.65
2015.04.13 01:50:20.357,0.9551,0.95527,1.87,1.15
2015.04.13 01:50:20.509,0.9551,0.95527,1.87,1.15
2015.04.13 01:50:21.020,0.9551,0.95527,1.12,1.65
2015.04.13 01:50:23.110,0.9551,0.95527,1.87,1.15
2015.04.13 01:50:29.777,0.9551,0.95526,1.00,1.65
2015.04.13 01:50:36.487,0.9551,0.95526,1.00,2.40
2015.04.13 01:50:44.890,0.9551,0.95523,1.37,1.10
2015.04.13 01:50:45.411,0.9551,0.95523,1.00,1.10
2015.04.13 01:50:46.687,0.95509,0.95523,1.50,1.10
2015.04.13 01:50:57.069,0.95509,0.95523,1.50,1.65
2015.04.13 01:51:13.072,0.95507,0.95522,1.10,1.17
2015.04.13 01:51:17.634,0.95505,0.9552,1.10,1.65
2015.04.13 01:51:23.070,0.95504,0.9552,1.57,1.65
2015.04.13 01:51:23.578,0.95504,0.95518,1.10,1.00
2015.04.13 01:51:24.037,0.95503,0.95518,1.17,1.87
2015.04.13 01:51:24.190,0.955,0.95514,1.00,1.57
2015.04.13 01:51:24.292,0.95498,0.95514,1.95,1.57
2015.04.13 01:51:27.472,0.955,0.95514,1.00,1.10
2015.04.13 01:51:28.981,0.955,0.95516,1.95,1.65
2015.04.13 01:51:29.133,0.95506,0.95522,1.50,2.40
2015.04.13 01:51:29.638,0.95505,0.9552,1.10,1.50
2015.04.13 01:51:30.759,0.95504,0.9552,1.00,4.35
2015.04.13 01:51:31.303,0.95503,0.95518,1.10,1.55
2015.04.13 01:51:44.119,0.95502,0.95518,1.07,2.02
2015.04.13 01:51:45.573,0.95504,0.95518,1.00,1.55
2015.04.13 01:51:46.029,0.95501,0.95516,1.45,1.55
2015.04.13 01:51:46.181,0.955,0.95515,1.10,1.52
2015.04.13 01:51:46.703,0.95498,0.95513,1.87,1.47
2015.04.13 01:51:47.276,0.95498,0.95513,1.50,1.47
2015.04.13 01:51:48.374,0.95498,0.95513,1.87,1.10
2015.04.13 01:51:53.137,0.95501,0.95514,1.37,1.17
2015.04.13 01:51:53.239,0.95505,0.95518,1.00,1.65
2015.04.13 01:51:53.340,0.95505,0.95518,1.95,1.00
2015.04.13 01:51:53.684,0.95507,0.95518,1.50,1.00
2015.04.13 01:51:55.712,0.95505,0.95518,1.10,1.00
2015.04.13 01:51:55.968,0.95506,0.9552,1.00,1.20
2015.04.13 01:51:56.966,0.95506,0.95518,1.00,1.50
2015.04.13 01:51:57.508,0.95502,0.95518,2.77,2.25
2015.04.13 01:51:58.133,0.95502,0.95518,2.77,2.62
2015.04.13 01:51:59.239,0.95502,0.95518,3.15,2.62
2015.04.13 01:51:59.746,0.95502,0.95516,1.27,1.00
2015.04.13 01:52:01.629,0.95503,0.95518,1.27,1.12
2015.04.13 01:52:06.175,0.95503,0.95518,1.27,1.37
2015.04.13 01:52:06.694,0.95502,0.95516,1.87,1.27
2015.04.13 01:52:06.976,0.95502,0.95516,1.10,1.57
2015.04.13 01:52:08.065,0.95502,0.95516,1.50,1.57
2015.04.13 01:52:08.655,0.95502,0.95516,1.50,1.20
2015.04.13 01:52:08.959,0.95502,0.95513,1.12,1.00
2015.04.13 01:52:22.326,0.95502,0.95515,1.12,1.00
2015.04.13 01:52:23.063,0.95502,0.95516,1.87,1.65
2015.04.13 01:52:25.346,0.95502,0.95515,1.12,1.00
2015.04.13 01:52:25.851,0.95504,0.95517,1.00,1.15
2015.04.13 01:52:26.357,0.95504,0.95517,1.12,1.15
2015.04.13 01:52:27.514,0.95504,0.95517,1.12,1.10
2015.04.13 01:52:28.165,0.95504,0.95517,1.50,1.10
2015.04.13 01:52:29.878,0.95504,0.95517,1.50,1.10
2015.04.13 01:52:32.760,0.95504,0.95518,1.10,1.17
2015.04.13 01:52:34.067,0.95503,0.95518,1.00,1.17
2015.04.13 01:52:36.735,0.95504,0.95518,1.00,1.17
2015.04.13 01:52:37.248,0.95503,0.95518,1.50,1.65
2015.04.13 01:52:38.402,0.95503,0.95518,1.87,1.17
2015.04.13 01:52:45.870,0.95504,0.95517,2.25,1.10
2015.04.13 01:52:46.375,0.95506,0.95517,1.00,1.10
2015.04.13 01:52:49.540,0.95511,0.95523,1.00,1.20
2015.04.13 01:52:50.044,0.95511,0.95523,1.87,1.20
2015.04.13 01:52:50.639,0.95511,0.95523,1.10,1.20
2015.04.13 01:52:54.078,0.95512,0.95523,1.00,1.20
2015.04.13 01:52:54.602,0.95511,0.95523,1.87,1.20
2015.04.13 01:52:55.149,0.95512,0.95523,1.00,1.20
2015.04.13 01:52:56.753,0.95511,0.95523,1.87,1.20
2015.04.13 01:52:58.329,0.95511,0.95523,1.37,1.20
2015.04.13 01:52:59.731,0.95511,0.95523,1.50,1.20
2015.04.13 01:53:02.810,0.95512,0.95523,1.00,1.20
2015.04.13 01:53:07.077,0.95511,0.95523,1.00,1.20
2015.04.13 01:53:07.588,0.95508,0.95522,1.30,1.00
2015.04.13 01:53:08.503,0.95508,0.95522,1.20,1.37
2015.04.13 01:53:09.435,0.95508,0.95523,1.00,2.77
2015.04.13 01:53:14.287,0.95509,0.95523,1.00,2.77
2015.04.13 01:53:19.817,0.95508,0.95523,1.57,2.02
2015.04.13 01:53:21.574,0.95509,0.95522,1.00,1.27
2015.04.13 01:53:22.194,0.9551,0.95522,1.00,1.17
2015.04.13 01:53:29.452,0.9551,0.95522,1.20,1.00
2015.04.13 01:53:34.516,0.95511,0.95522,1.00,1.00
2015.04.13 01:53:36.190,0.95511,0.95522,2.62,1.00
2015.04.13 01:53:36.723,0.95513,0.95522,1.65,1.00
2015.04.13 01:53:37.550,0.95513,0.95527,1.65,1.12
2015.04.13 01:53:38.080,0.95513,0.95527,1.65,1.37
2015.04.13 01:53:38.597,0.95513,0.95527,1.65,1.12
2015.04.13 01:53:41.480,0.95514,0.95528,1.00,1.87
2015.04.13 01:53:47.163,0.95514,0.95528,1.00,1.87
2015.04.13 01:53:47.685,0.95514,0.95528,1.00,1.87
2015.04.13 01:53:48.239,0.95514,0.95528,1.00,1.87
2015.04.13 01:53:50.021,0.95514,0.95528,1.00,2.25
2015.04.13 01:53:50.123,0.95511,0.95525,1.20,1.45
2015.04.13 01:53:50.274,0.9551,0.95523,1.10,1.37
2015.04.13 01:53:50.779,0.95509,0.95525,1.00,1.55
2015.04.13 01:53:53.577,0.95509,0.95525,1.57,1.55
2015.04.13 01:53:56.633,0.95509,0.95525,1.87,1.55
2015.04.13 01:53:58.726,0.95509,0.95525,1.87,1.55
2015.04.13 01:53:59.837,0.95509,0.95525,2.62,2.02
2015.04.13 01:54:00.191,0.95509,0.95523,1.10,1.37
2015.04.13 01:54:00.734,0.95509,0.95523,1.10,1.37
2015.04.13 01:54:00.937,0.95509,0.95523,1.10,1.12
2015.04.13 01:54:03.440,0.95509,0.95523,1.10,1.37
2015.04.13 01:54:03.995,0.95509,0.95523,1.10,1.87
2015.04.13 01:54:04.580,0.9551,0.95523,1.00,1.87
2015.04.13 01:54:05.085,0.95509,0.95523,1.20,1.87
2015.04.13 01:54:08.598,0.95509,0.95523,1.20,1.50
2015.04.13 01:54:11.651,0.9551,0.95523,1.00,1.50
2015.04.13 01:54:12.255,0.95509,0.95523,1.27,1.00
2015.04.13 01:54:14.025,0.95509,0.95522,1.20,1.00
2015.04.13 01:54:28.792,0.9551,0.95522,1.00,1.00
2015.04.13 01:54:29.567,0.9551,0.95523,2.25,1.00
2015.04.13 01:54:29.668,0.9551,0.95518,1.50,1.00
2015.04.13 01:54:30.472,0.95509,0.95518,1.10,1.00
2015.04.13 01:54:33.935,0.95509,0.95523,1.10,2.25
2015.04.13 01:54:34.454,0.95509,0.95522,1.10,1.00
2015.04.13 01:54:35.374,0.95509,0.95523,1.10,2.25
2015.04.13 01:54:35.892,0.95509,0.95522,1.10,1.00
2015.04.13 01:54:36.430,0.95509,0.95523,1.10,2.25
2015.04.13 01:54:37.737,0.95515,0.95528,1.00,3.75
2015.04.13 01:54:38.273,0.95516,0.95528,1.00,3.75
2015.04.13 01:54:42.415,0.95516,0.9553,1.00,1.65
2015.04.13 01:54:45.119,0.95518,0.9553,1.00,1.17
2015.04.13 01:54:46.949,0.95516,0.9553,1.00,1.17
2015.04.13 01:54:53.870,0.95516,0.9553,1.00,2.02
2015.04.13 01:54:56.523,0.95516,0.9553,1.50,2.02
2015.04.13 01:54:56.675,0.95514,0.95528,1.50,1.87
2015.04.13 01:54:56.877,0.95514,0.95528,1.50,1.87
2015.04.13 01:54:57.519,0.95514,0.95528,1.50,1.87
2015.04.13 01:55:02.839,0.95515,0.95527,1.00,1.00
2015.04.13 01:55:03.813,0.95515,0.95528,1.00,1.00
2015.04.13 01:55:10.839,0.95513,0.95523,1.10,1.00
2015.04.13 01:55:10.890,0.95511,0.95523,1.50,1.00
2015.04.13 01:55:10.941,0.95511,0.95527,1.50,2.02
2015.04.13 01:55:11.042,0.95509,0.95523,2.02,1.00
2015.04.13 01:55:11.548,0.95511,0.95523,1.50,1.00
2015.04.13 01:55:11.598,0.95511,0.95528,1.50,2.02
2015.04.13 01:55:12.496,0.95513,0.95528,1.50,1.15
2015.04.13 01:55:13.314,0.95513,0.95523,1.50,1.00
2015.04.13 01:55:13.466,0.95513,0.95528,1.50,1.15
2015.04.13 01:55:21.707,0.95514,0.95528,1.00,1.15
2015.04.13 01:55:31.328,0.95514,0.95528,1.00,1.17
2015.04.13 01:55:31.429,0.95514,0.95528,1.00,1.10
2015.04.13 01:55:35.963,0.95513,0.95528,1.57,1.57
2015.04.13 01:55:36.216,0.95512,0.95523,1.27,1.00
2015.04.13 01:55:36.368,0.9551,0.95523,1.00,1.00
2015.04.13 01:55:36.734,0.9551,0.95527,1.00,2.40
2015.04.13 01:55:39.274,0.95511,0.95528,1.00,1.27
2015.04.13 01:55:39.801,0.95512,0.95529,1.00,3.97
2015.04.13 01:55:40.205,0.9551,0.95528,1.50,1.72
2015.04.13 01:55:44.231,0.95508,0.95526,1.65,2.02
2015.04.13 01:55:47.480,0.95509,0.95526,1.10,1.65
2015.04.13 01:55:47.818,0.95507,0.95524,1.00,2.77
2015.04.13 01:55:48.324,0.95506,0.95524,1.57,2.77
2015.04.13 01:55:49.026,0.95509,0.95524,1.00,1.52
2015.04.13 01:55:54.914,0.95511,0.95525,1.00,2.85
2015.04.13 01:55:55.116,0.95511,0.95526,1.00,1.15
2015.04.13 01:55:56.098,0.95511,0.95524,1.00,1.00
2015.04.13 01:55:56.624,0.95511,0.95525,1.50,1.20
2015.04.13 01:56:02.266,0.95509,0.95525,1.65,2.02
2015.04.13 01:56:04.961,0.95509,0.95523,1.00,1.17
2015.04.13 01:56:10.544,0.95508,0.95522,1.00,1.10
2015.04.13 01:56:14.798,0.95508,0.95522,2.62,1.10
2015.04.13 01:56:15.304,0.9551,0.95526,1.87,4.05
2015.04.13 01:56:16.136,0.9551,0.95526,1.20,1.27
2015.04.13 01:56:23.286,0.95512,0.95527,1.00,1.15
2015.04.13 01:56:27.974,0.95513,0.95529,3.07,1.45
2015.04.13 01:56:28.298,0.95517,0.95529,1.00,1.00
2015.04.13 01:56:28.348,0.95515,0.95529,1.50,1.00
2015.04.13 01:56:29.203,0.95516,0.95529,1.00,1.12
2015.04.13 01:56:29.714,0.95517,0.95532,1.00,1.52
2015.04.13 01:56:39.617,0.95516,0.95532,1.50,1.15
2015.04.13 01:57:01.916,0.95514,0.95529,1.00,1.15
2015.04.13 01:57:02.496,0.95512,0.95527,1.65,1.20
2015.04.13 01:57:02.900,0.9551,0.95525,1.07,1.07
2015.04.13 01:57:02.953,0.9551,0.95525,1.00,1.15
2015.04.13 01:57:05.324,0.95508,0.95522,1.57,1.00
2015.04.13 01:57:05.972,0.95509,0.95522,1.00,1.00
2015.04.13 01:57:06.610,0.95508,0.95522,1.57,1.00
2015.04.13 01:57:09.240,0.95509,0.95522,1.00,1.12
2015.04.13 01:57:11.735,0.95508,0.95522,1.57,1.12
2015.04.13 01:57:20.072,0.95508,0.95522,1.57,1.37
2015.04.13 01:57:38.886,0.95508,0.95522,1.00,1.20
2015.04.13 01:57:47.237,0.95508,0.95522,1.20,1.37
2015.04.13 01:57:56.609,0.95506,0.9552,1.87,1.27
2015.04.13 01:58:02.139,0.95506,0.9552,1.65,1.12
2015.04.13 01:58:08.937,0.95507,0.95523,2.32,2.02
2015.04.13 01:58:09.466,0.95509,0.95523,1.00,1.27
2015.04.13 01:58:09.921,0.9551,0.95523,1.10,1.95
2015.04.13 01:58:19.441,0.95509,0.95522,1.15,1.00
2015.04.13 01:58:19.970,0.95509,0.95523,1.15,1.37
2015.04.13 01:58:20.540,0.95509,0.95523,1.15,1.37
2015.04.13 01:58:27.170,0.95509,0.95525,1.15,1.87
2015.04.13 01:58:29.285,0.95509,0.95523,1.15,1.37
2015.04.13 01:58:30.452,0.95509,0.95523,1.00,1.57
2015.04.13 01:58:38.423,0.95509,0.95522,1.00,1.37
2015.04.13 01:58:39.078,0.95509,0.95522,1.00,1.12
2015.04.13 01:58:39.618,0.95509,0.95522,1.00,1.37
2015.04.13 01:58:41.632,0.95509,0.95523,1.00,1.57
2015.04.13 01:58:45.910,0.95509,0.95525,1.00,2.40
2015.04.13 01:58:46.011,0.95509,0.95525,1.50,2.40
2015.04.13 01:58:46.946,0.95509,0.95525,1.50,2.40
2015.04.13 01:58:47.212,0.95509,0.95525,1.50,2.02
2015.04.13 01:58:50.466,0.95509,0.95525,1.57,1.10
2015.04.13 01:58:54.890,0.95508,0.95523,1.00,2.40
2015.04.13 01:58:55.597,0.95508,0.95524,1.65,1.00
2015.04.13 01:58:56.101,0.95508,0.95524,2.40,1.00
2015.04.13 01:58:56.606,0.9551,0.95524,1.57,1.00
2015.04.13 01:58:58.676,0.95512,0.95526,1.27,1.00
2015.04.13 01:59:08.637,0.9551,0.95523,2.40,1.00
2015.04.13 01:59:08.740,0.9551,0.95526,1.65,1.00
2015.04.13 01:59:15.354,0.95513,0.95522,1.10,1.00
2015.04.13 01:59:15.456,0.95513,0.95528,1.95,1.50
2015.04.13 01:59:16.705,0.95514,0.95528,1.00,1.00
2015.04.13 01:59:18.424,0.95514,0.95528,1.07,1.00
2015.04.13 01:59:20.485,0.95514,0.9553,1.72,1.20
2015.04.13 01:59:21.019,0.95516,0.9553,1.00,1.20
2015.04.13 01:59:25.018,0.95514,0.95529,1.65,1.12
2015.04.13 01:59:25.069,0.95512,0.95527,1.17,1.47
2015.04.13 01:59:25.170,0.95512,0.95527,1.10,1.47
2015.04.13 01:59:26.030,0.95512,0.95527,1.57,1.20
2015.04.13 01:59:26.875,0.95515,0.95527,1.00,1.20
2015.04.13 01:59:28.988,0.95513,0.95527,1.87,1.10
2015.04.13 01:59:29.942,0.95513,0.95527,1.50,1.95
2015.04.13 01:59:30.749,0.95513,0.95526,1.50,1.37
2015.04.13 01:59:34.851,0.95513,0.95526,1.50,1.12
2015.04.13 01:59:38.208,0.95513,0.95527,1.50,1.95
2015.04.13 01:59:38.484,0.95512,0.95525,1.00,2.40
2015.04.13 01:59:38.585,0.9551,0.95524,1.01,1.65
2015.04.13 01:59:38.787,0.95509,0.9552,1.00,1.07
2015.04.13 01:59:39.040,0.95506,0.95517,1.12,1.00
2015.04.13 01:59:39.091,0.95506,0.95517,1.12,1.07
2015.04.13 01:59:39.193,0.95501,0.95515,1.10,1.07
2015.04.13 01:59:39.446,0.955,0.9551,1.00,1.00
2015.04.13 01:59:39.598,0.95495,0.95508,1.10,1.20
2015.04.13 01:59:39.699,0.95493,0.95506,3.75,1.07
2015.04.13 01:59:39.750,0.9549,0.95506,2.25,1.15
2015.04.13 01:59:39.852,0.95488,0.95504,2.62,3.22
2015.04.13 01:59:40.169,0.95491,0.95503,1.00,3.22
2015.04.13 01:59:40.219,0.95488,0.95503,1.50,2.47
2015.04.13 01:59:41.984,0.95487,0.95499,1.00,2.47
2015.04.13 01:59:42.187,0.95482,0.95496,1.50,1.27
2015.04.13 01:59:42.238,0.95482,0.95498,1.50,3.60
2015.04.13 01:59:42.750,0.95482,0.95498,2.62,2.85
2015.04.13 01:59:43.541,0.95485,0.95498,1.00,2.47
2015.04.13 01:59:43.995,0.95485,0.95498,1.50,2.85
2015.04.13 01:59:44.428,0.95485,0.95498,1.10,2.85
2015.04.13 01:59:45.207,0.95485,0.95498,1.50,2.47
2015.04.13 01:59:45.308,0.95485,0.95502,1.50,3.60
2015.04.13 01:59:45.662,0.95483,0.95501,1.50,1.52
2015.04.13 01:59:45.764,0.95483,0.95501,1.10,1.52
2015.04.13 01:59:46.148,0.95485,0.95502,1.00,3.60
2015.04.13 01:59:46.553,0.95484,0.955,1.00,1.52
2015.04.13 01:59:46.654,0.95484,0.955,1.12,1.15
2015.04.13 01:59:46.705,0.95484,0.95499,1.12,3.22
2015.04.13 01:59:47.210,0.95482,0.95496,1.75,1.15
2015.04.13 01:59:47.412,0.95482,0.95497,1.12,1.15
2015.04.13 01:59:47.513,0.95482,0.95497,1.75,1.15
2015.04.13 01:59:48.172,0.95482,0.95496,1.50,1.15
2015.04.13 01:59:48.699,0.95483,0.95498,1.50,3.22
2015.04.13 01:59:49.968,0.95482,0.95497,2.25,1.15
2015.04.13 01:59:50.372,0.9548,0.95495,2.00,1.17
2015.04.13 01:59:50.474,0.95478,0.95495,2.32,3.60
2015.04.13 01:59:50.625,0.95478,0.95494,1.75,3.60
2015.04.13 01:59:50.828,0.95478,0.95491,1.12,1.17
2015.04.13 01:59:51.182,0.95477,0.95494,2.25,2.47
2015.04.13 01:59:53.921,0.95477,0.9549,1.75,2.47
2015.04.13 01:59:54.022,0.95477,0.9549,1.12,2.47
2015.04.13 01:59:54.527,0.95477,0.9549,2.32,2.47
2015.04.13 01:59:54.679,0.95478,0.9549,1.50,2.40
2015.04.13 01:59:54.730,0.95482,0.95494,1.00,2.85
