2011.02.03 10:00:04.262,0.8271,0.82743,1.50,2.25
2011.02.03 10:00:05.266,0.8271,0.82743,1.50,2.25
2011.02.03 10:00:05.940,0.82709,0.82743,2.25,2.33
2011.02.03 10:00:06.276,0.82707,0.82743,2.25,2.33
2011.02.03 10:00:06.938,0.82707,0.82743,2.25,2.33
2011.02.03 10:00:08.180,0.82707,0.82741,2.25,1.50
2011.02.03 10:00:08.722,0.82699,0.82734,2.25,2.25
2011.02.03 10:00:09.926,0.82709,0.82734,4.50,2.25
2011.02.03 10:00:10.609,0.82709,0.82743,4.50,2.25
2011.02.03 10:00:11.560,0.82709,0.82743,4.50,2.25
2011.02.03 10:00:13.981,0.82711,0.82743,3.00,2.25
2011.02.03 10:00:15.605,0.82716,0.82743,3.00,2.25
2011.02.03 10:00:15.826,0.8272,0.82743,1.50,1.50
2011.02.03 10:00:16.046,0.82727,0.82754,2.25,2.25
2011.02.03 10:00:16.562,0.82726,0.82753,4.50,2.25
2011.02.03 10:00:16.679,0.82726,0.82753,4.50,2.25
2011.02.03 10:00:17.167,0.82726,0.82753,4.50,2.25
2011.02.03 10:00:18.249,0.82717,0.82751,2.25,3.38
2011.02.03 10:00:18.475,0.82717,0.82751,2.25,3.38
2011.02.03 10:00:19.221,0.82711,0.82744,5.33,4.50
2011.02.03 10:00:20.027,0.82711,0.82744,3.08,4.50
2011.02.03 10:00:20.306,0.82711,0.82744,3.08,4.50
2011.02.03 10:00:20.528,0.82722,0.82744,3.00,1.50
2011.02.03 10:00:21.059,0.82722,0.82753,3.00,3.08
2011.02.03 10:00:22.066,0.82722,0.82751,3.00,1.13
2011.02.03 10:00:22.176,0.82722,0.82751,3.00,1.13
2011.02.03 10:00:22.615,0.82712,0.82747,3.08,1.13
2011.02.03 10:00:23.118,0.82711,0.82744,3.08,4.50
2011.02.03 10:00:23.696,0.82716,0.82744,4.50,1.50
2011.02.03 10:00:23.915,0.82716,0.82744,4.50,2.25
2011.02.03 10:00:25.425,0.82716,0.82744,4.50,2.25
2011.02.03 10:00:26.596,0.82726,0.82747,2.25,2.25
2011.02.03 10:00:27.200,0.82726,0.82754,4.50,2.25
2011.02.03 10:00:27.317,0.82726,0.82754,4.50,2.25
2011.02.03 10:00:31.220,0.82726,0.82754,4.50,2.25
2011.02.03 10:00:31.557,0.82726,0.82754,4.50,2.25
2011.02.03 10:00:32.564,0.82726,0.82754,4.50,2.25
2011.02.03 10:00:33.434,0.82726,0.82754,4.50,2.25
2011.02.03 10:00:34.628,0.82726,0.82754,4.50,2.25
2011.02.03 10:00:35.117,0.82726,0.82754,4.50,2.25
2011.02.03 10:00:35.445,0.82726,0.82754,4.58,2.25
2011.02.03 10:00:37.656,0.82728,0.82754,1.13,2.25
2011.02.03 10:00:37.987,0.82736,0.82763,4.50,2.25
2011.02.03 10:00:38.393,0.82736,0.82764,4.50,2.25
2011.02.03 10:00:40.361,0.82727,0.82753,2.33,2.25
2011.02.03 10:00:44.478,0.82727,0.82753,2.33,2.25
2011.02.03 10:00:44.705,0.82727,0.82753,2.33,2.25
2011.02.03 10:00:54.197,0.82727,0.82753,2.33,2.25
2011.02.03 10:00:55.140,0.82729,0.82763,2.63,2.25
2011.02.03 10:00:55.735,0.82729,0.82763,2.63,2.25
2011.02.03 10:01:02.935,0.82727,0.8276,4.65,1.13
2011.02.03 10:01:10.317,0.82726,0.82754,4.50,2.25
2011.02.03 10:01:10.874,0.82726,0.82754,4.50,2.25
2011.02.03 10:01:11.085,0.82726,0.82754,4.50,2.25
2011.02.03 10:01:14.676,0.82726,0.82754,4.50,2.25
2011.02.03 10:01:15.565,0.82726,0.82754,4.50,2.25
2011.02.03 10:01:16.250,0.82726,0.82754,4.50,2.25
2011.02.03 10:01:17.307,0.82726,0.82754,3.75,2.25
2011.02.03 10:01:17.813,0.82719,0.82743,1.13,2.25
2011.02.03 10:01:18.147,0.82719,0.82743,1.13,2.25
2011.02.03 10:01:18.650,0.82719,0.82753,1.13,2.25
2011.02.03 10:01:18.779,0.82719,0.82753,1.13,2.25
2011.02.03 10:01:20.615,0.82719,0.82753,1.13,2.25
2011.02.03 10:01:20.946,0.82719,0.82753,1.13,2.25
2011.02.03 10:01:23.746,0.82719,0.82753,1.13,2.25
2011.02.03 10:01:25.311,0.82715,0.82743,4.50,2.25
2011.02.03 10:01:25.738,0.82715,0.82743,4.50,2.25
2011.02.03 10:01:26.772,0.82715,0.82743,4.58,2.25
2011.02.03 10:01:27.213,0.82715,0.82743,4.58,2.25
2011.02.03 10:01:30.728,0.82715,0.82743,4.58,2.25
2011.02.03 10:01:31.504,0.82715,0.82743,4.50,2.25
2011.02.03 10:01:32.054,0.82715,0.82743,4.50,2.25
2011.02.03 10:01:32.631,0.82715,0.82743,4.50,2.25
2011.02.03 10:01:35.395,0.82715,0.82743,3.75,2.25
2011.02.03 10:01:35.989,0.82706,0.82733,3.00,2.25
2011.02.03 10:01:36.545,0.82708,0.82733,3.00,2.25
2011.02.03 10:01:37.046,0.82708,0.82733,3.00,1.50
2011.02.03 10:01:37.595,0.82708,0.82743,3.08,2.33
2011.02.03 10:01:38.398,0.82708,0.82743,3.08,2.25
2011.02.03 10:01:39.631,0.82708,0.82743,3.08,2.25
2011.02.03 10:01:39.855,0.82708,0.82743,3.45,2.25
2011.02.03 10:01:40.527,0.82708,0.82743,2.70,2.25
2011.02.03 10:01:41.112,0.82708,0.82743,2.70,2.25
2011.02.03 10:01:43.129,0.82708,0.82743,2.70,2.25
2011.02.03 10:01:45.002,0.82716,0.82743,2.25,2.25
2011.02.03 10:01:45.617,0.82716,0.82744,2.25,2.33
2011.02.03 10:01:46.422,0.82708,0.82744,4.50,2.33
2011.02.03 10:01:47.321,0.82708,0.82744,4.50,2.25
2011.02.03 10:01:48.391,0.82708,0.82744,3.38,2.25
2011.02.03 10:01:49.203,0.82708,0.82744,3.38,2.25
2011.02.03 10:01:49.319,0.82708,0.82744,3.38,2.25
2011.02.03 10:01:50.251,0.82708,0.82744,3.38,2.25
2011.02.03 10:01:50.362,0.82716,0.82744,4.50,2.25
2011.02.03 10:01:50.698,0.82716,0.82744,2.25,2.25
2011.02.03 10:01:51.192,0.8271,0.82744,1.13,2.25
2011.02.03 10:01:52.136,0.8271,0.82744,1.13,2.25
2011.02.03 10:01:52.470,0.8271,0.82744,1.13,2.25
2011.02.03 10:01:53.967,0.8271,0.82737,1.13,3.00
2011.02.03 10:01:55.400,0.82708,0.82733,2.25,2.25
2011.02.03 10:01:56.901,0.82716,0.82744,4.50,2.25
2011.02.03 10:01:57.746,0.82716,0.82744,4.50,2.25
2011.02.03 10:02:02.686,0.82716,0.82744,4.50,2.25
2011.02.03 10:02:04.115,0.82716,0.82744,4.50,2.25
2011.02.03 10:02:04.495,0.82716,0.82744,4.50,2.25
2011.02.03 10:02:06.644,0.82712,0.82743,3.00,3.00
2011.02.03 10:02:07.540,0.82712,0.82742,3.00,1.13
2011.02.03 10:02:07.656,0.82709,0.8274,1.13,3.00
2011.02.03 10:02:07.875,0.82712,0.82743,3.00,3.08
2011.02.03 10:02:08.224,0.82712,0.82743,3.00,3.08
2011.02.03 10:02:08.335,0.82712,0.82743,3.00,3.08
2011.02.03 10:02:14.260,0.82712,0.82743,3.00,3.00
2011.02.03 10:02:15.259,0.82712,0.82743,3.00,3.08
2011.02.03 10:02:15.645,0.82712,0.82743,3.00,3.08
2011.02.03 10:02:16.332,0.82712,0.82742,3.00,1.13
2011.02.03 10:02:16.555,0.82706,0.82742,2.25,3.38
2011.02.03 10:02:18.443,0.82706,0.82742,2.25,3.45
2011.02.03 10:02:20.284,0.82709,0.82742,1.13,3.15
2011.02.03 10:02:20.766,0.82712,0.82743,3.00,3.15
2011.02.03 10:02:21.149,0.82712,0.82743,3.00,3.15
2011.02.03 10:02:21.485,0.82712,0.82743,3.00,3.00
2011.02.03 10:02:21.975,0.82712,0.82743,3.00,3.00
2011.02.03 10:02:26.223,0.82706,0.82742,2.33,3.38
2011.02.03 10:02:28.266,0.82714,0.82742,1.20,3.00
2011.02.03 10:02:28.866,0.82716,0.82753,2.33,3.38
2011.02.03 10:02:29.486,0.82716,0.82753,2.33,3.38
2011.02.03 10:02:30.144,0.82716,0.82747,2.25,1.13
2011.02.03 10:02:31.006,0.82709,0.82744,1.13,2.25
2011.02.03 10:02:31.644,0.82709,0.82744,1.13,2.25
2011.02.03 10:02:41.649,0.82715,0.82744,1.13,2.25
2011.02.03 10:02:42.226,0.82709,0.82744,3.38,2.25
2011.02.03 10:02:42.445,0.82709,0.82744,1.13,2.25
2011.02.03 10:02:43.916,0.82715,0.82744,1.13,2.25
2011.02.03 10:02:44.135,0.82717,0.82751,2.25,3.00
2011.02.03 10:02:44.745,0.82712,0.82743,3.15,2.25
2011.02.03 10:02:45.529,0.82715,0.82743,1.13,1.50
2011.02.03 10:02:46.321,0.82715,0.82743,1.13,2.25
2011.02.03 10:02:46.824,0.82715,0.82743,1.13,2.25
2011.02.03 10:02:48.574,0.82715,0.82743,3.45,1.50
2011.02.03 10:02:52.194,0.82715,0.82743,3.45,1.50
2011.02.03 10:02:52.707,0.82715,0.82743,3.45,1.50
2011.02.03 10:02:54.825,0.82722,0.82753,3.00,4.50
2011.02.03 10:02:59.635,0.82722,0.82753,3.00,4.88
2011.02.03 10:03:00.377,0.82715,0.82744,3.15,1.50
2011.02.03 10:03:01.803,0.82721,0.82754,3.00,4.50
2011.02.03 10:03:02.551,0.82721,0.82754,3.00,4.50
2011.02.03 10:03:03.362,0.82721,0.82752,3.00,1.13
2011.02.03 10:03:03.694,0.82716,0.82752,2.33,3.38
2011.02.03 10:03:04.277,0.82715,0.82744,1.20,1.50
2011.02.03 10:03:05.356,0.82719,0.82744,3.38,1.50
2011.02.03 10:03:05.465,0.82722,0.82753,3.00,4.50
2011.02.03 10:03:05.963,0.82729,0.82753,1.13,2.25
2011.02.03 10:03:06.076,0.82732,0.82763,3.00,4.50
2011.02.03 10:03:09.276,0.82727,0.82763,2.25,4.95
2011.02.03 10:03:09.495,0.82729,0.82763,1.13,4.50
2011.02.03 10:03:13.744,0.82727,0.82761,2.25,1.13
2011.02.03 10:03:14.476,0.82727,0.82761,2.25,1.13
2011.02.03 10:03:14.827,0.82727,0.82761,2.25,1.13
2011.02.03 10:03:17.479,0.82723,0.82754,3.38,2.25
2011.02.03 10:03:17.594,0.82723,0.82754,3.38,2.25
2011.02.03 10:03:18.946,0.82723,0.82754,1.13,2.25
2011.02.03 10:03:19.941,0.82718,0.82749,4.58,3.00
2011.02.03 10:03:20.671,0.82715,0.82743,1.20,1.50
2011.02.03 10:03:21.695,0.82716,0.82743,3.08,2.25
2011.02.03 10:03:24.049,0.82721,0.82754,3.00,4.50
2011.02.03 10:03:24.787,0.82721,0.82754,3.00,4.50
2011.02.03 10:03:35.396,0.82721,0.82754,3.00,4.50
2011.02.03 10:03:35.957,0.82723,0.82754,1.20,4.50
2011.02.03 10:03:36.714,0.82724,0.82754,1.50,2.25
2011.02.03 10:03:47.076,0.82724,0.82753,1.50,2.25
2011.02.03 10:03:49.507,0.82723,0.82753,3.53,2.25
2011.02.03 10:03:49.999,0.82723,0.82753,1.28,2.25
2011.02.03 10:03:50.827,0.82723,0.82753,1.28,2.25
2011.02.03 10:03:51.125,0.82723,0.82753,1.28,2.25
2011.02.03 10:03:51.755,0.82728,0.82764,2.70,2.25
2011.02.03 10:03:53.025,0.82728,0.82764,2.63,2.25
2011.02.03 10:03:53.775,0.82734,0.82764,1.13,2.25
2011.02.03 10:03:53.996,0.82729,0.82764,1.13,2.25
2011.02.03 10:03:59.399,0.82726,0.82761,2.25,3.38
2011.02.03 10:04:03.859,0.82724,0.82754,1.13,2.25
2011.02.03 10:04:07.317,0.82724,0.82754,1.13,2.25
2011.02.03 10:04:11.164,0.82724,0.82754,1.13,2.25
2011.02.03 10:04:11.745,0.82724,0.82754,1.13,2.25
2011.02.03 10:04:17.198,0.82723,0.82754,3.38,2.25
2011.02.03 10:04:18.694,0.82723,0.82754,3.38,2.25
2011.02.03 10:04:27.411,0.82723,0.82754,3.00,2.25
2011.02.03 10:04:42.378,0.82722,0.82754,3.00,2.25
2011.02.03 10:04:42.594,0.82722,0.82754,3.00,2.25
2011.02.03 10:04:43.478,0.82722,0.82752,3.08,1.13
2011.02.03 10:04:43.585,0.82722,0.82752,3.08,1.13
2011.02.03 10:04:49.671,0.82723,0.82752,1.58,1.13
2011.02.03 10:04:57.141,0.82723,0.82752,1.50,1.13
2011.02.03 10:05:01.500,0.82723,0.82752,1.50,1.13
2011.02.03 10:05:05.145,0.82719,0.82748,1.50,1.13
2011.02.03 10:05:05.478,0.82723,0.82753,1.50,2.63
2011.02.03 10:05:05.585,0.82723,0.82753,1.50,2.63
2011.02.03 10:05:07.508,0.82723,0.82749,1.50,1.13
2011.02.03 10:05:12.635,0.82723,0.82748,1.50,1.13
2011.02.03 10:05:14.244,0.82724,0.82752,1.50,1.13
2011.02.03 10:05:16.186,0.82724,0.82752,1.50,1.13
2011.02.03 10:05:17.017,0.82723,0.82749,1.50,1.13
2011.02.03 10:05:17.659,0.82719,0.8275,1.58,3.00
2011.02.03 10:05:18.279,0.82724,0.82753,1.50,4.88
2011.02.03 10:05:25.747,0.82724,0.82753,1.58,4.88
2011.02.03 10:05:26.387,0.82723,0.82753,1.50,4.88
2011.02.03 10:05:27.837,0.82724,0.82753,1.50,4.88
2011.02.03 10:05:29.116,0.82722,0.82753,3.15,4.50
2011.02.03 10:05:29.788,0.82724,0.82753,3.00,2.25
2011.02.03 10:05:29.902,0.82723,0.82753,3.00,2.25
2011.02.03 10:05:30.125,0.82723,0.82753,3.00,2.25
2011.02.03 10:05:30.589,0.82724,0.82753,1.50,2.25
2011.02.03 10:05:31.278,0.82724,0.82753,1.50,2.25
2011.02.03 10:05:34.124,0.82723,0.82753,3.75,2.25
2011.02.03 10:05:34.579,0.82724,0.82753,1.50,2.25
2011.02.03 10:05:34.700,0.82723,0.82753,3.75,2.25
2011.02.03 10:05:36.687,0.82723,0.82753,3.75,2.25
2011.02.03 10:05:37.658,0.82731,0.82753,3.00,2.25
2011.02.03 10:05:37.985,0.82731,0.82763,3.00,2.25
2011.02.03 10:05:38.370,0.82727,0.82757,2.25,1.13
2011.02.03 10:05:39.175,0.82723,0.82753,3.90,2.25
2011.02.03 10:05:40.236,0.82724,0.82753,1.58,2.25
2011.02.03 10:05:40.959,0.82723,0.82753,3.83,2.25
2011.02.03 10:05:46.115,0.82724,0.82753,1.50,2.25
2011.02.03 10:05:47.206,0.82731,0.82753,3.00,2.25
2011.02.03 10:05:47.645,0.82731,0.82753,2.25,2.25
2011.02.03 10:05:47.755,0.82729,0.82753,1.50,2.25
2011.02.03 10:05:48.496,0.82727,0.82758,2.25,1.13
2011.02.03 10:05:48.607,0.82723,0.82754,1.58,2.25
2011.02.03 10:05:49.196,0.82723,0.82754,1.58,2.25
2011.02.03 10:05:50.794,0.82723,0.82754,1.58,2.25
2011.02.03 10:05:51.994,0.82724,0.82754,1.50,2.25
2011.02.03 10:05:53.265,0.82724,0.82754,1.50,2.25
2011.02.03 10:05:53.555,0.82724,0.82754,1.50,2.25
2011.02.03 10:05:57.289,0.82722,0.82754,3.00,2.25
2011.02.03 10:05:57.409,0.82731,0.82754,3.00,2.25
2011.02.03 10:05:57.527,0.82731,0.82754,3.00,1.50
2011.02.03 10:05:58.019,0.82722,0.82754,5.25,2.25
2011.02.03 10:05:59.598,0.82723,0.82753,1.50,2.25
2011.02.03 10:06:02.276,0.82723,0.82753,1.58,2.25
2011.02.03 10:06:02.881,0.82722,0.82753,3.08,2.25
2011.02.03 10:06:03.106,0.82722,0.82753,3.08,2.25
2011.02.03 10:06:04.021,0.82722,0.82753,3.08,2.25
2011.02.03 10:06:12.420,0.82722,0.82753,3.08,2.25
2011.02.03 10:06:13.145,0.82721,0.82753,3.08,2.63
2011.02.03 10:06:14.069,0.8272,0.82751,1.50,3.00
2011.02.03 10:06:14.624,0.82713,0.82743,3.08,2.25
2011.02.03 10:06:14.736,0.82722,0.82743,3.00,2.25
2011.02.03 10:06:15.958,0.82722,0.82753,3.08,2.25
2011.02.03 10:06:17.028,0.82722,0.82753,3.08,2.25
2011.02.03 10:06:17.605,0.82722,0.82753,3.08,2.25
2011.02.03 10:06:18.924,0.82722,0.82753,3.08,2.25
2011.02.03 10:06:22.805,0.82728,0.82753,2.63,2.25
2011.02.03 10:06:23.586,0.82729,0.82764,1.50,2.25
2011.02.03 10:06:42.917,0.82728,0.82763,3.53,2.25
2011.02.03 10:06:44.875,0.82728,0.82763,3.53,2.25
2011.02.03 10:06:51.742,0.82724,0.82754,1.13,2.25
2011.02.03 10:06:53.135,0.82724,0.82754,1.88,2.25
2011.02.03 10:07:06.205,0.82724,0.82754,1.13,2.25
2011.02.03 10:07:06.982,0.8272,0.82754,1.13,2.25
2011.02.03 10:07:07.101,0.8272,0.82754,1.13,2.25
2011.02.03 10:07:08.235,0.8272,0.82754,1.13,2.25
2011.02.03 10:07:08.565,0.82724,0.82754,1.13,2.25
2011.02.03 10:07:09.266,0.82724,0.82754,1.88,2.25
2011.02.03 10:07:23.125,0.82724,0.82753,1.13,2.25
2011.02.03 10:07:34.086,0.82724,0.82754,1.88,2.25
2011.02.03 10:07:34.821,0.82724,0.82754,1.88,1.50
2011.02.03 10:07:41.174,0.82724,0.82754,1.88,2.25
2011.02.03 10:07:46.816,0.82724,0.82753,1.88,2.25
2011.02.03 10:07:47.036,0.82724,0.82753,1.13,2.25
2011.02.03 10:07:50.906,0.82724,0.82753,1.88,2.25
2011.02.03 10:07:59.994,0.82722,0.82753,3.08,3.00
2011.02.03 10:08:00.809,0.82723,0.82754,1.20,2.25
2011.02.03 10:08:05.635,0.82723,0.82754,1.20,2.25
2011.02.03 10:08:06.184,0.82723,0.82754,1.20,2.25
2011.02.03 10:08:15.458,0.82722,0.82753,3.08,3.00
2011.02.03 10:08:21.354,0.82723,0.82753,1.50,3.00
2011.02.03 10:08:21.576,0.82722,0.82752,3.15,1.13
2011.02.03 10:08:21.797,0.82722,0.82753,3.15,3.00
2011.02.03 10:08:23.366,0.82719,0.8275,2.40,3.00
2011.02.03 10:08:23.695,0.82719,0.82744,1.65,1.50
2011.02.03 10:08:25.078,0.82719,0.82744,1.65,2.25
2011.02.03 10:08:25.635,0.82713,0.82744,1.80,2.25
2011.02.03 10:08:29.957,0.82713,0.82744,1.58,2.25
2011.02.03 10:08:30.483,0.82706,0.82742,2.70,1.13
2011.02.03 10:08:30.927,0.82706,0.82742,2.70,1.13
2011.02.03 10:08:34.085,0.82713,0.82744,3.00,2.25
2011.02.03 10:08:35.667,0.82713,0.82744,3.08,2.25
2011.02.03 10:08:36.572,0.82713,0.82744,3.08,2.25
2011.02.03 10:08:36.691,0.82714,0.82744,1.58,1.50
2011.02.03 10:08:37.606,0.82713,0.82744,3.83,2.25
2011.02.03 10:08:39.214,0.82709,0.82742,3.00,2.25
2011.02.03 10:08:39.668,0.82709,0.82733,1.65,1.50
2011.02.03 10:08:40.005,0.82711,0.82733,1.20,1.50
2011.02.03 10:08:40.114,0.82711,0.82742,1.20,3.00
2011.02.03 10:08:41.211,0.82711,0.82743,1.20,2.25
2011.02.03 10:08:41.867,0.82711,0.82743,1.20,2.25
2011.02.03 10:08:42.586,0.82711,0.82743,1.20,2.25
2011.02.03 10:08:45.986,0.8271,0.82743,4.65,2.25
2011.02.03 10:08:46.426,0.8271,0.82733,2.25,1.50
2011.02.03 10:08:52.358,0.82704,0.82733,3.00,2.25
2011.02.03 10:08:53.433,0.82704,0.82733,3.00,2.25
2011.02.03 10:08:58.105,0.82704,0.82733,3.00,2.25
2011.02.03 10:09:02.920,0.82704,0.82733,3.00,2.25
2011.02.03 10:09:03.226,0.82704,0.82733,3.00,2.25
2011.02.03 10:09:04.226,0.82698,0.82733,4.05,2.25
2011.02.03 10:09:07.905,0.82699,0.82724,1.50,2.25
2011.02.03 10:09:10.827,0.82702,0.82724,3.00,1.50
2011.02.03 10:09:11.046,0.82702,0.82733,3.08,2.25
2011.02.03 10:09:11.556,0.82704,0.82733,3.00,2.25
2011.02.03 10:09:16.782,0.82718,0.82737,1.50,3.00
2011.02.03 10:09:16.896,0.82718,0.82744,2.25,2.25
2011.02.03 10:09:17.606,0.82712,0.82734,3.00,2.25
2011.02.03 10:09:18.728,0.82718,0.82734,3.00,1.50
2011.02.03 10:09:18.853,0.82718,0.82744,3.00,2.25
2011.02.03 10:09:19.919,0.82718,0.82744,3.00,2.25
2011.02.03 10:09:20.403,0.82706,0.82744,4.95,4.88
2011.02.03 10:09:20.626,0.82706,0.82744,4.95,4.88
2011.02.03 10:09:23.218,0.82707,0.82744,3.08,4.88
2011.02.03 10:09:27.836,0.82707,0.82744,3.08,4.88
2011.02.03 10:09:28.517,0.82708,0.82744,3.00,4.88
2011.02.03 10:09:30.375,0.82708,0.82744,3.00,4.88
2011.02.03 10:09:30.901,0.82709,0.82744,3.00,4.88
2011.02.03 10:09:31.247,0.82709,0.82744,3.00,4.88
2011.02.03 10:09:31.722,0.82709,0.82744,3.00,4.88
2011.02.03 10:09:31.947,0.82709,0.82744,3.00,4.88
2011.02.03 10:09:33.915,0.82709,0.82744,3.00,4.88
2011.02.03 10:09:35.636,0.82709,0.82744,3.00,4.88
2011.02.03 10:09:38.005,0.82711,0.82743,1.13,2.25
2011.02.03 10:09:38.577,0.82713,0.82743,3.00,2.25
2011.02.03 10:09:41.689,0.82713,0.82743,3.15,2.25
2011.02.03 10:09:43.707,0.82713,0.82743,3.08,2.25
2011.02.03 10:09:44.535,0.82713,0.82743,3.15,2.25
2011.02.03 10:09:45.124,0.82713,0.82743,3.00,2.25
2011.02.03 10:09:47.368,0.82713,0.82743,4.05,2.25
2011.02.03 10:09:48.241,0.82713,0.82743,3.75,2.25
2011.02.03 10:09:52.281,0.82713,0.82743,3.90,2.25
2011.02.03 10:09:52.400,0.82714,0.82743,1.58,2.25
2011.02.03 10:09:52.974,0.82714,0.82743,1.65,2.25
2011.02.03 10:09:53.778,0.82714,0.82743,1.50,2.25
2011.02.03 10:09:54.116,0.82714,0.82743,1.50,2.25
2011.02.03 10:09:57.185,0.82713,0.82743,3.00,2.25
2011.02.03 10:09:57.516,0.82713,0.82743,3.00,2.25
2011.02.03 10:09:59.675,0.82713,0.82743,3.75,2.25
2011.02.03 10:10:01.948,0.82714,0.82743,4.13,2.25
2011.02.03 10:10:02.335,0.82714,0.82743,4.28,2.25
2011.02.03 10:10:02.445,0.82714,0.82743,2.03,2.25
2011.02.03 10:10:03.129,0.82713,0.82743,1.50,2.25
2011.02.03 10:10:04.429,0.82718,0.82743,3.38,2.25
2011.02.03 10:10:04.656,0.82722,0.82743,3.00,2.25
2011.02.03 10:10:06.815,0.82722,0.82753,3.00,4.50
2011.02.03 10:10:09.366,0.82722,0.82753,3.00,4.50
2011.02.03 10:10:13.702,0.82722,0.82753,3.08,4.50
2011.02.03 10:10:17.155,0.82722,0.82753,3.08,4.50
2011.02.03 10:10:28.925,0.82724,0.82753,1.50,4.50
2011.02.03 10:10:34.216,0.82723,0.82753,1.50,4.50
2011.02.03 10:10:35.008,0.82723,0.82753,1.50,4.50
2011.02.03 10:10:36.118,0.82723,0.82753,1.50,4.50
2011.02.03 10:10:37.377,0.82722,0.82752,3.00,1.20
2011.02.03 10:10:37.705,0.82717,0.82752,2.25,3.45
2011.02.03 10:10:39.808,0.82713,0.82743,1.20,2.25
2011.02.03 10:10:42.635,0.82713,0.82743,1.20,2.25
2011.02.03 10:10:47.448,0.82713,0.82743,1.95,2.25
2011.02.03 10:10:47.774,0.82713,0.82743,4.20,2.25
2011.02.03 10:10:50.445,0.82713,0.82743,1.95,2.25
2011.02.03 10:11:00.876,0.82714,0.82743,1.50,2.25
2011.02.03 10:11:01.205,0.82713,0.82743,1.95,2.25
2011.02.03 10:11:04.747,0.82713,0.82743,1.58,2.25
2011.02.03 10:11:20.689,0.82714,0.82743,1.13,2.25
2011.02.03 10:11:27.066,0.82715,0.82743,1.13,2.25
2011.02.03 10:11:27.287,0.82715,0.82743,1.13,2.25
2011.02.03 10:11:27.504,0.82715,0.82743,1.13,2.25
2011.02.03 10:11:29.992,0.82715,0.82743,1.13,2.25
2011.02.03 10:11:31.397,0.82715,0.82743,1.13,2.25
2011.02.03 10:11:33.865,0.82715,0.82743,1.13,1.50
2011.02.03 10:11:34.706,0.82713,0.82743,3.00,2.25
2011.02.03 10:11:35.367,0.82713,0.82743,3.38,1.50
2011.02.03 10:11:35.978,0.82725,0.82743,1.13,1.50
2011.02.03 10:11:36.094,0.82727,0.82754,1.13,1.50
2011.02.03 10:11:37.656,0.82722,0.82754,1.28,2.25
2011.02.03 10:11:40.765,0.82726,0.82754,1.13,1.50
2011.02.03 10:11:41.384,0.8273,0.82754,1.13,1.50
2011.02.03 10:11:41.501,0.8273,0.82764,1.13,2.25
2011.02.03 10:11:50.494,0.8273,0.82764,1.13,2.25
2011.02.03 10:11:52.337,0.8273,0.82764,1.13,2.25
2011.02.03 10:11:53.315,0.8273,0.82764,1.13,2.25
2011.02.03 10:11:53.717,0.82729,0.82763,3.00,1.13
2011.02.03 10:11:57.121,0.82729,0.82764,1.50,4.88
2011.02.03 10:11:57.458,0.82727,0.82764,2.33,4.88
2011.02.03 10:11:58.448,0.82726,0.82764,4.28,2.63
2011.02.03 10:11:58.557,0.82726,0.82764,4.28,2.63
2011.02.03 10:11:59.757,0.82728,0.82763,1.50,2.33
2011.02.03 10:12:04.857,0.82724,0.82756,3.00,1.13
2011.02.03 10:12:05.076,0.82718,0.82752,2.25,1.13
2011.02.03 10:12:05.905,0.82717,0.82751,2.25,3.00
2011.02.03 10:12:07.197,0.82717,0.82751,2.25,3.00
2011.02.03 10:12:10.005,0.82717,0.82751,2.40,3.00
2011.02.03 10:12:11.426,0.82717,0.82751,2.40,3.00
2011.02.03 10:12:12.241,0.82722,0.82752,3.00,1.13
2011.02.03 10:12:12.356,0.82717,0.82751,2.40,3.00
2011.02.03 10:12:13.413,0.82717,0.82751,2.40,3.00
2011.02.03 10:12:19.616,0.82717,0.82753,4.13,2.63
2011.02.03 10:12:20.375,0.82717,0.82747,4.50,1.13
2011.02.03 10:12:21.086,0.82717,0.82747,2.25,1.13
2011.02.03 10:12:22.036,0.82717,0.82747,2.25,1.13
2011.02.03 10:12:35.416,0.82714,0.82743,3.00,1.13
2011.02.03 10:12:35.746,0.82714,0.82744,3.08,2.25
2011.02.03 10:12:39.489,0.82714,0.82744,3.83,2.25
2011.02.03 10:12:48.575,0.82714,0.82744,1.58,2.25
2011.02.03 10:12:51.426,0.82714,0.82744,1.58,2.25
2011.02.03 10:12:53.146,0.82714,0.82743,1.58,1.50
2011.02.03 10:12:56.151,0.82717,0.82747,2.33,1.13
2011.02.03 10:12:56.658,0.82717,0.82751,2.25,1.13
2011.02.03 10:12:57.044,0.82717,0.82751,2.33,1.13
2011.02.03 10:12:57.810,0.82717,0.82751,2.33,1.13
2011.02.03 10:13:01.666,0.82717,0.82751,2.33,1.13
2011.02.03 10:13:11.020,0.82719,0.82752,3.00,1.13
2011.02.03 10:13:11.248,0.82719,0.82752,3.00,1.13
2011.02.03 10:13:11.952,0.82717,0.82752,2.25,1.13
2011.02.03 10:13:12.741,0.82717,0.82747,2.25,1.13
2011.02.03 10:13:15.666,0.82713,0.82744,1.65,2.63
2011.02.03 10:13:15.775,0.82713,0.82743,1.50,1.13
2011.02.03 10:13:19.360,0.82713,0.82744,1.65,2.25
2011.02.03 10:13:24.685,0.82714,0.82744,1.50,2.25
2011.02.03 10:13:28.618,0.82714,0.82744,1.50,1.50
2011.02.03 10:13:29.302,0.82714,0.82744,1.88,1.50
2011.02.03 10:13:29.969,0.82716,0.82752,2.33,1.13
2011.02.03 10:13:30.604,0.82716,0.82752,2.33,1.13
2011.02.03 10:13:34.879,0.8272,0.82754,3.00,2.25
2011.02.03 10:13:37.798,0.8272,0.82754,3.00,2.25
2011.02.03 10:13:39.226,0.8272,0.82754,3.15,2.25
2011.02.03 10:13:40.565,0.8272,0.82754,3.15,2.25
2011.02.03 10:13:42.689,0.8272,0.82754,3.15,2.25
2011.02.03 10:13:43.832,0.82723,0.82754,1.13,2.25
2011.02.03 10:13:45.259,0.82722,0.82754,3.90,2.25
2011.02.03 10:13:52.963,0.82723,0.82754,1.13,2.25
2011.02.03 10:13:53.296,0.8272,0.82754,3.15,1.50
2011.02.03 10:13:53.405,0.8272,0.82754,3.15,2.25
2011.02.03 10:13:57.996,0.8272,0.82754,3.15,2.25
2011.02.03 10:13:58.326,0.8272,0.82754,3.15,2.25
2011.02.03 10:13:59.758,0.82723,0.82754,1.50,1.50
2011.02.03 10:14:00.582,0.82724,0.82754,3.00,2.25
2011.02.03 10:14:01.185,0.82722,0.82754,1.28,2.25
2011.02.03 10:14:03.958,0.82722,0.82754,1.28,2.25
2011.02.03 10:14:04.570,0.82727,0.82754,1.13,2.25
2011.02.03 10:14:06.420,0.82723,0.82753,3.15,1.50
2011.02.03 10:14:06.747,0.82725,0.82753,1.13,1.50
2011.02.03 10:14:08.178,0.82728,0.82759,3.00,1.13
2011.02.03 10:14:08.394,0.82727,0.82759,2.25,1.13
2011.02.03 10:14:10.367,0.82721,0.82754,1.20,2.25
2011.02.03 10:14:12.015,0.82727,0.82754,1.20,1.50
2011.02.03 10:14:12.238,0.82739,0.82754,1.13,1.50
2011.02.03 10:14:12.346,0.82739,0.82769,1.13,3.00
2011.02.03 10:14:12.565,0.82739,0.82774,1.13,2.25
2011.02.03 10:14:13.152,0.82739,0.82774,1.13,2.25
2011.02.03 10:14:13.965,0.82736,0.8277,4.50,3.00
2011.02.03 10:14:14.430,0.82739,0.82764,1.13,1.50
2011.02.03 10:14:15.146,0.82739,0.82773,1.13,2.25
2011.02.03 10:14:26.877,0.82739,0.82773,1.13,2.25
2011.02.03 10:14:27.446,0.82739,0.82773,1.88,2.25
2011.02.03 10:14:29.386,0.82739,0.82773,1.13,2.25
2011.02.03 10:14:32.905,0.82739,0.82773,1.88,2.25
2011.02.03 10:14:34.416,0.82739,0.82773,1.88,2.25
2011.02.03 10:14:35.442,0.82739,0.82773,1.88,2.25
2011.02.03 10:14:35.825,0.82739,0.82773,1.13,2.25
2011.02.03 10:14:50.252,0.82744,0.82774,2.25,2.25
2011.02.03 10:14:50.585,0.8274,0.82774,1.20,2.25
2011.02.03 10:14:50.914,0.82741,0.82774,1.58,2.25
2011.02.03 10:14:51.494,0.82751,0.82781,2.25,1.13
2011.02.03 10:14:51.978,0.82746,0.82781,2.25,4.13
2011.02.03 10:14:52.321,0.82746,0.82781,2.25,3.38
2011.02.03 10:14:54.587,0.82746,0.82776,2.25,1.13
2011.02.03 10:14:56.265,0.82746,0.82779,2.25,3.00
2011.02.03 10:14:56.597,0.82754,0.82784,2.25,2.25
2011.02.03 10:14:57.156,0.82754,0.82784,2.25,2.25
2011.02.03 10:14:57.485,0.82754,0.82784,2.25,2.25
2011.02.03 10:14:57.815,0.82754,0.82784,2.25,2.25
2011.02.03 10:14:58.635,0.82754,0.82784,2.25,2.25
2011.02.03 10:14:58.855,0.82757,0.82784,1.13,2.25
2011.02.03 10:14:59.410,0.82757,0.82784,1.20,2.25
2011.02.03 10:15:02.001,0.82757,0.82784,1.20,2.25
2011.02.03 10:15:03.656,0.82762,0.82791,1.20,2.25
2011.02.03 10:15:03.985,0.82764,0.82794,3.00,2.25
2011.02.03 10:15:04.095,0.82764,0.82794,3.00,2.25
2011.02.03 10:15:08.795,0.82773,0.82794,1.13,2.25
2011.02.03 10:15:09.484,0.82768,0.82794,1.13,2.25
2011.02.03 10:15:09.971,0.82768,0.82794,1.13,2.25
2011.02.03 10:15:11.646,0.82768,0.82794,1.13,2.25
2011.02.03 10:15:13.635,0.82768,0.82803,1.13,2.25
2011.02.03 10:15:14.510,0.82768,0.82803,1.13,2.25
2011.02.03 10:15:17.345,0.82768,0.82803,1.28,2.25
2011.02.03 10:15:17.787,0.82768,0.82803,1.13,2.25
2011.02.03 10:15:20.656,0.82768,0.82803,1.20,2.25
2011.02.03 10:15:21.366,0.82768,0.82803,1.20,2.25
2011.02.03 10:15:22.965,0.82768,0.82803,1.20,2.25
2011.02.03 10:15:23.319,0.82768,0.82803,1.20,2.25
2011.02.03 10:15:25.304,0.82768,0.82803,1.20,2.25
2011.02.03 10:15:32.951,0.82764,0.82794,4.50,2.25
2011.02.03 10:15:33.286,0.82767,0.82794,1.20,2.25
2011.02.03 10:15:33.395,0.82767,0.82794,1.20,2.25
2011.02.03 10:15:35.673,0.82765,0.82794,3.00,2.25
2011.02.03 10:15:38.206,0.82764,0.82794,2.33,2.25
2011.02.03 10:15:38.718,0.82764,0.82794,2.33,2.25
2011.02.03 10:15:39.396,0.82764,0.82794,2.33,2.25
2011.02.03 10:15:42.895,0.82764,0.82794,2.33,2.25
2011.02.03 10:15:43.447,0.82764,0.82794,2.25,2.25
2011.02.03 10:15:47.996,0.82763,0.82794,6.83,2.25
2011.02.03 10:15:48.916,0.82763,0.82794,6.83,2.25
2011.02.03 10:15:50.375,0.82763,0.82794,6.83,2.25
2011.02.03 10:15:52.527,0.82769,0.82794,2.25,2.25
2011.02.03 10:15:56.490,0.82769,0.82802,2.25,3.00
2011.02.03 10:15:56.827,0.82771,0.82804,4.88,2.25
2011.02.03 10:16:01.287,0.82766,0.82804,2.78,4.50
2011.02.03 10:16:03.639,0.82772,0.82804,2.25,2.25
2011.02.03 10:16:04.317,0.82771,0.82804,3.00,2.25
2011.02.03 10:16:06.807,0.8277,0.82802,2.33,3.00
2011.02.03 10:16:07.609,0.82766,0.82797,2.25,3.00
2011.02.03 10:16:07.729,0.82766,0.82797,2.25,3.00
2011.02.03 10:16:07.957,0.82764,0.82793,5.25,2.25
2011.02.03 10:16:12.916,0.82766,0.82793,1.13,2.25
2011.02.03 10:16:13.408,0.82766,0.82793,1.13,2.25
2011.02.03 10:16:14.262,0.82767,0.82793,1.13,2.25
2011.02.03 10:16:15.412,0.82765,0.82793,3.00,2.25
2011.02.03 10:16:15.915,0.82762,0.82792,2.33,3.00
2011.02.03 10:16:17.685,0.82766,0.82793,1.13,2.25
2011.02.03 10:16:18.128,0.82766,0.82793,1.20,2.25
2011.02.03 10:16:19.743,0.82761,0.82793,2.25,4.50
2011.02.03 10:16:20.417,0.82761,0.82793,2.25,4.50
2011.02.03 10:16:21.185,0.82761,0.82793,2.25,4.50
2011.02.03 10:16:22.099,0.82764,0.82793,4.50,2.25
2011.02.03 10:16:22.434,0.82764,0.82793,3.00,2.25
2011.02.03 10:16:23.647,0.82764,0.82793,3.00,2.25
2011.02.03 10:16:25.906,0.82764,0.82794,3.00,2.25
2011.02.03 10:16:26.128,0.82767,0.82794,1.13,2.25
2011.02.03 10:16:26.734,0.82767,0.82794,1.13,2.25
2011.02.03 10:16:27.067,0.82765,0.82794,5.25,2.25
2011.02.03 10:16:27.176,0.82762,0.82792,2.25,3.00
2011.02.03 10:16:32.604,0.82763,0.82792,3.38,3.00
2011.02.03 10:16:33.046,0.82765,0.82794,3.00,2.25
2011.02.03 10:16:33.941,0.82764,0.82794,3.00,2.25
2011.02.03 10:16:34.279,0.82764,0.82794,3.00,2.25
2011.02.03 10:16:34.495,0.82764,0.82794,3.00,2.25
2011.02.03 10:16:37.264,0.82763,0.82788,1.88,3.00
2011.02.03 10:16:37.378,0.82763,0.82794,4.88,2.25
2011.02.03 10:16:38.986,0.82763,0.82794,4.88,2.25
2011.02.03 10:16:39.715,0.82758,0.82789,1.13,3.00
2011.02.03 10:16:40.047,0.82761,0.82791,2.25,1.13
2011.02.03 10:16:40.267,0.82756,0.82789,2.25,3.00
2011.02.03 10:16:41.286,0.82758,0.82789,1.13,3.00
2011.02.03 10:16:44.044,0.82764,0.82794,2.25,2.25
2011.02.03 10:16:44.377,0.82764,0.82794,4.50,2.25
2011.02.03 10:16:45.061,0.82764,0.82794,4.50,2.25
2011.02.03 10:16:45.396,0.82761,0.82792,2.25,3.00
2011.02.03 10:16:46.605,0.82761,0.82792,2.33,3.00
2011.02.03 10:16:47.185,0.82761,0.82792,2.25,3.00
2011.02.03 10:16:47.518,0.82759,0.82794,1.13,2.25
2011.02.03 10:16:48.190,0.82759,0.82794,1.13,2.25
2011.02.03 10:16:48.925,0.82759,0.82794,1.13,2.25
2011.02.03 10:16:53.980,0.82756,0.82789,4.50,3.00
2011.02.03 10:16:55.596,0.82756,0.82789,2.25,3.00
2011.02.03 10:16:56.138,0.82756,0.82789,2.25,3.00
2011.02.03 10:16:56.936,0.82756,0.82789,2.25,3.00
2011.02.03 10:16:57.608,0.82756,0.82789,2.25,3.00
2011.02.03 10:16:58.135,0.82756,0.82789,2.25,3.00
2011.02.03 10:17:10.466,0.82756,0.82789,2.25,3.00
2011.02.03 10:17:12.663,0.82756,0.82789,2.25,3.00
2011.02.03 10:17:12.886,0.82756,0.82789,2.25,3.00
2011.02.03 10:17:14.585,0.8275,0.82784,3.45,2.25
2011.02.03 10:17:16.497,0.8275,0.82784,3.45,2.25
2011.02.03 10:17:20.247,0.82755,0.82784,1.13,2.25
2011.02.03 10:17:26.035,0.82755,0.82784,2.63,2.25
2011.02.03 10:17:26.937,0.82755,0.82784,2.63,2.25
2011.02.03 10:17:33.654,0.82755,0.82783,2.63,2.25
2011.02.03 10:17:34.905,0.82755,0.82783,2.63,1.50
2011.02.03 10:17:38.848,0.82755,0.82783,2.63,2.25
2011.02.03 10:17:39.416,0.82755,0.82783,2.63,2.25
2011.02.03 10:17:46.108,0.82755,0.82784,2.63,1.50
2011.02.03 10:17:47.957,0.82755,0.82784,2.63,2.25
2011.02.03 10:17:48.889,0.82755,0.82784,2.63,1.50
2011.02.03 10:17:54.928,0.82756,0.82784,1.13,2.25
2011.02.03 10:17:58.083,0.8276,0.82789,1.13,3.00
2011.02.03 10:18:00.870,0.82762,0.82789,2.25,3.00
2011.02.03 10:18:02.169,0.82756,0.82783,1.13,1.50
2011.02.03 10:18:14.259,0.82755,0.82783,4.88,2.25
2011.02.03 10:18:35.598,0.82761,0.82784,1.50,2.25
2011.02.03 10:18:35.710,0.82761,0.82791,2.25,1.13
2011.02.03 10:18:36.040,0.82757,0.82788,2.25,3.00
2011.02.03 10:18:39.933,0.82757,0.82788,2.25,3.00
2011.02.03 10:18:43.187,0.82757,0.82788,2.25,3.00
2011.02.03 10:18:43.838,0.82762,0.82788,2.25,3.00
2011.02.03 10:18:44.630,0.82764,0.82793,2.25,2.25
2011.02.03 10:18:45.348,0.82764,0.82793,2.25,2.25
2011.02.03 10:18:45.767,0.82764,0.82793,2.25,2.25
2011.02.03 10:18:48.858,0.82764,0.82793,2.25,2.25
2011.02.03 10:18:55.952,0.82764,0.82794,1.50,2.25
2011.02.03 10:18:56.061,0.82759,0.82794,1.13,2.25
2011.02.03 10:18:57.520,0.82758,0.82794,1.20,2.25
2011.02.03 10:18:57.959,0.82746,0.82776,2.25,3.00
2011.02.03 10:18:58.508,0.82743,0.82773,3.00,2.25
2011.02.03 10:18:58.618,0.82743,0.82773,3.00,2.25
2011.02.03 10:18:59.178,0.82745,0.82773,2.25,2.25
2011.02.03 10:19:03.914,0.82739,0.82771,4.50,3.00
2011.02.03 10:19:06.259,0.82739,0.82771,4.50,3.00
2011.02.03 10:19:07.180,0.82739,0.82771,4.50,3.00
2011.02.03 10:19:07.295,0.82739,0.82771,3.00,3.00
2011.02.03 10:19:07.633,0.82739,0.82764,4.50,2.25
2011.02.03 10:19:12.041,0.82736,0.82769,2.25,1.13
2011.02.03 10:19:12.705,0.82736,0.82766,2.25,1.13
2011.02.03 10:19:12.730,0.82736,0.82766,1.50,1.13
2011.02.03 10:19:12.844,0.82729,0.82764,2.25,2.25
2011.02.03 10:19:14.169,0.82729,0.82764,2.25,2.25
2011.02.03 10:19:14.806,0.82737,0.82773,1.13,1.20
2011.02.03 10:19:14.918,0.82737,0.82773,1.13,1.20
2011.02.03 10:19:15.467,0.82736,0.82769,2.25,3.00
2011.02.03 10:19:18.001,0.82729,0.82763,2.25,2.25
2011.02.03 10:19:19.130,0.82736,0.82763,1.13,2.25
2011.02.03 10:19:19.351,0.82737,0.82763,2.25,2.25
2011.02.03 10:19:19.949,0.82736,0.82769,2.25,3.38
2011.02.03 10:19:20.771,0.82733,0.82763,1.20,2.25
2011.02.03 10:19:22.679,0.82729,0.82763,4.50,2.25
2011.02.03 10:19:23.500,0.82729,0.82763,2.25,2.25
2011.02.03 10:19:24.349,0.82737,0.82763,2.25,2.25
2011.02.03 10:19:25.047,0.82737,0.82763,2.63,2.25
2011.02.03 10:19:25.272,0.82737,0.82769,2.25,3.38
2011.02.03 10:19:25.828,0.82733,0.82764,1.13,2.25
2011.02.03 10:19:26.867,0.82728,0.82764,2.63,2.25
2011.02.03 10:19:29.414,0.82736,0.82764,2.25,2.25
2011.02.03 10:19:30.326,0.82732,0.82764,1.13,2.25
2011.02.03 10:19:32.328,0.82729,0.82764,2.25,2.25
2011.02.03 10:19:34.288,0.82732,0.82764,1.28,2.25
2011.02.03 10:19:38.728,0.82732,0.82764,1.13,2.25
2011.02.03 10:19:40.138,0.82732,0.82764,1.13,2.25
2011.02.03 10:19:43.028,0.82729,0.82764,4.50,2.63
2011.02.03 10:19:43.706,0.82729,0.82761,2.25,3.00
2011.02.03 10:19:44.270,0.82729,0.82761,2.25,3.00
2011.02.03 10:19:44.380,0.82729,0.82761,2.25,3.00
2011.02.03 10:19:45.569,0.82729,0.8276,2.25,1.13
2011.02.03 10:19:47.197,0.82727,0.82753,2.33,1.50
2011.02.03 10:19:49.458,0.82728,0.82753,4.95,1.50
2011.02.03 10:19:50.790,0.82732,0.82753,1.13,1.50
2011.02.03 10:19:51.119,0.82732,0.82763,1.13,2.25
2011.02.03 10:19:51.249,0.82732,0.82763,1.13,2.25
2011.02.03 10:19:54.576,0.82732,0.82763,1.13,2.25
2011.02.03 10:19:57.380,0.82729,0.82763,5.25,2.33
2011.02.03 10:19:57.928,0.82727,0.82755,2.25,1.13
2011.02.03 10:19:58.434,0.82724,0.82751,3.00,3.00
2011.02.03 10:20:01.353,0.82729,0.82759,2.25,3.00
2011.02.03 10:20:02.713,0.82733,0.82763,1.13,2.25
2011.02.03 10:20:04.798,0.82733,0.82763,1.13,2.25
2011.02.03 10:20:06.918,0.82733,0.82763,1.13,2.25
2011.02.03 10:20:07.539,0.82733,0.82763,1.13,2.25
2011.02.03 10:20:09.060,0.82733,0.82763,1.13,2.25
2011.02.03 10:20:09.390,0.82736,0.82763,1.13,2.25
2011.02.03 10:20:13.774,0.82733,0.82763,3.75,2.25
2011.02.03 10:20:14.480,0.82727,0.82763,4.65,2.25
2011.02.03 10:20:17.223,0.82732,0.82763,3.38,2.25
2011.02.03 10:20:17.668,0.82727,0.82763,4.58,2.25
2011.02.03 10:20:18.286,0.8273,0.82763,1.13,2.25
2011.02.03 10:20:22.834,0.8273,0.82763,1.20,2.25
2011.02.03 10:20:25.888,0.8273,0.82763,1.20,2.25
2011.02.03 10:20:26.640,0.82736,0.82763,1.13,2.25
2011.02.03 10:20:27.279,0.82737,0.82771,2.25,3.00
2011.02.03 10:20:28.232,0.82737,0.8277,6.00,3.00
2011.02.03 10:20:28.350,0.82737,0.8277,6.00,3.00
2011.02.03 10:20:37.262,0.82737,0.82768,3.75,3.00
2011.02.03 10:20:37.383,0.82737,0.82768,2.25,3.38
2011.02.03 10:20:37.500,0.82737,0.82768,2.25,3.38
2011.02.03 10:20:45.241,0.82736,0.82763,4.50,2.25
2011.02.03 10:20:45.567,0.82737,0.82767,2.25,1.13
2011.02.03 10:20:46.339,0.82732,0.82764,3.08,2.25
2011.02.03 10:20:47.967,0.82736,0.82764,2.63,2.25
2011.02.03 10:20:48.647,0.82735,0.8276,1.13,2.25
2011.02.03 10:20:48.763,0.82736,0.82771,4.50,3.75
2011.02.03 10:20:48.879,0.82736,0.82767,3.00,1.13
2011.02.03 10:20:49.575,0.82731,0.82764,1.20,2.25
2011.02.03 10:20:50.382,0.8273,0.8276,1.65,2.25
2011.02.03 10:20:50.499,0.82736,0.82763,3.00,1.13
2011.02.03 10:20:50.720,0.82736,0.82768,4.50,1.13
2011.02.03 10:20:53.549,0.82735,0.82761,1.13,3.00
2011.02.03 10:20:53.660,0.82736,0.82761,2.25,2.25
2011.02.03 10:20:53.769,0.82737,0.8277,3.00,3.38
2011.02.03 10:20:54.333,0.82731,0.82763,5.40,2.25
2011.02.03 10:20:54.900,0.82732,0.82763,3.15,2.25
2011.02.03 10:20:56.328,0.82732,0.82763,3.15,2.25
2011.02.03 10:21:00.507,0.82733,0.82763,3.00,2.25
2011.02.03 10:21:05.430,0.82737,0.82763,4.58,1.50
2011.02.03 10:21:05.699,0.82737,0.8277,4.58,3.00
2011.02.03 10:21:08.131,0.82739,0.8277,1.50,3.00
2011.02.03 10:21:08.708,0.82738,0.8277,1.58,3.00
2011.02.03 10:21:26.661,0.82739,0.8277,3.75,3.00
2011.02.03 10:21:27.231,0.82739,0.8277,3.75,3.00
2011.02.03 10:21:32.834,0.82742,0.82774,3.00,2.25
2011.02.03 10:21:39.780,0.82742,0.82772,3.08,1.50
2011.02.03 10:21:45.819,0.82734,0.82764,2.25,4.88
2011.02.03 10:21:47.105,0.82729,0.82764,1.50,4.88
2011.02.03 10:21:47.617,0.82729,0.82764,1.50,4.88
2011.02.03 10:21:48.280,0.82729,0.82756,1.50,2.25
2011.02.03 10:21:48.882,0.82729,0.82763,1.50,2.25
2011.02.03 10:21:49.818,0.82729,0.82763,1.50,2.25
2011.02.03 10:21:50.282,0.82728,0.82763,3.90,2.25
2011.02.03 10:21:53.869,0.82728,0.82763,1.65,2.25
2011.02.03 10:21:54.471,0.82729,0.82763,1.50,2.25
2011.02.03 10:22:01.559,0.82731,0.82763,1.20,2.25
2011.02.03 10:22:02.053,0.82735,0.82763,2.25,2.25
2011.02.03 10:22:02.599,0.82735,0.82763,2.25,2.25
2011.02.03 10:22:09.238,0.82735,0.82764,2.25,2.25
2011.02.03 10:22:09.351,0.8273,0.82761,3.00,3.00
2011.02.03 10:22:11.040,0.8273,0.82761,3.00,3.00
2011.02.03 10:22:11.470,0.8273,0.82754,3.00,1.13
2011.02.03 10:22:11.692,0.8272,0.82751,3.00,3.00
2011.02.03 10:22:12.392,0.8272,0.82751,3.08,3.00
2011.02.03 10:22:13.290,0.8272,0.82751,3.00,3.00
2011.02.03 10:22:17.491,0.8272,0.82751,3.00,3.00
2011.02.03 10:22:19.161,0.8272,0.82751,3.00,3.00
2011.02.03 10:22:20.148,0.8272,0.82751,3.00,3.00
2011.02.03 10:22:20.651,0.8273,0.82761,2.25,3.00
2011.02.03 10:22:20.767,0.82726,0.82759,2.25,1.13
2011.02.03 10:22:20.880,0.82726,0.82759,2.25,1.13
2011.02.03 10:22:21.210,0.82726,0.82759,2.25,1.13
2011.02.03 10:22:23.399,0.82728,0.82761,1.13,3.00
2011.02.03 10:22:25.029,0.8273,0.82754,2.25,1.13
2011.02.03 10:22:25.359,0.82724,0.82759,1.50,1.13
2011.02.03 10:22:30.239,0.82722,0.82753,1.28,2.25
2011.02.03 10:22:30.568,0.82723,0.82753,1.65,2.25
2011.02.03 10:22:31.790,0.82724,0.82753,1.50,2.25
2011.02.03 10:22:32.892,0.82724,0.82753,1.50,2.25
2011.02.03 10:22:33.017,0.82724,0.82753,1.50,2.25
2011.02.03 10:22:33.677,0.82723,0.82753,1.50,2.25
2011.02.03 10:22:36.383,0.82733,0.82762,1.13,3.00
2011.02.03 10:22:36.719,0.82733,0.82764,1.13,2.25
2011.02.03 10:22:37.996,0.8273,0.82761,5.33,3.00
2011.02.03 10:22:38.111,0.8273,0.82761,3.08,3.00
2011.02.03 10:22:39.680,0.8273,0.82761,3.08,3.00
2011.02.03 10:22:40.420,0.8273,0.82761,3.08,3.00
2011.02.03 10:22:42.237,0.8273,0.82761,3.08,3.00
2011.02.03 10:22:42.678,0.82733,0.82761,1.13,3.00
2011.02.03 10:22:43.159,0.82733,0.82764,1.13,2.25
2011.02.03 10:22:43.598,0.82733,0.82764,1.13,2.25
2011.02.03 10:22:49.356,0.82729,0.82763,2.03,2.25
2011.02.03 10:22:50.040,0.82729,0.82763,1.88,2.25
2011.02.03 10:22:51.093,0.82729,0.82763,1.13,2.25
2011.02.03 10:22:52.288,0.82732,0.82763,1.28,2.25
2011.02.03 10:22:52.892,0.8273,0.82761,3.15,3.00
2011.02.03 10:22:54.549,0.82734,0.82763,3.00,2.25
2011.02.03 10:22:54.769,0.82734,0.82758,2.25,3.00
2011.02.03 10:22:55.452,0.8273,0.82761,3.15,3.00
2011.02.03 10:23:09.151,0.8273,0.82761,3.08,3.00
2011.02.03 10:23:09.258,0.8273,0.82761,3.08,3.00
2011.02.03 10:23:23.058,0.82733,0.82761,1.13,3.00
2011.02.03 10:23:23.388,0.82736,0.82767,2.25,3.08
2011.02.03 10:23:24.020,0.82736,0.82767,2.25,3.08
2011.02.03 10:23:24.351,0.82737,0.82772,1.13,3.08
2011.02.03 10:23:24.897,0.82737,0.82769,2.25,1.13
2011.02.03 10:23:25.334,0.82737,0.82769,2.25,1.13
2011.02.03 10:23:31.339,0.8274,0.82772,3.00,3.00
2011.02.03 10:23:31.802,0.82739,0.82773,3.00,4.58
2011.02.03 10:23:40.581,0.82739,0.82773,3.00,4.58
2011.02.03 10:24:24.049,0.82744,0.82773,2.25,3.08
2011.02.03 10:24:24.379,0.82744,0.82774,3.00,2.33
2011.02.03 10:24:24.598,0.8274,0.82772,3.00,3.08
2011.02.03 10:24:25.461,0.8274,0.82772,3.00,3.08
2011.02.03 10:24:26.484,0.8274,0.82772,3.00,3.00
2011.02.03 10:24:27.730,0.8274,0.82772,3.00,3.00
2011.02.03 10:24:27.948,0.8274,0.82772,3.00,3.00
2011.02.03 10:24:43.007,0.8274,0.82772,3.00,3.00
2011.02.03 10:25:03.059,0.8274,0.82772,3.00,3.45
2011.02.03 10:25:03.916,0.8274,0.82772,3.00,3.45
2011.02.03 10:25:07.399,0.8274,0.82772,3.00,3.38
2011.02.03 10:25:17.228,0.8274,0.82772,3.00,3.38
2011.02.03 10:25:17.871,0.8274,0.82772,3.00,3.38
2011.02.03 10:25:18.358,0.8274,0.82772,3.00,3.38
2011.02.03 10:25:30.020,0.8274,0.82772,3.00,3.38
2011.02.03 10:25:33.921,0.8274,0.82772,3.00,3.45
2011.02.03 10:25:38.062,0.8274,0.82772,3.00,3.38
2011.02.03 10:25:44.462,0.8274,0.82772,3.00,3.38
2011.02.03 10:25:48.188,0.8274,0.82772,3.00,3.45
2011.02.03 10:25:56.489,0.8274,0.82772,3.00,3.38
2011.02.03 10:25:57.909,0.8274,0.82772,3.00,3.45
2011.02.03 10:26:02.321,0.8274,0.82772,3.00,3.45
2011.02.03 10:26:20.958,0.8274,0.82767,3.00,1.13
2011.02.03 10:26:21.509,0.82739,0.82771,4.50,1.13
2011.02.03 10:26:38.927,0.82739,0.82771,4.50,1.13
2011.02.03 10:26:39.704,0.82739,0.82771,4.50,1.13
2011.02.03 10:26:44.630,0.82739,0.82771,4.50,1.13
2011.02.03 10:26:45.360,0.82739,0.82771,4.50,1.13
2011.02.03 10:26:45.469,0.82739,0.82771,4.50,1.13
2011.02.03 10:26:51.656,0.82737,0.82765,2.25,1.13
2011.02.03 10:26:52.589,0.82737,0.82765,2.25,1.13
2011.02.03 10:26:52.812,0.82739,0.82771,2.25,3.38
2011.02.03 10:26:53.932,0.82737,0.82766,2.25,1.13
2011.02.03 10:26:54.969,0.82737,0.82766,2.25,1.13
2011.02.03 10:26:57.149,0.82737,0.82771,2.33,3.00
2011.02.03 10:26:57.812,0.82739,0.82772,4.50,1.13
2011.02.03 10:26:59.018,0.82736,0.82766,2.25,1.13
2011.02.03 10:27:01.900,0.82736,0.82766,2.25,1.13
2011.02.03 10:27:03.180,0.82736,0.82766,2.25,1.13
2011.02.03 10:27:05.878,0.82736,0.82766,2.25,1.13
2011.02.03 10:27:08.760,0.82737,0.8277,2.25,1.13
2011.02.03 10:27:11.879,0.82737,0.8277,2.25,1.13
2011.02.03 10:27:14.980,0.82738,0.82766,1.58,1.13
2011.02.03 10:27:15.492,0.82737,0.82769,2.33,1.13
2011.02.03 10:27:19.940,0.82737,0.82773,2.70,1.13
2011.02.03 10:27:24.228,0.82737,0.82773,2.70,1.13
2011.02.03 10:27:24.561,0.82745,0.82774,4.50,2.25
2011.02.03 10:27:25.322,0.82745,0.82774,4.50,2.25
2011.02.03 10:27:26.209,0.82737,0.82773,2.78,1.13
2011.02.03 10:27:27.018,0.82737,0.82773,2.78,1.13
2011.02.03 10:27:29.437,0.82737,0.82773,2.78,1.13
2011.02.03 10:27:30.939,0.82737,0.82773,2.78,1.13
2011.02.03 10:27:53.629,0.82736,0.82774,4.28,2.63
2011.02.03 10:27:55.988,0.82744,0.82774,4.50,2.25
2011.02.03 10:27:56.538,0.82737,0.82773,2.78,1.13
2011.02.03 10:27:59.080,0.82737,0.82773,4.28,2.63
2011.02.03 10:28:00.298,0.82745,0.82773,2.25,2.25
2011.02.03 10:28:16.417,0.82745,0.82773,2.25,2.25
2011.02.03 10:28:18.728,0.82747,0.82773,2.33,1.50
2011.02.03 10:28:18.949,0.82747,0.82784,2.33,2.63
2011.02.03 10:28:19.531,0.82747,0.82784,2.33,2.63
2011.02.03 10:28:20.488,0.82747,0.82784,2.33,2.63
2011.02.03 10:28:20.860,0.82747,0.82784,2.33,2.63
2011.02.03 10:28:21.357,0.82752,0.82783,1.13,2.25
2011.02.03 10:28:22.719,0.82747,0.82783,3.83,2.25
2011.02.03 10:28:23.162,0.82747,0.82776,2.25,3.00
2011.02.03 10:28:23.758,0.82738,0.82773,1.28,2.25
2011.02.03 10:28:25.551,0.82745,0.82773,3.00,2.25
2011.02.03 10:28:26.532,0.82747,0.82779,2.25,3.00
2011.02.03 10:28:27.247,0.82739,0.82775,1.20,1.13
2011.02.03 10:28:31.118,0.82739,0.82774,1.13,2.25
2011.02.03 10:28:31.514,0.82739,0.82774,1.13,2.25
2011.02.03 10:28:51.778,0.82746,0.82779,2.25,3.00
2011.02.03 10:28:52.118,0.82746,0.82779,2.25,3.00
2011.02.03 10:28:52.558,0.82746,0.82779,2.33,3.00
2011.02.03 10:28:53.155,0.82746,0.82779,2.40,3.00
2011.02.03 10:28:56.967,0.82746,0.82779,2.40,3.00
2011.02.03 10:28:57.299,0.82746,0.82779,2.40,3.00
2011.02.03 10:29:02.091,0.82747,0.82779,2.70,3.00
2011.02.03 10:29:28.901,0.82752,0.82783,1.20,2.25
2011.02.03 10:29:29.118,0.82752,0.82783,1.20,2.25
2011.02.03 10:29:30.043,0.82752,0.82783,1.20,2.25
2011.02.03 10:29:30.379,0.82749,0.82783,6.83,4.50
2011.02.03 10:29:37.989,0.82752,0.82783,1.20,2.25
2011.02.03 10:29:38.688,0.82752,0.82783,1.20,2.25
2011.02.03 10:29:40.481,0.82752,0.82783,1.20,2.25
2011.02.03 10:29:45.959,0.82752,0.82784,1.20,2.25
2011.02.03 10:29:46.550,0.82761,0.82784,3.00,2.25
2011.02.03 10:30:02.007,0.82761,0.82792,2.25,2.63
2011.02.03 10:30:02.119,0.82761,0.82789,3.00,1.13
2011.02.03 10:30:07.841,0.82761,0.82789,3.00,1.13
2011.02.03 10:30:08.930,0.82761,0.82789,3.00,1.13
2011.02.03 10:30:09.699,0.82762,0.82794,3.08,2.25
2011.02.03 10:30:10.490,0.82762,0.82794,3.08,2.25
2011.02.03 10:30:11.429,0.82762,0.82794,3.08,2.25
2011.02.03 10:30:13.723,0.8277,0.82801,3.00,1.13
2011.02.03 10:30:14.339,0.8277,0.82803,3.00,3.08
2011.02.03 10:30:15.498,0.8277,0.82803,3.00,3.08
2011.02.03 10:30:17.778,0.8277,0.82803,3.00,3.00
2011.02.03 10:30:18.975,0.82781,0.82812,2.25,3.00
2011.02.03 10:30:19.551,0.82781,0.82812,2.25,3.00
2011.02.03 10:30:20.122,0.82781,0.82812,2.25,3.00
2011.02.03 10:30:20.660,0.82781,0.82812,2.25,3.00
2011.02.03 10:30:21.489,0.82781,0.82812,3.00,3.00
2011.02.03 10:30:22.171,0.82781,0.82812,3.00,3.00
2011.02.03 10:30:23.253,0.82781,0.82812,3.00,3.00
2011.02.03 10:30:23.619,0.82781,0.82812,3.00,3.00
2011.02.03 10:30:24.017,0.82781,0.82812,3.00,3.00
2011.02.03 10:30:25.161,0.82781,0.82812,3.00,3.00
2011.02.03 10:30:29.588,0.82781,0.82812,3.00,3.00
2011.02.03 10:30:30.098,0.82781,0.82812,3.00,3.00
2011.02.03 10:30:31.328,0.82781,0.82812,3.00,3.00
2011.02.03 10:30:43.961,0.82781,0.82812,2.25,3.00
2011.02.03 10:30:44.400,0.82776,0.82808,1.50,1.13
2011.02.03 10:30:44.620,0.82771,0.82802,3.00,3.00
2011.02.03 10:30:46.159,0.82771,0.82802,3.15,3.00
2011.02.03 10:30:46.379,0.8278,0.82808,3.00,3.00
2011.02.03 10:30:46.992,0.8278,0.82808,3.00,3.00
2011.02.03 10:30:47.926,0.8278,0.82813,3.00,4.50
2011.02.03 10:30:49.803,0.8278,0.82813,2.25,4.50
2011.02.03 10:30:54.049,0.82781,0.82812,3.00,3.00
2011.02.03 10:30:56.239,0.82781,0.82812,3.00,3.00
2011.02.03 10:30:59.328,0.82781,0.82812,2.25,3.00
2011.02.03 10:31:00.849,0.82781,0.82812,3.00,3.00
2011.02.03 10:31:16.536,0.82781,0.82812,2.25,3.00
2011.02.03 10:31:21.506,0.82781,0.82812,2.25,3.00
2011.02.03 10:31:26.753,0.82781,0.82812,3.00,3.00
2011.02.03 10:31:27.959,0.82781,0.82809,2.25,1.13
2011.02.03 10:31:28.380,0.82777,0.82808,6.00,3.00
2011.02.03 10:31:30.188,0.82777,0.82803,4.50,2.25
2011.02.03 10:31:31.210,0.82777,0.82803,4.58,2.25
2011.02.03 10:31:31.870,0.82777,0.82803,4.58,2.25
2011.02.03 10:31:33.359,0.82777,0.82803,4.58,2.25
2011.02.03 10:31:43.929,0.82777,0.82803,4.58,2.25
2011.02.03 10:31:44.518,0.82777,0.82803,4.58,2.25
2011.02.03 10:31:49.541,0.82777,0.82804,4.65,2.25
2011.02.03 10:32:02.690,0.82777,0.82804,2.33,2.25
2011.02.03 10:32:03.242,0.82777,0.82803,2.25,1.13
2011.02.03 10:32:03.633,0.82767,0.82799,3.08,1.13
2011.02.03 10:32:03.754,0.82766,0.82799,2.33,1.13
2011.02.03 10:32:06.650,0.82766,0.82795,2.25,3.38
2011.02.03 10:32:07.544,0.82763,0.82793,1.50,2.25
2011.02.03 10:32:11.618,0.82763,0.82793,1.50,2.25
2011.02.03 10:32:12.196,0.82757,0.8279,4.65,3.38
2011.02.03 10:32:14.640,0.82762,0.82793,3.15,2.25
2011.02.03 10:32:17.812,0.82762,0.82793,3.00,2.33
2011.02.03 10:32:18.138,0.82757,0.8279,5.25,1.13
2011.02.03 10:32:18.248,0.82757,0.8279,4.50,1.13
2011.02.03 10:32:19.272,0.82757,0.8279,2.25,1.13
2011.02.03 10:32:26.088,0.82756,0.82791,2.25,1.13
2011.02.03 10:32:28.204,0.82756,0.82786,2.25,1.13
2011.02.03 10:32:29.149,0.82754,0.82784,1.13,2.25
2011.02.03 10:32:33.519,0.82753,0.82784,3.00,2.25
2011.02.03 10:32:34.639,0.82751,0.82783,4.65,1.13
2011.02.03 10:32:34.972,0.82759,0.8279,2.25,3.00
2011.02.03 10:32:35.687,0.82759,0.8279,2.33,3.00
2011.02.03 10:32:36.723,0.82765,0.82794,1.13,2.25
2011.02.03 10:32:40.312,0.82764,0.82794,1.50,2.25
2011.02.03 10:32:41.099,0.82764,0.82794,1.50,2.25
2011.02.03 10:32:41.905,0.82761,0.82794,4.65,2.25
2011.02.03 10:32:46.302,0.82761,0.82794,4.58,2.25
2011.02.03 10:32:46.819,0.82761,0.82794,4.50,2.25
2011.02.03 10:32:46.929,0.82761,0.82794,4.50,2.25
2011.02.03 10:32:47.259,0.82756,0.82792,2.25,3.45
2011.02.03 10:32:47.478,0.82756,0.82792,2.25,3.45
2011.02.03 10:32:48.193,0.82756,0.82792,2.25,3.45
2011.02.03 10:32:50.981,0.82751,0.82783,4.58,2.25
2011.02.03 10:32:54.591,0.82751,0.82782,3.00,1.13
2011.02.03 10:33:12.021,0.82755,0.82779,1.13,3.00
2011.02.03 10:33:12.349,0.82758,0.82789,4.58,3.00
2011.02.03 10:33:12.921,0.82761,0.82794,2.78,2.25
2011.02.03 10:33:13.581,0.82761,0.82794,5.03,2.25
2011.02.03 10:33:15.151,0.82771,0.82794,4.28,2.25
2011.02.03 10:33:15.370,0.82771,0.82801,2.78,3.00
2011.02.03 10:33:15.589,0.82779,0.8281,2.25,3.00
2011.02.03 10:33:16.649,0.82779,0.8281,2.25,3.00
2011.02.03 10:33:17.059,0.82779,0.8281,2.25,3.00
2011.02.03 10:33:17.781,0.82779,0.8281,2.25,3.00
2011.02.03 10:33:18.110,0.82782,0.82813,3.00,2.25
2011.02.03 10:33:18.219,0.82777,0.82811,2.25,1.13
2011.02.03 10:33:18.329,0.82777,0.82811,2.25,1.13
2011.02.03 10:33:19.641,0.82772,0.82803,3.00,2.25
2011.02.03 10:33:34.399,0.82772,0.82803,3.15,2.25
2011.02.03 10:33:35.625,0.82774,0.82803,1.13,2.25
2011.02.03 10:33:36.291,0.82773,0.82803,3.00,2.25
2011.02.03 10:33:37.353,0.82772,0.82803,3.00,2.25
2011.02.03 10:33:37.969,0.82772,0.82803,3.00,2.25
2011.02.03 10:33:39.087,0.82772,0.82803,3.00,2.25
2011.02.03 10:33:41.863,0.82775,0.82803,1.13,2.25
2011.02.03 10:33:42.632,0.82774,0.82803,1.50,2.25
2011.02.03 10:33:42.972,0.8277,0.82803,5.78,2.25
2011.02.03 10:33:46.155,0.82779,0.8281,2.25,3.00
2011.02.03 10:33:49.041,0.82782,0.82813,2.25,2.40
2011.02.03 10:33:50.310,0.82782,0.82813,2.25,2.40
2011.02.03 10:33:50.781,0.82777,0.82812,2.25,1.13
2011.02.03 10:33:51.660,0.82777,0.82807,1.50,1.13
2011.02.03 10:33:51.770,0.82773,0.82807,3.00,1.28
2011.02.03 10:33:54.405,0.82772,0.82803,3.00,2.25
2011.02.03 10:33:54.999,0.82772,0.82803,3.00,2.25
2011.02.03 10:33:55.939,0.82772,0.82802,3.00,1.13
2011.02.03 10:33:56.050,0.82767,0.82802,2.25,1.13
2011.02.03 10:33:56.381,0.82769,0.82803,1.13,2.33
2011.02.03 10:33:56.937,0.82771,0.82803,2.63,2.25
2011.02.03 10:33:57.445,0.82771,0.82803,5.59,2.25
2011.02.03 10:33:58.052,0.8277,0.82803,2.63,2.25
2011.02.03 10:33:58.159,0.8277,0.82803,2.63,2.25
2011.02.03 10:33:58.599,0.8277,0.82803,2.63,2.25
2011.02.03 10:33:59.128,0.8277,0.82803,2.63,2.25
2011.02.03 10:34:01.808,0.8277,0.82803,2.63,2.25
2011.02.03 10:34:04.969,0.8277,0.82803,2.63,2.25
2011.02.03 10:34:05.779,0.8277,0.82803,2.63,2.25
2011.02.03 10:34:09.129,0.82769,0.82801,4.50,3.00
2011.02.03 10:34:15.272,0.82763,0.82794,1.13,2.25
2011.02.03 10:34:15.991,0.82766,0.82793,1.13,2.25
2011.02.03 10:34:16.572,0.82766,0.82793,1.13,2.25
2011.02.03 10:34:20.068,0.82771,0.82793,1.13,2.25
2011.02.03 10:34:20.293,0.82772,0.82804,1.13,2.25
2011.02.03 10:34:20.411,0.82773,0.82799,2.25,1.13
2011.02.03 10:34:20.520,0.82767,0.82803,3.38,2.70
2011.02.03 10:34:21.059,0.82768,0.82803,1.50,1.13
2011.02.03 10:34:23.069,0.82774,0.82804,3.00,2.25
2011.02.03 10:34:23.402,0.82771,0.82804,2.25,4.50
2011.02.03 10:34:24.889,0.82771,0.82804,2.33,4.50
2011.02.03 10:34:25.429,0.82771,0.82804,2.40,4.50
2011.02.03 10:34:25.764,0.82772,0.82804,1.28,4.50
2011.02.03 10:34:26.459,0.82774,0.82804,2.25,2.25
2011.02.03 10:34:26.678,0.82774,0.82804,3.00,2.25
2011.02.03 10:34:27.408,0.82774,0.82804,3.00,2.25
2011.02.03 10:34:29.258,0.82774,0.82804,3.00,2.25
2011.02.03 10:34:30.109,0.82774,0.82804,3.00,2.25
2011.02.03 10:34:33.461,0.82774,0.82804,3.75,2.25
2011.02.03 10:34:35.065,0.82774,0.82804,3.00,2.25
2011.02.03 10:34:35.621,0.82774,0.82804,3.00,2.63
2011.02.03 10:34:35.729,0.82769,0.82804,1.50,2.63
2011.02.03 10:34:36.413,0.82764,0.82795,3.00,3.00
2011.02.03 10:34:37.992,0.82764,0.82793,3.00,2.25
2011.02.03 10:34:38.219,0.82764,0.82793,3.00,2.25
2011.02.03 10:34:42.045,0.82766,0.82793,1.20,2.25
2011.02.03 10:34:42.379,0.82774,0.82804,3.00,2.25
2011.02.03 10:34:42.709,0.82774,0.82803,3.00,2.25
2011.02.03 10:34:44.368,0.82769,0.82803,1.50,2.63
2011.02.03 10:34:47.071,0.82768,0.82798,1.58,1.13
2011.02.03 10:34:49.458,0.82763,0.82793,3.00,2.25
2011.02.03 10:34:52.377,0.82763,0.82793,3.00,2.25
2011.02.03 10:34:53.088,0.82767,0.82793,1.13,2.25
2011.02.03 10:34:53.596,0.82764,0.82793,3.00,2.25
2011.02.03 10:35:01.790,0.82764,0.82793,3.00,2.25
2011.02.03 10:35:02.011,0.82757,0.82785,2.70,3.00
2011.02.03 10:35:02.489,0.82757,0.82793,2.70,2.63
2011.02.03 10:35:03.096,0.82757,0.82793,2.70,2.63
2011.02.03 10:35:03.428,0.82757,0.82789,2.33,1.13
2011.02.03 10:35:04.341,0.82754,0.82783,3.00,2.25
2011.02.03 10:35:05.567,0.82754,0.82783,3.15,2.25
2011.02.03 10:35:08.123,0.82754,0.82783,3.90,2.25
2011.02.03 10:35:08.619,0.82754,0.82783,3.00,2.25
2011.02.03 10:35:09.447,0.82754,0.82783,3.00,2.25
2011.02.03 10:35:11.279,0.82754,0.82783,3.00,1.50
2011.02.03 10:35:11.497,0.82754,0.82783,3.75,2.25
2011.02.03 10:35:12.060,0.82754,0.82783,3.00,2.25
2011.02.03 10:35:15.828,0.82754,0.82783,3.75,1.50
2011.02.03 10:35:17.487,0.82754,0.82783,3.08,2.25
2011.02.03 10:35:18.910,0.82755,0.82783,3.38,2.25
2011.02.03 10:35:27.800,0.82755,0.82784,3.45,1.50
2011.02.03 10:35:28.347,0.82761,0.82794,4.50,2.25
2011.02.03 10:35:28.739,0.82761,0.82794,4.50,2.25
2011.02.03 10:35:37.864,0.82771,0.82794,3.00,2.25
2011.02.03 10:35:37.984,0.82765,0.82794,1.13,1.50
2011.02.03 10:35:38.317,0.82767,0.82794,3.08,1.50
2011.02.03 10:35:44.559,0.82766,0.82794,3.00,2.25
2011.02.03 10:35:45.061,0.82763,0.82794,1.58,2.25
2011.02.03 10:35:46.384,0.82769,0.82794,1.13,2.25
2011.02.03 10:35:47.098,0.82769,0.82794,1.13,2.25
2011.02.03 10:35:47.910,0.82769,0.82794,1.13,1.50
2011.02.03 10:35:49.156,0.82764,0.82794,3.75,2.25
2011.02.03 10:35:49.270,0.82769,0.82794,1.13,2.25
2011.02.03 10:35:50.189,0.82769,0.82794,1.13,2.25
2011.02.03 10:35:50.650,0.82764,0.82794,3.75,4.50
2011.02.03 10:35:53.116,0.82769,0.82794,1.13,2.25
2011.02.03 10:35:55.667,0.82769,0.82794,1.13,1.50
2011.02.03 10:35:57.250,0.82769,0.82794,1.13,2.25
2011.02.03 10:35:57.832,0.82764,0.82794,1.88,2.25
2011.02.03 10:35:58.369,0.82764,0.82794,1.13,2.25
2011.02.03 10:36:00.545,0.82764,0.82794,1.13,2.25
2011.02.03 10:36:01.098,0.82764,0.82794,1.88,2.25
2011.02.03 10:36:01.559,0.82764,0.82794,1.13,2.25
2011.02.03 10:36:02.529,0.82764,0.82794,1.88,2.25
2011.02.03 10:36:04.548,0.82768,0.82794,1.13,2.25
2011.02.03 10:36:04.879,0.82768,0.82794,1.13,1.50
2011.02.03 10:36:05.097,0.82768,0.82803,1.13,3.15
2011.02.03 10:36:07.599,0.82772,0.82804,3.38,4.50
2011.02.03 10:36:12.494,0.82772,0.82805,1.20,3.00
2011.02.03 10:36:13.909,0.82772,0.82803,1.13,2.25
2011.02.03 10:36:14.402,0.82779,0.82803,1.13,1.50
2011.02.03 10:36:14.739,0.82779,0.82803,1.13,1.50
2011.02.03 10:36:16.090,0.82785,0.82814,3.00,2.25
2011.02.03 10:36:16.691,0.82782,0.82813,3.38,2.25
2011.02.03 10:36:17.017,0.82779,0.82813,1.13,2.25
2011.02.03 10:36:17.347,0.82779,0.82813,1.13,2.33
2011.02.03 10:36:20.209,0.82779,0.8281,1.13,1.50
2011.02.03 10:36:20.815,0.82774,0.82803,1.50,2.25
2011.02.03 10:36:21.704,0.82778,0.82803,1.13,1.50
2011.02.03 10:36:21.818,0.82778,0.82813,1.13,3.08
2011.02.03 10:36:25.037,0.82778,0.82813,1.13,3.08
2011.02.03 10:36:25.782,0.82778,0.82813,1.13,3.08
2011.02.03 10:36:29.263,0.82778,0.82813,1.13,3.00
2011.02.03 10:36:31.860,0.82783,0.82814,3.00,4.50
2011.02.03 10:36:34.028,0.82783,0.82814,3.00,4.50
2011.02.03 10:36:34.380,0.82779,0.82814,1.13,4.50
2011.02.03 10:36:38.497,0.82779,0.82814,1.13,4.50
2011.02.03 10:36:38.949,0.82776,0.82807,2.25,1.13
2011.02.03 10:36:39.277,0.82776,0.82804,2.25,3.00
2011.02.03 10:36:39.827,0.82772,0.82803,3.08,2.25
2011.02.03 10:36:42.217,0.82773,0.82803,1.50,2.25
2011.02.03 10:36:42.882,0.82774,0.82803,1.50,2.25
2011.02.03 10:36:43.729,0.82774,0.82803,1.50,2.25
2011.02.03 10:36:44.582,0.82772,0.82803,3.08,2.25
2011.02.03 10:36:45.406,0.82772,0.82803,3.08,2.25
2011.02.03 10:36:46.568,0.82772,0.82803,3.08,2.25
2011.02.03 10:36:47.759,0.82772,0.82803,3.08,2.25
2011.02.03 10:36:48.387,0.82776,0.82804,2.25,3.00
2011.02.03 10:36:48.507,0.82776,0.82805,2.25,3.00
2011.02.03 10:36:56.238,0.82774,0.82804,1.13,2.25
2011.02.03 10:36:56.840,0.82771,0.82803,3.08,2.25
2011.02.03 10:36:56.998,0.82771,0.82803,3.08,2.25
2011.02.03 10:36:58.998,0.82775,0.82803,1.13,1.50
2011.02.03 10:36:59.493,0.82775,0.82803,3.53,1.50
2011.02.03 10:36:59.610,0.82777,0.82811,2.40,1.13
2011.02.03 10:37:04.173,0.82777,0.82811,2.33,1.13
2011.02.03 10:37:05.378,0.82777,0.82804,2.25,3.00
2011.02.03 10:37:08.022,0.82773,0.82803,1.58,2.25
2011.02.03 10:37:09.761,0.82772,0.82803,3.00,2.25
2011.02.03 10:37:10.334,0.82764,0.82794,3.53,2.25
2011.02.03 10:37:10.448,0.82764,0.82794,3.53,2.25
2011.02.03 10:37:11.290,0.82766,0.82802,2.40,1.13
2011.02.03 10:37:12.561,0.82771,0.82804,3.00,2.25
2011.02.03 10:37:12.672,0.82771,0.82804,3.00,2.25
2011.02.03 10:37:18.182,0.82766,0.82801,2.40,1.13
2011.02.03 10:37:21.818,0.82772,0.82804,3.00,4.50
2011.02.03 10:37:26.968,0.82778,0.82804,1.13,4.50
2011.02.03 10:37:27.299,0.82782,0.82811,2.25,1.13
2011.02.03 10:37:27.408,0.82775,0.82811,1.13,1.13
2011.02.03 10:37:32.148,0.82777,0.82811,2.40,1.13
2011.02.03 10:37:32.661,0.82777,0.82811,2.25,1.13
2011.02.03 10:37:33.648,0.82777,0.82807,2.25,1.13
2011.02.03 10:37:34.249,0.82777,0.82804,2.25,3.00
2011.02.03 10:37:34.578,0.82772,0.82801,3.00,1.13
2011.02.03 10:37:34.689,0.82767,0.82801,2.33,1.13
2011.02.03 10:37:39.629,0.82767,0.82801,2.33,1.13
2011.02.03 10:37:42.607,0.82767,0.82801,2.33,1.13
2011.02.03 10:37:46.119,0.82767,0.82796,2.25,1.13
2011.02.03 10:37:46.558,0.82764,0.82794,2.03,1.50
2011.02.03 10:37:47.192,0.82767,0.82802,2.40,1.13
2011.02.03 10:37:49.210,0.82767,0.82797,2.33,1.13
2011.02.03 10:37:50.260,0.82764,0.82794,1.50,2.25
2011.02.03 10:37:50.638,0.82761,0.82794,3.08,2.25
2011.02.03 10:37:51.539,0.82761,0.82794,3.08,2.25
2011.02.03 10:37:52.768,0.82763,0.82794,1.50,2.25
2011.02.03 10:37:52.932,0.82763,0.82794,1.50,2.25
2011.02.03 10:37:56.872,0.82763,0.82794,1.50,2.25
2011.02.03 10:38:00.300,0.82767,0.82794,1.13,2.25
2011.02.03 10:38:02.507,0.82773,0.82804,3.00,2.25
2011.02.03 10:38:03.761,0.82767,0.82803,2.25,4.58
2011.02.03 10:38:04.752,0.82772,0.82803,1.13,2.25
2011.02.03 10:38:07.298,0.82767,0.82803,2.25,2.33
2011.02.03 10:38:08.099,0.82767,0.82803,2.25,2.33
2011.02.03 10:38:08.806,0.82767,0.82803,2.25,2.33
2011.02.03 10:38:10.062,0.82767,0.82803,2.25,2.33
2011.02.03 10:38:10.468,0.82767,0.82803,2.25,2.33
2011.02.03 10:38:10.978,0.82767,0.82803,2.25,2.33
2011.02.03 10:38:11.718,0.82767,0.82803,2.25,2.33
2011.02.03 10:38:12.660,0.82767,0.82803,2.25,2.33
2011.02.03 10:38:14.279,0.82767,0.82803,2.25,2.33
2011.02.03 10:38:16.788,0.82767,0.82803,2.25,2.33
2011.02.03 10:38:17.048,0.82767,0.82803,2.25,2.33
2011.02.03 10:38:18.150,0.82767,0.82803,2.25,2.33
2011.02.03 10:38:18.265,0.82767,0.82795,2.25,3.00
2011.02.03 10:38:18.380,0.82763,0.82793,1.58,2.25
2011.02.03 10:38:19.102,0.82766,0.82795,2.25,3.00
2011.02.03 10:38:19.541,0.82766,0.82795,2.25,3.00
2011.02.03 10:38:20.373,0.82766,0.82795,2.25,3.00
2011.02.03 10:38:23.343,0.82772,0.82795,1.13,3.00
2011.02.03 10:38:23.910,0.82776,0.82806,2.25,3.00
2011.02.03 10:38:24.317,0.82776,0.82806,2.25,3.00
2011.02.03 10:38:35.539,0.82776,0.82806,2.25,3.38
2011.02.03 10:38:39.320,0.82776,0.82806,2.25,3.38
2011.02.03 10:38:39.468,0.82776,0.82806,2.25,3.38
2011.02.03 10:38:42.607,0.82776,0.82806,2.25,3.38
2011.02.03 10:38:44.573,0.82776,0.82806,2.25,3.38
2011.02.03 10:38:46.406,0.82776,0.82806,2.25,3.38
2011.02.03 10:38:57.699,0.82776,0.82806,2.25,3.38
2011.02.03 10:39:02.831,0.82776,0.82806,2.25,3.38
2011.02.03 10:39:05.208,0.82776,0.82806,2.25,3.38
2011.02.03 10:39:09.979,0.82776,0.82806,2.25,3.38
2011.02.03 10:39:11.508,0.82777,0.8281,4.50,3.00
2011.02.03 10:39:20.432,0.82777,0.8281,6.00,3.08
2011.02.03 10:39:21.619,0.82777,0.82806,3.75,1.13
2011.02.03 10:39:22.179,0.82772,0.82803,3.00,2.63
2011.02.03 10:39:22.638,0.82768,0.82797,1.50,3.00
2011.02.03 10:39:27.156,0.82772,0.82803,3.00,2.25
2011.02.03 10:39:39.567,0.82772,0.82803,3.00,2.25
2011.02.03 10:40:05.270,0.82772,0.82804,3.00,2.25
2011.02.03 10:40:08.740,0.82772,0.82804,3.00,2.25
2011.02.03 10:40:09.481,0.82772,0.82804,3.00,2.25
2011.02.03 10:40:10.977,0.82772,0.82804,3.00,2.25
2011.02.03 10:40:11.487,0.82772,0.82804,3.00,2.25
2011.02.03 10:40:12.090,0.82772,0.82804,3.00,2.25
2011.02.03 10:40:12.427,0.82772,0.82804,3.00,2.25
2011.02.03 10:40:12.690,0.82772,0.82804,3.00,2.25
2011.02.03 10:40:14.232,0.82772,0.82803,3.00,2.25
2011.02.03 10:40:16.488,0.82772,0.82803,3.00,2.25
2011.02.03 10:40:17.756,0.82764,0.82802,4.88,1.20
2011.02.03 10:40:18.092,0.82769,0.82793,2.25,2.25
2011.02.03 10:40:19.457,0.82767,0.82802,2.25,1.13
2011.02.03 10:40:20.343,0.82767,0.82802,2.25,1.13
2011.02.03 10:40:21.715,0.82767,0.82802,2.25,1.13
2011.02.03 10:40:22.337,0.82767,0.82802,2.25,1.13
2011.02.03 10:40:23.498,0.82767,0.82802,2.25,1.13
2011.02.03 10:40:24.343,0.82767,0.82795,2.25,3.00
2011.02.03 10:40:24.678,0.82767,0.82801,2.25,1.13
2011.02.03 10:40:25.681,0.82767,0.82801,2.25,1.13
2011.02.03 10:40:26.869,0.82767,0.82801,2.25,1.13
2011.02.03 10:40:31.058,0.82767,0.82801,2.25,1.13
2011.02.03 10:40:31.831,0.82772,0.82803,3.00,2.25
2011.02.03 10:40:32.432,0.82772,0.82803,3.00,2.25
2011.02.03 10:40:33.086,0.82772,0.82803,3.00,2.25
2011.02.03 10:40:33.421,0.82775,0.82803,2.25,2.25
2011.02.03 10:40:33.639,0.82775,0.82803,3.00,2.25
2011.02.03 10:40:34.214,0.82775,0.82803,3.00,2.25
2011.02.03 10:40:34.902,0.82778,0.82814,4.88,2.25
2011.02.03 10:40:35.754,0.82778,0.82814,4.88,2.25
2011.02.03 10:40:37.783,0.82776,0.82806,1.50,3.00
2011.02.03 10:40:38.820,0.82773,0.82803,3.00,2.25
2011.02.03 10:40:40.666,0.82777,0.82803,1.50,2.25
2011.02.03 10:40:41.128,0.82777,0.82803,2.25,2.25
2011.02.03 10:40:42.410,0.82777,0.82801,1.50,3.00
2011.02.03 10:40:42.522,0.8277,0.82801,2.70,3.00
2011.02.03 10:40:42.982,0.8277,0.82801,2.70,3.00
2011.02.03 10:40:44.650,0.82773,0.82804,2.25,2.25
2011.02.03 10:40:45.509,0.82768,0.82801,3.00,1.13
2011.02.03 10:40:46.669,0.82772,0.82804,3.00,4.50
2011.02.03 10:40:48.628,0.82772,0.82804,3.00,4.50
2011.02.03 10:40:50.471,0.82772,0.82804,3.00,4.50
2011.02.03 10:40:52.124,0.82772,0.82804,3.00,4.50
2011.02.03 10:40:52.458,0.82777,0.82804,3.00,2.25
2011.02.03 10:40:53.057,0.82777,0.82808,4.50,3.00
2011.02.03 10:40:55.058,0.82777,0.82809,2.25,3.00
2011.02.03 10:40:55.789,0.82778,0.82808,1.13,3.00
2011.02.03 10:40:56.698,0.8278,0.82813,3.00,4.50
2011.02.03 10:40:57.242,0.8278,0.82813,3.00,4.50
2011.02.03 10:40:59.440,0.82778,0.8281,1.50,1.13
2011.02.03 10:41:00.768,0.82777,0.8281,2.25,1.13
2011.02.03 10:41:01.207,0.82777,0.8281,2.25,1.13
2011.02.03 10:41:03.043,0.8278,0.82813,3.00,4.50
2011.02.03 10:41:04.809,0.8278,0.82805,2.25,1.13
2011.02.03 10:41:05.328,0.8278,0.82812,3.00,1.13
2011.02.03 10:41:05.659,0.82781,0.82812,3.00,3.00
2011.02.03 10:41:05.988,0.82776,0.82811,2.25,1.13
2011.02.03 10:41:09.395,0.82776,0.82811,4.50,1.13
2011.02.03 10:41:10.334,0.82787,0.82821,2.25,3.00
2011.02.03 10:41:10.668,0.82787,0.82819,2.25,1.13
2011.02.03 10:41:11.194,0.82787,0.82819,2.25,1.13
2011.02.03 10:41:12.068,0.82787,0.82819,2.25,1.13
2011.02.03 10:41:16.539,0.82787,0.82818,2.25,1.50
2011.02.03 10:41:21.359,0.82787,0.82811,1.88,3.00
2011.02.03 10:41:21.469,0.82787,0.82821,2.63,3.75
2011.02.03 10:41:22.040,0.82786,0.82818,2.25,1.13
2011.02.03 10:41:22.557,0.82786,0.82818,2.25,1.13
2011.02.03 10:41:24.940,0.82788,0.82822,3.00,3.00
2011.02.03 10:41:33.361,0.82786,0.82821,2.25,3.00
2011.02.03 10:41:33.688,0.82789,0.82821,3.00,3.00
2011.02.03 10:41:49.859,0.82789,0.82819,3.00,1.13
2011.02.03 10:41:52.068,0.82789,0.82821,3.00,3.00
2011.02.03 10:41:53.877,0.82789,0.82818,3.00,1.13
2011.02.03 10:42:02.398,0.82786,0.82818,2.25,1.13
2011.02.03 10:42:03.867,0.82786,0.82818,2.25,1.13
2011.02.03 10:42:04.717,0.82786,0.82818,2.25,1.13
2011.02.03 10:42:05.567,0.82786,0.82818,2.25,1.13
2011.02.03 10:42:05.790,0.82786,0.82818,2.25,1.13
2011.02.03 10:42:06.485,0.82786,0.82818,2.25,1.13
2011.02.03 10:42:06.788,0.82786,0.82818,2.25,1.13
2011.02.03 10:42:13.409,0.82786,0.82818,1.50,1.13
2011.02.03 10:42:14.368,0.82787,0.82818,1.50,1.13
2011.02.03 10:42:20.113,0.82787,0.82818,2.25,1.13
2011.02.03 10:42:24.211,0.82779,0.82811,3.00,3.00
2011.02.03 10:42:24.319,0.82778,0.82811,6.08,3.00
2011.02.03 10:42:25.171,0.82779,0.82811,1.50,3.00
2011.02.03 10:42:25.776,0.82778,0.82811,3.83,3.00
2011.02.03 10:42:27.008,0.82782,0.82813,1.20,2.25
2011.02.03 10:42:27.120,0.82782,0.82813,1.20,2.25
2011.02.03 10:42:28.834,0.82782,0.82813,1.20,2.25
2011.02.03 10:42:29.727,0.82782,0.82813,1.20,2.25
2011.02.03 10:42:33.871,0.82786,0.82813,1.88,2.25
2011.02.03 10:42:34.393,0.82788,0.82821,2.25,1.50
2011.02.03 10:42:34.517,0.82784,0.8281,2.25,3.00
2011.02.03 10:42:36.438,0.82779,0.8281,3.08,3.00
2011.02.03 10:42:45.310,0.82782,0.8281,1.20,3.00
2011.02.03 10:42:45.912,0.82782,0.82814,1.20,2.25
2011.02.03 10:42:46.029,0.82782,0.82814,1.20,2.25
2011.02.03 10:42:48.042,0.82782,0.82814,1.20,2.25
2011.02.03 10:42:48.164,0.82782,0.82814,1.20,2.25
2011.02.03 10:42:48.498,0.82787,0.82818,2.25,1.13
2011.02.03 10:42:48.609,0.82787,0.82818,2.25,1.13
2011.02.03 10:42:49.843,0.82787,0.82818,2.25,1.13
2011.02.03 10:42:52.221,0.82787,0.82818,2.25,1.13
2011.02.03 10:42:52.959,0.82787,0.82818,1.50,1.13
2011.02.03 10:43:01.137,0.82787,0.82818,1.50,1.13
2011.02.03 10:43:01.588,0.82787,0.82818,1.50,1.13
2011.02.03 10:43:03.971,0.82787,0.82818,1.50,1.13
2011.02.03 10:43:04.663,0.82787,0.82818,2.25,1.13
2011.02.03 10:43:04.773,0.82787,0.82818,1.50,1.13
2011.02.03 10:43:06.099,0.82787,0.8282,1.50,3.00
2011.02.03 10:43:10.778,0.82787,0.82818,1.50,1.13
2011.02.03 10:43:12.060,0.82787,0.82818,1.50,1.13
2011.02.03 10:43:13.419,0.82786,0.82818,1.50,1.13
2011.02.03 10:43:13.908,0.82786,0.82818,2.25,1.13
2011.02.03 10:43:14.431,0.82786,0.82818,1.50,1.13
2011.02.03 10:43:14.979,0.82786,0.82818,2.25,1.13
2011.02.03 10:43:16.988,0.82786,0.82818,2.25,1.13
2011.02.03 10:43:17.157,0.82786,0.82818,2.25,1.13
2011.02.03 10:43:17.637,0.82786,0.82818,2.25,1.13
2011.02.03 10:43:18.702,0.82786,0.82818,2.25,1.13
2011.02.03 10:43:18.821,0.82786,0.82821,2.25,1.50
2011.02.03 10:43:19.258,0.82779,0.82811,1.50,3.00
2011.02.03 10:43:19.588,0.82779,0.82811,1.50,3.00
2011.02.03 10:43:21.140,0.82781,0.82814,3.00,2.25
2011.02.03 10:43:21.838,0.82781,0.82814,3.00,2.25
2011.02.03 10:43:22.057,0.82781,0.82814,3.00,2.63
2011.02.03 10:43:22.851,0.8278,0.82814,5.63,2.25
2011.02.03 10:43:25.194,0.82779,0.8281,3.75,3.00
2011.02.03 10:43:25.748,0.82779,0.8281,3.00,3.00
2011.02.03 10:43:32.439,0.82779,0.8281,3.00,3.00
2011.02.03 10:43:32.958,0.82776,0.82806,2.25,1.13
2011.02.03 10:43:33.181,0.82776,0.82802,2.25,3.00
2011.02.03 10:43:33.831,0.82767,0.82801,2.25,1.13
2011.02.03 10:43:34.377,0.82767,0.82801,2.25,1.13
2011.02.03 10:43:35.049,0.82767,0.82801,2.25,1.13
2011.02.03 10:43:36.297,0.82767,0.82801,2.25,1.13
2011.02.03 10:43:37.352,0.82767,0.82801,2.25,1.13
2011.02.03 10:43:37.691,0.8277,0.82803,3.00,4.50
2011.02.03 10:43:40.080,0.82769,0.82799,2.25,3.00
2011.02.03 10:43:42.348,0.82763,0.82794,1.20,2.25
2011.02.03 10:43:42.955,0.82775,0.82804,2.25,2.25
2011.02.03 10:43:43.316,0.8277,0.82803,3.00,4.50
2011.02.03 10:43:43.433,0.8277,0.82803,3.00,4.50
2011.02.03 10:43:46.740,0.82767,0.82801,2.63,3.00
2011.02.03 10:43:46.959,0.8277,0.82801,3.00,1.13
2011.02.03 10:43:47.068,0.82767,0.82801,2.40,1.13
2011.02.03 10:43:52.138,0.8277,0.82803,3.00,4.50
2011.02.03 10:43:52.938,0.8277,0.82801,3.00,1.13
2011.02.03 10:43:53.378,0.82762,0.82794,3.00,4.50
2011.02.03 10:43:53.598,0.82762,0.82794,3.00,4.50
2011.02.03 10:43:53.817,0.82762,0.82794,3.00,4.50
2011.02.03 10:43:54.778,0.82764,0.82794,1.13,4.50
2011.02.03 10:43:55.108,0.82764,0.82794,1.13,2.25
2011.02.03 10:44:01.479,0.82771,0.82802,3.00,3.00
2011.02.03 10:44:02.479,0.82766,0.828,2.25,1.13
2011.02.03 10:44:05.964,0.82758,0.82794,1.20,2.25
2011.02.03 10:44:06.079,0.82758,0.82794,3.45,2.25
2011.02.03 10:44:10.539,0.82758,0.82794,3.38,2.25
2011.02.03 10:44:12.687,0.82756,0.82792,2.25,1.13
2011.02.03 10:44:12.908,0.82756,0.82792,2.25,1.13
2011.02.03 10:44:14.832,0.82756,0.82792,2.33,1.13
2011.02.03 10:44:16.303,0.82756,0.82792,2.25,1.13
2011.02.03 10:44:21.749,0.82759,0.82794,1.13,5.25
2011.02.03 10:44:22.312,0.82763,0.82794,1.13,2.25
2011.02.03 10:44:22.917,0.82767,0.828,2.25,1.13
2011.02.03 10:44:23.752,0.82767,0.82795,2.25,1.13
2011.02.03 10:44:23.871,0.82767,0.82795,2.25,1.13
2011.02.03 10:44:24.660,0.82759,0.82794,1.13,2.25
2011.02.03 10:44:26.338,0.8276,0.82794,3.00,2.25
2011.02.03 10:44:28.021,0.8276,0.82794,3.00,2.25
2011.02.03 10:44:39.874,0.82767,0.82796,2.25,1.13
2011.02.03 10:44:40.923,0.82767,0.82796,1.50,1.13
2011.02.03 10:44:41.558,0.82757,0.82792,2.25,1.13
2011.02.03 10:44:44.310,0.82757,0.82792,2.25,1.20
2011.02.03 10:44:44.989,0.82757,0.82792,2.25,1.20
2011.02.03 10:44:46.896,0.8276,0.82793,3.00,4.50
2011.02.03 10:44:47.230,0.8276,0.82793,3.00,4.50
2011.02.03 10:44:50.752,0.8276,0.82793,3.00,4.50
2011.02.03 10:44:53.415,0.82757,0.82792,2.25,3.38
2011.02.03 10:44:53.529,0.82757,0.82792,2.25,3.38
2011.02.03 10:44:54.144,0.82747,0.82783,3.38,1.13
2011.02.03 10:44:54.371,0.82747,0.82783,1.13,1.13
2011.02.03 10:44:55.163,0.82749,0.82779,1.13,1.50
2011.02.03 10:44:55.499,0.82751,0.82783,3.00,2.25
2011.02.03 10:44:56.169,0.82747,0.82781,2.25,1.13
2011.02.03 10:44:56.838,0.82747,0.82782,2.25,1.13
2011.02.03 10:44:57.169,0.82744,0.82773,5.63,1.50
2011.02.03 10:44:57.540,0.82744,0.82773,5.63,1.50
2011.02.03 10:44:57.658,0.82753,0.82784,1.13,2.25
2011.02.03 10:44:57.768,0.82753,0.82784,1.13,2.25
2011.02.03 10:44:59.363,0.82754,0.82784,1.50,2.25
2011.02.03 10:45:02.106,0.82754,0.82784,1.50,2.25
2011.02.03 10:45:05.139,0.82757,0.82784,1.20,2.25
2011.02.03 10:45:05.887,0.82761,0.82794,3.00,4.58
2011.02.03 10:45:07.588,0.8276,0.82793,3.00,3.83
2011.02.03 10:45:08.150,0.82756,0.8279,2.25,1.13
2011.02.03 10:45:11.731,0.82754,0.82784,1.50,2.25
2011.02.03 10:45:20.388,0.82754,0.82784,1.50,2.25
2011.02.03 10:45:23.471,0.82756,0.82789,2.25,1.13
2011.02.03 10:45:24.068,0.82756,0.82789,2.25,1.13
2011.02.03 10:45:27.798,0.82756,0.82789,2.25,1.13
2011.02.03 10:45:29.419,0.82753,0.82784,6.38,2.25
2011.02.03 10:45:31.979,0.82755,0.82784,1.13,2.25
2011.02.03 10:45:39.079,0.82753,0.82784,3.38,2.25
2011.02.03 10:45:39.518,0.82753,0.82784,3.38,2.25
2011.02.03 10:45:45.427,0.82753,0.82784,3.38,2.25
2011.02.03 10:45:58.399,0.82753,0.82783,3.38,2.25
2011.02.03 10:46:08.254,0.82761,0.82793,2.25,3.00
2011.02.03 10:46:08.481,0.82761,0.82794,5.25,4.50
2011.02.03 10:46:11.529,0.82761,0.82794,3.00,4.50
2011.02.03 10:46:11.748,0.82761,0.82794,3.00,4.50
2011.02.03 10:46:12.128,0.82761,0.82794,3.00,4.50
2011.02.03 10:46:13.449,0.82761,0.82794,3.00,4.50
2011.02.03 10:46:15.690,0.82761,0.82794,3.00,4.50
2011.02.03 10:46:16.084,0.82761,0.82794,3.00,4.50
2011.02.03 10:46:17.888,0.82761,0.82794,3.00,4.50
2011.02.03 10:46:19.279,0.82761,0.82794,3.00,4.50
2011.02.03 10:46:20.121,0.82761,0.82794,3.00,4.50
2011.02.03 10:46:20.233,0.82761,0.82794,3.00,4.50
2011.02.03 10:46:20.350,0.82761,0.82794,3.00,4.50
2011.02.03 10:46:21.268,0.82761,0.82794,3.00,4.50
2011.02.03 10:46:21.648,0.82761,0.82794,3.00,4.50
2011.02.03 10:46:22.627,0.82761,0.82794,3.00,4.50
2011.02.03 10:46:23.179,0.82761,0.82794,3.00,4.50
2011.02.03 10:46:27.603,0.82761,0.82794,3.00,4.50
2011.02.03 10:46:32.080,0.82761,0.82794,3.00,4.50
2011.02.03 10:46:32.187,0.82761,0.82794,3.00,4.50
2011.02.03 10:46:32.408,0.82765,0.82794,3.00,2.25
2011.02.03 10:46:33.129,0.82765,0.82794,3.00,2.25
2011.02.03 10:46:33.920,0.82766,0.82794,3.45,2.25
2011.02.03 10:46:34.036,0.82762,0.82794,3.45,2.25
2011.02.03 10:46:35.123,0.82763,0.828,1.20,1.13
2011.02.03 10:46:35.668,0.82763,0.82793,1.20,2.25
2011.02.03 10:46:39.199,0.82764,0.82793,1.50,2.25
2011.02.03 10:46:43.171,0.82767,0.82804,1.28,4.50
2011.02.03 10:46:43.858,0.82771,0.82804,3.08,4.50
2011.02.03 10:46:44.386,0.82771,0.82804,3.08,4.50
2011.02.03 10:46:46.704,0.82771,0.82804,3.08,4.50
2011.02.03 10:46:49.498,0.82771,0.82804,3.00,4.50
2011.02.03 10:46:55.633,0.82771,0.82804,3.15,4.50
2011.02.03 10:46:55.749,0.82771,0.82804,3.15,4.50
2011.02.03 10:46:56.449,0.82773,0.82804,1.13,2.25
2011.02.03 10:47:07.209,0.82773,0.82803,1.13,2.25
2011.02.03 10:47:15.018,0.82773,0.82803,1.13,2.25
2011.02.03 10:47:15.129,0.82773,0.82803,1.13,2.25
2011.02.03 10:47:15.457,0.82773,0.82803,1.13,2.25
2011.02.03 10:47:16.720,0.82773,0.82803,1.13,2.25
2011.02.03 10:47:17.315,0.82773,0.82803,1.13,2.25
2011.02.03 10:47:17.883,0.82773,0.82803,1.13,2.25
2011.02.03 10:47:23.980,0.82773,0.82803,1.13,2.25
2011.02.03 10:47:35.151,0.82773,0.82804,1.13,2.25
2011.02.03 10:47:37.001,0.82773,0.82804,1.13,2.25
2011.02.03 10:47:39.543,0.82773,0.82804,1.13,2.25
2011.02.03 10:47:39.879,0.82773,0.82804,1.13,2.25
2011.02.03 10:47:40.101,0.82769,0.828,1.50,1.50
2011.02.03 10:47:40.221,0.82764,0.828,1.50,1.50
2011.02.03 10:47:40.780,0.82759,0.82794,3.00,2.25
2011.02.03 10:47:48.979,0.8276,0.82794,1.13,2.25
2011.02.03 10:47:52.259,0.82756,0.82794,5.03,2.63
2011.02.03 10:47:52.949,0.82756,0.82783,3.00,2.25
2011.02.03 10:47:53.499,0.82754,0.82783,3.00,2.25
2011.02.03 10:47:54.923,0.82754,0.82779,2.25,1.50
2011.02.03 10:47:55.041,0.82747,0.82775,1.13,3.00
2011.02.03 10:47:55.260,0.8275,0.82773,3.00,2.25
2011.02.03 10:47:55.705,0.82746,0.82773,3.00,2.25
2011.02.03 10:47:56.948,0.82746,0.82774,3.00,2.25
2011.02.03 10:47:57.796,0.82745,0.82774,3.00,2.25
2011.02.03 10:48:02.008,0.82747,0.82774,3.00,2.25
2011.02.03 10:48:02.318,0.82747,0.82774,3.00,2.25
2011.02.03 10:48:03.039,0.82747,0.82784,3.15,2.25
2011.02.03 10:48:05.110,0.82746,0.82775,2.25,3.00
2011.02.03 10:48:06.139,0.82746,0.82774,1.13,2.25
2011.02.03 10:48:08.619,0.82753,0.82783,3.00,2.25
2011.02.03 10:48:09.731,0.82753,0.82779,2.25,1.13
2011.02.03 10:48:10.196,0.82744,0.82775,3.00,3.00
2011.02.03 10:48:10.689,0.82746,0.82774,1.13,2.25
2011.02.03 10:48:14.202,0.82734,0.8277,4.88,1.13
2011.02.03 10:48:14.881,0.82734,0.82763,1.88,2.25
2011.02.03 10:48:14.989,0.82734,0.82763,1.13,2.25
2011.02.03 10:48:19.959,0.82742,0.82763,1.13,1.50
2011.02.03 10:48:20.630,0.82742,0.82763,1.13,1.50
2011.02.03 10:48:20.754,0.82742,0.82774,1.13,2.25
2011.02.03 10:48:21.599,0.82742,0.82774,1.20,2.25
2011.02.03 10:48:22.411,0.82747,0.82774,1.13,2.25
2011.02.03 10:48:25.348,0.82745,0.82774,3.00,2.25
2011.02.03 10:48:25.568,0.82744,0.82774,3.00,2.25
2011.02.03 10:48:26.770,0.82744,0.82774,3.00,2.63
2011.02.03 10:48:27.098,0.8274,0.82771,3.08,3.00
2011.02.03 10:48:28.638,0.82743,0.82774,3.15,2.25
2011.02.03 10:48:29.999,0.82743,0.82774,3.00,2.25
2011.02.03 10:48:32.439,0.82736,0.82765,2.40,1.13
2011.02.03 10:48:32.554,0.82736,0.8276,2.25,1.13
2011.02.03 10:48:32.782,0.82731,0.82764,1.13,1.50
2011.02.03 10:48:34.360,0.82735,0.82763,1.13,2.25
2011.02.03 10:48:35.147,0.82732,0.82763,3.08,2.25
2011.02.03 10:48:38.045,0.82744,0.82763,2.25,1.50
2011.02.03 10:48:38.731,0.82742,0.82774,1.20,2.25
2011.02.03 10:48:38.845,0.82742,0.82773,3.45,2.25
2011.02.03 10:48:39.638,0.82742,0.82773,3.45,2.25
2011.02.03 10:48:39.970,0.82742,0.82763,3.38,1.50
2011.02.03 10:48:40.661,0.82742,0.82774,1.13,2.25
2011.02.03 10:48:41.251,0.82742,0.82774,1.13,2.25
2011.02.03 10:48:44.759,0.82738,0.82774,4.13,2.63
2011.02.03 10:48:45.696,0.82742,0.82774,2.63,2.25
2011.02.03 10:48:47.340,0.82742,0.82774,2.63,2.25
2011.02.03 10:48:47.897,0.82737,0.82774,3.53,2.25
2011.02.03 10:48:48.232,0.82738,0.82774,5.33,2.63
2011.02.03 10:48:48.825,0.82737,0.82774,3.38,4.88
2011.02.03 10:48:49.403,0.82737,0.82764,3.45,2.25
2011.02.03 10:48:49.522,0.8274,0.82774,1.13,4.50
2011.02.03 10:48:49.761,0.82743,0.82774,3.00,2.25
2011.02.03 10:48:50.699,0.82743,0.82774,3.00,2.25
2011.02.03 10:48:51.315,0.82736,0.82767,2.25,3.00
2011.02.03 10:48:51.648,0.82736,0.82774,7.13,4.50
2011.02.03 10:48:51.757,0.82736,0.82774,7.13,4.50
2011.02.03 10:48:54.590,0.82743,0.82774,3.00,2.25
2011.02.03 10:48:55.251,0.82743,0.82766,2.25,1.13
2011.02.03 10:48:55.723,0.82733,0.82763,1.50,3.00
2011.02.03 10:48:56.058,0.82736,0.82764,3.38,2.25
2011.02.03 10:48:57.398,0.82738,0.82764,3.00,1.50
2011.02.03 10:48:57.990,0.82736,0.82774,7.13,4.50
2011.02.03 10:49:00.688,0.82736,0.82774,7.20,4.50
2011.02.03 10:49:07.604,0.82736,0.82774,7.20,4.50
2011.02.03 10:49:08.116,0.82736,0.82774,7.20,4.50
2011.02.03 10:49:08.227,0.82736,0.82774,7.20,4.50
2011.02.03 10:49:10.292,0.82736,0.82774,7.20,4.50
2011.02.03 10:49:10.739,0.82736,0.82774,7.20,4.50
2011.02.03 10:49:11.839,0.82736,0.82774,7.20,4.50
2011.02.03 10:49:14.368,0.82744,0.82774,3.00,2.25
2011.02.03 10:49:14.994,0.82745,0.82774,1.13,2.25
2011.02.03 10:49:15.319,0.82751,0.82783,3.00,2.25
2011.02.03 10:49:17.127,0.82751,0.82774,2.25,1.13
2011.02.03 10:49:17.247,0.82739,0.82767,1.50,3.00
2011.02.03 10:49:17.689,0.82737,0.82767,2.25,3.00
2011.02.03 10:49:18.268,0.82737,0.82767,2.25,3.00
2011.02.03 10:49:19.539,0.82737,0.82767,2.25,3.00
2011.02.03 10:49:20.651,0.82737,0.82767,2.25,3.00
2011.02.03 10:49:20.868,0.82737,0.82767,2.25,3.00
2011.02.03 10:49:21.878,0.82739,0.82772,3.00,3.00
2011.02.03 10:49:22.109,0.82746,0.82782,1.13,1.13
2011.02.03 10:49:22.681,0.82747,0.82776,2.25,3.00
2011.02.03 10:49:23.410,0.82743,0.82773,3.00,2.25
2011.02.03 10:49:27.941,0.82746,0.82773,1.13,2.25
2011.02.03 10:49:28.918,0.82746,0.82782,2.63,1.13
2011.02.03 10:49:29.468,0.82751,0.82784,4.50,4.50
2011.02.03 10:49:29.798,0.82751,0.82784,4.50,4.50
2011.02.03 10:49:30.690,0.82751,0.82776,4.50,1.13
2011.02.03 10:49:31.017,0.8274,0.82772,2.25,3.00
2011.02.03 10:49:31.563,0.8274,0.82772,2.25,3.00
2011.02.03 10:49:34.737,0.8274,0.82772,2.25,3.00
2011.02.03 10:49:34.959,0.8274,0.82772,2.40,3.00
2011.02.03 10:49:35.476,0.82745,0.82773,3.38,2.25
2011.02.03 10:49:36.029,0.82745,0.82773,5.63,1.50
2011.02.03 10:49:37.390,0.82745,0.82773,3.45,1.50
2011.02.03 10:49:40.219,0.82746,0.82783,2.33,3.38
2011.02.03 10:49:41.890,0.82742,0.82771,3.08,3.00
2011.02.03 10:49:42.280,0.8274,0.82771,4.58,3.00
2011.02.03 10:49:42.990,0.8274,0.82771,4.58,3.00
2011.02.03 10:49:47.954,0.82745,0.82771,1.13,3.00
2011.02.03 10:49:48.168,0.82743,0.82774,3.00,2.25
2011.02.03 10:49:49.709,0.82743,0.82774,3.08,2.25
2011.02.03 10:49:51.637,0.82739,0.82772,6.00,3.00
2011.02.03 10:49:53.181,0.82743,0.82774,3.15,1.50
2011.02.03 10:49:53.298,0.82743,0.82774,3.15,1.50
2011.02.03 10:49:53.869,0.82746,0.82774,1.13,1.50
2011.02.03 10:49:55.021,0.82749,0.82783,1.13,2.25
2011.02.03 10:49:55.249,0.82752,0.82783,3.00,4.50
2011.02.03 10:49:55.735,0.82752,0.8278,3.00,3.38
2011.02.03 10:49:55.961,0.82746,0.82772,1.28,2.25
2011.02.03 10:49:56.301,0.82746,0.82773,1.13,1.50
2011.02.03 10:49:57.030,0.82746,0.82773,1.13,1.50
2011.02.03 10:49:58.408,0.82743,0.82773,3.00,1.50
2011.02.03 10:49:59.710,0.82745,0.82773,3.38,1.50
2011.02.03 10:50:01.611,0.82745,0.82773,3.45,2.25
2011.02.03 10:50:02.157,0.8274,0.82771,4.50,2.25
2011.02.03 10:50:03.222,0.8274,0.82771,4.50,2.25
2011.02.03 10:50:03.453,0.8274,0.82771,4.50,2.25
2011.02.03 10:50:03.790,0.82741,0.82771,1.13,2.25
2011.02.03 10:50:03.901,0.82743,0.82773,3.00,1.50
2011.02.03 10:50:04.014,0.82738,0.82771,3.00,3.00
2011.02.03 10:50:04.486,0.82736,0.82764,6.00,1.50
2011.02.03 10:50:04.710,0.82741,0.82773,1.13,1.50
2011.02.03 10:50:07.738,0.82738,0.82773,3.00,2.63
2011.02.03 10:50:07.847,0.82738,0.82769,3.00,1.13
2011.02.03 10:50:08.178,0.82733,0.82763,1.50,1.50
2011.02.03 10:50:09.549,0.82737,0.82763,1.20,1.50
2011.02.03 10:50:09.669,0.82739,0.82771,1.50,2.63
2011.02.03 10:50:10.279,0.82736,0.82769,2.25,1.13
2011.02.03 10:50:11.115,0.82735,0.82763,1.50,1.50
2011.02.03 10:50:12.326,0.82732,0.82763,1.13,3.75
2011.02.03 10:50:12.552,0.82727,0.8276,2.33,1.13
2011.02.03 10:50:13.159,0.82727,0.8276,2.33,1.13
2011.02.03 10:50:14.195,0.82727,0.8276,2.33,1.13
2011.02.03 10:50:14.314,0.82727,0.8276,2.33,1.13
2011.02.03 10:50:15.008,0.82727,0.8276,2.33,1.13
2011.02.03 10:50:15.983,0.82727,0.8276,2.33,1.13
2011.02.03 10:50:17.360,0.82727,0.8276,2.33,1.13
2011.02.03 10:50:18.116,0.82727,0.82763,2.70,2.33
2011.02.03 10:50:18.237,0.82732,0.82763,1.13,1.50
2011.02.03 10:50:18.499,0.82732,0.82763,1.13,1.50
2011.02.03 10:50:25.098,0.82732,0.82763,1.20,1.50
2011.02.03 10:50:28.168,0.82732,0.82763,1.20,1.50
2011.02.03 10:50:31.109,0.82731,0.82763,3.08,1.88
2011.02.03 10:50:31.330,0.82731,0.82761,3.00,1.13
2011.02.03 10:50:32.030,0.82732,0.82763,3.38,3.75
2011.02.03 10:50:32.249,0.82732,0.82763,3.38,1.50
2011.02.03 10:50:32.578,0.82732,0.82763,3.38,1.50
2011.02.03 10:50:36.191,0.82736,0.82763,1.13,1.50
2011.02.03 10:50:36.291,0.82737,0.82773,2.25,2.33
2011.02.03 10:50:36.813,0.82737,0.82773,2.25,2.33
2011.02.03 10:50:37.449,0.82737,0.82768,2.25,1.13
2011.02.03 10:50:38.189,0.82737,0.82768,2.25,1.13
2011.02.03 10:50:38.838,0.82737,0.82768,2.25,1.13
2011.02.03 10:50:39.445,0.82731,0.82764,1.28,1.50
2011.02.03 10:50:39.780,0.82731,0.82764,3.53,1.50
2011.02.03 10:50:41.021,0.82732,0.82764,3.15,1.50
2011.02.03 10:50:42.749,0.82731,0.82764,3.53,1.50
2011.02.03 10:50:45.370,0.82736,0.82773,3.45,2.25
2011.02.03 10:50:45.481,0.82736,0.82769,3.00,1.13
2011.02.03 10:50:45.700,0.82737,0.82773,2.63,2.33
2011.02.03 10:50:45.920,0.82737,0.82773,2.63,2.33
2011.02.03 10:50:46.433,0.82745,0.82773,1.13,2.33
2011.02.03 10:50:46.770,0.82744,0.82773,3.00,1.50
2011.02.03 10:50:46.878,0.82744,0.82773,3.00,1.50
2011.02.03 10:50:47.585,0.82746,0.82773,1.13,1.50
2011.02.03 10:50:47.920,0.82735,0.82763,3.00,3.00
2011.02.03 10:50:54.978,0.82731,0.82763,3.00,3.08
2011.02.03 10:50:55.960,0.82731,0.82763,3.00,3.00
2011.02.03 10:50:57.323,0.82731,0.82763,3.08,2.25
2011.02.03 10:50:57.441,0.82731,0.82763,3.08,2.25
2011.02.03 10:50:58.021,0.82731,0.82763,3.15,2.25
2011.02.03 10:50:58.849,0.82735,0.82764,3.00,1.50
2011.02.03 10:50:59.310,0.82735,0.82764,3.00,1.50
2011.02.03 10:51:01.579,0.82735,0.82764,3.00,1.50
2011.02.03 10:51:01.968,0.82735,0.82764,3.00,3.75
2011.02.03 10:51:02.087,0.8273,0.82764,3.00,4.50
2011.02.03 10:51:03.102,0.8273,0.82764,3.08,3.75
2011.02.03 10:51:04.919,0.82733,0.82764,1.13,1.50
2011.02.03 10:51:05.138,0.82736,0.82771,2.25,1.13
2011.02.03 10:51:05.921,0.82736,0.82771,2.25,1.13
2011.02.03 10:51:06.040,0.82736,0.82766,2.25,1.13
2011.02.03 10:51:06.150,0.82736,0.82764,2.25,2.25
2011.02.03 10:51:06.559,0.82736,0.82766,2.25,1.13
2011.02.03 10:51:06.675,0.82741,0.82773,3.00,4.50
2011.02.03 10:51:06.900,0.82741,0.82773,3.00,4.50
2011.02.03 10:51:07.803,0.82741,0.82773,3.00,4.50
2011.02.03 10:51:10.538,0.82741,0.82773,3.00,4.50
2011.02.03 10:51:10.760,0.82741,0.8277,3.00,1.13
2011.02.03 10:51:11.640,0.82742,0.82773,1.13,2.25
2011.02.03 10:51:13.467,0.82742,0.82773,1.20,2.25
2011.02.03 10:51:13.801,0.82742,0.82773,1.20,1.50
2011.02.03 10:51:20.271,0.82743,0.82773,3.83,1.50
2011.02.03 10:51:20.940,0.82746,0.82773,5.70,1.50
2011.02.03 10:51:21.059,0.82748,0.82783,3.00,2.25
2011.02.03 10:51:21.911,0.82748,0.82783,3.00,2.25
2011.02.03 10:51:24.530,0.82752,0.82783,1.13,2.25
2011.02.03 10:51:25.005,0.82748,0.82783,3.00,2.25
2011.02.03 10:51:26.188,0.82748,0.82783,3.00,2.25
2011.02.03 10:51:34.508,0.82748,0.82783,3.00,2.25
2011.02.03 10:51:38.107,0.82749,0.82783,3.00,2.25
2011.02.03 10:51:39.503,0.82757,0.82783,1.13,1.50
2011.02.03 10:51:39.623,0.82756,0.82789,2.25,1.13
2011.02.03 10:51:39.737,0.82756,0.82789,2.25,1.13
2011.02.03 10:51:39.848,0.82753,0.82784,3.00,1.50
2011.02.03 10:51:40.199,0.82756,0.82789,2.25,1.13
2011.02.03 10:51:40.527,0.82756,0.82789,2.25,1.13
2011.02.03 10:51:43.210,0.82757,0.82794,1.13,4.95
2011.02.03 10:51:43.322,0.82757,0.82794,1.20,2.63
2011.02.03 10:51:43.957,0.82764,0.82794,3.00,2.25
2011.02.03 10:51:44.370,0.82764,0.82794,3.00,2.25
2011.02.03 10:51:45.304,0.82764,0.82794,3.00,2.25
2011.02.03 10:51:46.789,0.82764,0.82794,3.00,2.25
2011.02.03 10:51:48.718,0.82764,0.82794,3.00,2.25
2011.02.03 10:51:49.394,0.82765,0.82794,1.13,1.50
2011.02.03 10:51:49.508,0.82765,0.82794,3.38,1.50
2011.02.03 10:51:50.860,0.82765,0.82794,3.38,1.50
2011.02.03 10:51:53.648,0.82761,0.82794,1.13,1.50
2011.02.03 10:51:53.917,0.82761,0.82794,1.13,1.50
2011.02.03 10:51:56.412,0.82758,0.82793,1.50,1.13
2011.02.03 10:52:01.825,0.82762,0.82794,1.13,1.50
2011.02.03 10:52:02.418,0.82763,0.82794,3.00,1.50
2011.02.03 10:52:05.985,0.82763,0.82794,3.00,1.50
2011.02.03 10:52:15.420,0.82763,0.82794,3.08,1.50
2011.02.03 10:52:15.544,0.82763,0.82794,3.08,1.50
2011.02.03 10:52:15.651,0.82763,0.82794,3.08,1.50
2011.02.03 10:52:28.275,0.82763,0.82793,3.00,1.50
2011.02.03 10:52:34.641,0.82763,0.82793,3.00,1.88
2011.02.03 10:52:36.143,0.82757,0.82793,4.95,4.13
2011.02.03 10:52:36.730,0.82757,0.82793,4.95,4.13
2011.02.03 10:52:37.485,0.82759,0.82793,3.00,4.13
2011.02.03 10:52:39.991,0.82758,0.82793,3.08,4.13
2011.02.03 10:52:44.441,0.82757,0.82793,4.95,4.88
2011.02.03 10:52:46.483,0.82757,0.82793,4.95,4.88
2011.02.03 10:52:47.693,0.82757,0.82793,4.95,4.88
2011.02.03 10:52:49.672,0.82757,0.82793,4.95,4.88
2011.02.03 10:52:50.552,0.82758,0.82793,3.08,4.88
2011.02.03 10:52:53.962,0.82757,0.82793,2.70,4.13
2011.02.03 10:52:55.082,0.82757,0.82793,2.70,4.88
2011.02.03 10:52:55.753,0.82757,0.82793,2.70,4.88
2011.02.03 10:52:56.190,0.82757,0.82793,2.70,4.88
2011.02.03 10:52:56.692,0.82762,0.82793,1.13,3.75
2011.02.03 10:52:57.325,0.82757,0.82793,4.95,4.13
2011.02.03 10:52:57.701,0.82757,0.82793,4.95,4.13
2011.02.03 10:53:01.782,0.82764,0.82794,3.00,1.88
2011.02.03 10:53:02.909,0.82763,0.82794,3.00,1.50
2011.02.03 10:53:03.587,0.82763,0.82794,3.00,1.50
2011.02.03 10:53:04.003,0.82763,0.82794,3.00,1.50
2011.02.03 10:53:05.983,0.82763,0.82794,3.00,1.50
2011.02.03 10:53:06.469,0.82763,0.82794,3.00,1.50
2011.02.03 10:53:09.191,0.82763,0.82794,3.00,1.50
2011.02.03 10:53:15.714,0.82763,0.82794,3.00,1.50
2011.02.03 10:53:17.571,0.82763,0.82794,3.00,1.50
2011.02.03 10:53:19.020,0.82763,0.82794,3.00,1.50
2011.02.03 10:53:20.150,0.82763,0.82794,3.00,1.50
2011.02.03 10:53:23.731,0.82763,0.82794,3.00,1.50
2011.02.03 10:53:36.302,0.82767,0.82796,2.25,2.25
2011.02.03 10:53:36.760,0.82767,0.82801,4.50,3.75
2011.02.03 10:53:36.981,0.82767,0.82801,4.50,3.75
2011.02.03 10:53:37.237,0.82767,0.82801,4.50,3.08
2011.02.03 10:53:38.503,0.82767,0.82801,4.50,3.00
2011.02.03 10:53:49.941,0.82767,0.82798,4.50,1.13
2011.02.03 10:53:50.271,0.82761,0.82794,1.28,1.50
2011.02.03 10:53:50.990,0.82761,0.82794,1.28,1.50
2011.02.03 10:53:52.543,0.82761,0.82794,1.28,1.50
2011.02.03 10:53:53.063,0.82766,0.82794,1.13,1.50
2011.02.03 10:53:53.592,0.82759,0.82793,1.50,2.63
2011.02.03 10:53:54.141,0.82757,0.82793,2.78,4.13
2011.02.03 10:54:04.126,0.82761,0.82793,3.00,1.50
2011.02.03 10:54:07.613,0.82768,0.82793,1.50,1.50
2011.02.03 10:54:08.094,0.82768,0.82801,1.50,3.00
2011.02.03 10:54:08.715,0.82768,0.82801,1.50,3.00
2011.02.03 10:54:09.348,0.82769,0.82801,1.50,3.00
2011.02.03 10:54:14.092,0.82764,0.82793,1.50,1.50
2011.02.03 10:54:16.332,0.82763,0.82793,1.50,1.50
2011.02.03 10:54:32.391,0.82763,0.82794,1.50,1.50
2011.02.03 10:54:33.071,0.82763,0.82794,1.50,1.50
2011.02.03 10:54:34.286,0.82769,0.82801,1.50,3.00
2011.02.03 10:54:40.642,0.82768,0.82801,1.50,3.00
2011.02.03 10:54:44.762,0.82768,0.82801,1.50,3.00
2011.02.03 10:54:48.004,0.82768,0.82801,1.50,3.00
2011.02.03 10:54:50.352,0.82769,0.82801,1.50,3.00
2011.02.03 10:54:54.651,0.82769,0.82801,1.50,3.00
2011.02.03 10:55:12.145,0.82772,0.82804,3.00,4.50
2011.02.03 10:55:12.263,0.82772,0.82804,3.00,4.50
2011.02.03 10:55:14.034,0.82772,0.82803,3.00,2.25
2011.02.03 10:55:18.310,0.82771,0.82802,2.25,2.25
2011.02.03 10:55:18.653,0.82756,0.82785,2.25,3.38
2011.02.03 10:55:19.160,0.82756,0.82794,2.63,7.13
2011.02.03 10:55:19.492,0.82756,0.82794,2.63,4.88
2011.02.03 10:55:19.863,0.82756,0.82794,2.63,4.88
2011.02.03 10:55:19.975,0.82756,0.82788,2.25,1.13
2011.02.03 10:55:20.203,0.82747,0.82786,2.70,3.38
2011.02.03 10:55:21.572,0.82747,0.82783,2.78,2.25
2011.02.03 10:55:23.783,0.82747,0.82782,2.25,1.13
2011.02.03 10:55:24.003,0.82748,0.82782,1.13,3.00
2011.02.03 10:55:24.618,0.82748,0.82783,1.13,2.25
2011.02.03 10:55:25.063,0.82747,0.82781,4.50,1.13
2011.02.03 10:55:25.394,0.82742,0.82773,3.00,2.25
2011.02.03 10:55:26.649,0.82739,0.82773,1.13,1.50
2011.02.03 10:55:27.192,0.82739,0.82773,1.88,2.25
2011.02.03 10:55:27.796,0.82739,0.82773,1.88,1.50
2011.02.03 10:55:28.402,0.82739,0.82773,1.88,2.25
2011.02.03 10:55:29.288,0.82739,0.82773,1.88,2.25
2011.02.03 10:55:29.731,0.82739,0.82773,1.13,2.25
2011.02.03 10:55:30.302,0.82739,0.82773,1.88,2.25
2011.02.03 10:55:30.526,0.82737,0.82773,4.50,2.63
2011.02.03 10:55:30.860,0.82737,0.82773,2.25,4.88
2011.02.03 10:55:31.632,0.82737,0.82773,2.25,4.88
2011.02.03 10:55:34.664,0.82737,0.82773,2.40,4.88
2011.02.03 10:55:35.301,0.82737,0.82773,2.33,4.88
2011.02.03 10:55:36.326,0.82737,0.82772,2.25,1.13
2011.02.03 10:55:37.543,0.82737,0.82772,2.25,1.13
2011.02.03 10:55:38.387,0.82737,0.82772,2.25,1.13
2011.02.03 10:55:41.492,0.82737,0.82772,2.25,1.13
2011.02.03 10:55:50.523,0.82737,0.82772,2.33,1.13
2011.02.03 10:55:51.129,0.82737,0.82764,2.25,2.25
2011.02.03 10:56:02.650,0.82734,0.82764,2.25,3.75
2011.02.03 10:56:08.261,0.82734,0.82764,2.25,3.75
2011.02.03 10:56:10.492,0.82736,0.82764,1.13,1.50
2011.02.03 10:56:10.731,0.82736,0.82772,2.63,1.20
2011.02.03 10:56:11.572,0.82736,0.82768,2.25,3.38
2011.02.03 10:56:12.084,0.82731,0.82763,1.20,1.50
2011.02.03 10:56:18.462,0.82729,0.8276,3.75,2.25
2011.02.03 10:56:18.972,0.82729,0.8276,3.00,2.25
2011.02.03 10:56:26.211,0.82734,0.82763,1.13,1.50
2011.02.03 10:56:30.224,0.82734,0.82763,1.13,1.50
2011.02.03 10:56:30.552,0.82729,0.82761,1.50,2.25
2011.02.03 10:56:31.805,0.82741,0.82761,1.13,2.25
2011.02.03 10:56:32.275,0.82733,0.82765,2.25,2.25
2011.02.03 10:56:32.392,0.82731,0.82764,1.13,1.50
2011.02.03 10:56:32.612,0.8273,0.8276,1.50,2.25
2011.02.03 10:56:33.495,0.82731,0.82764,3.38,1.50
2011.02.03 10:56:33.722,0.82731,0.82764,3.38,1.50
2011.02.03 10:56:34.712,0.82732,0.82764,1.20,1.50
2011.02.03 10:56:35.275,0.8272,0.82753,1.20,2.25
2011.02.03 10:56:39.553,0.8272,0.82753,1.13,3.75
2011.02.03 10:56:44.784,0.82732,0.82753,1.13,2.25
2011.02.03 10:56:44.902,0.82734,0.82764,2.25,2.25
2011.02.03 10:56:45.366,0.82736,0.82764,2.63,1.50
2011.02.03 10:56:46.601,0.82737,0.82768,4.50,2.25
2011.02.03 10:56:46.712,0.82737,0.82768,4.50,2.25
2011.02.03 10:56:50.371,0.82737,0.82769,2.25,2.63
2011.02.03 10:56:50.924,0.82737,0.82768,4.88,2.25
2011.02.03 10:56:53.725,0.82737,0.82769,2.25,2.25
2011.02.03 10:57:07.152,0.82737,0.82769,2.33,3.00
2011.02.03 10:57:07.626,0.82737,0.82768,4.65,2.25
2011.02.03 10:57:14.151,0.82745,0.82773,1.13,4.65
2011.02.03 10:57:14.265,0.82741,0.82773,3.00,3.75
2011.02.03 10:57:17.421,0.82745,0.82773,1.13,1.50
2011.02.03 10:57:19.532,0.82739,0.82773,1.13,2.25
2011.02.03 10:57:20.218,0.82746,0.82778,2.25,3.00
2011.02.03 10:57:20.553,0.82748,0.82784,1.13,4.58
2011.02.03 10:57:23.671,0.82748,0.82783,1.13,1.58
2011.02.03 10:57:24.641,0.82741,0.82774,1.13,2.25
2011.02.03 10:57:26.102,0.82746,0.82774,3.00,2.25
2011.02.03 10:57:26.324,0.82748,0.82774,1.13,1.50
2011.02.03 10:57:26.963,0.82748,0.82783,1.13,2.33
2011.02.03 10:57:30.557,0.82745,0.82773,3.00,2.63
2011.02.03 10:57:31.112,0.82737,0.82768,4.88,2.25
2011.02.03 10:57:33.021,0.82737,0.82768,4.88,2.25
2011.02.03 10:57:34.145,0.82737,0.82768,4.95,2.25
2011.02.03 10:57:34.373,0.82742,0.82773,1.13,2.25
2011.02.03 10:57:34.910,0.82742,0.82773,1.13,1.50
2011.02.03 10:57:35.712,0.82742,0.82773,1.13,1.50
2011.02.03 10:57:41.461,0.82747,0.82779,3.38,2.25
2011.02.03 10:57:42.302,0.82747,0.82779,3.38,2.25
2011.02.03 10:57:53.150,0.82747,0.82779,3.38,3.00
2011.02.03 10:57:53.322,0.82747,0.82779,3.38,3.00
2011.02.03 10:57:56.061,0.82747,0.82779,3.00,2.63
2011.02.03 10:57:56.608,0.82739,0.82773,1.13,2.25
2011.02.03 10:58:02.149,0.82743,0.82773,1.13,1.50
2011.02.03 10:58:06.531,0.82741,0.82773,3.08,1.50
2011.02.03 10:58:07.106,0.8274,0.82773,3.08,1.50
2011.02.03 10:58:07.593,0.82738,0.82773,1.50,1.88
2011.02.03 10:58:07.921,0.82743,0.82773,1.13,1.50
2011.02.03 10:58:08.598,0.82748,0.82783,1.13,2.25
2011.02.03 10:58:12.724,0.82747,0.82783,4.58,2.63
2011.02.03 10:58:13.276,0.82747,0.82779,4.50,2.25
2011.02.03 10:58:13.392,0.82747,0.82779,4.50,2.25
2011.02.03 10:58:14.218,0.82748,0.82783,3.38,2.25
2011.02.03 10:58:14.334,0.82748,0.82783,3.38,2.25
2011.02.03 10:58:18.414,0.82748,0.82783,3.15,2.63
2011.02.03 10:58:19.335,0.82747,0.8278,2.25,1.13
2011.02.03 10:58:19.882,0.82747,0.82781,2.25,1.13
2011.02.03 10:58:20.464,0.82747,0.82781,2.25,1.13
2011.02.03 10:58:21.532,0.82747,0.82782,2.25,1.13
2011.02.03 10:58:21.641,0.82747,0.82782,2.25,1.13
2011.02.03 10:58:22.176,0.82747,0.82777,2.25,2.63
2011.02.03 10:58:22.404,0.82747,0.82782,2.25,1.13
2011.02.03 10:58:22.512,0.82743,0.82774,1.13,1.50
2011.02.03 10:58:25.886,0.82743,0.82774,3.38,1.50
2011.02.03 10:58:26.004,0.82746,0.82781,2.33,1.13
2011.02.03 10:58:26.621,0.82746,0.82782,2.25,1.20
2011.02.03 10:58:27.382,0.82746,0.82781,2.25,1.13
2011.02.03 10:58:30.743,0.82746,0.82781,2.25,1.13
2011.02.03 10:58:43.097,0.82747,0.82784,1.13,2.33
2011.02.03 10:58:43.852,0.82746,0.8278,2.25,1.13
2011.02.03 10:58:43.964,0.82746,0.8278,2.25,1.13
2011.02.03 10:58:49.221,0.82746,0.8278,2.25,1.13
2011.02.03 10:58:49.771,0.82746,0.82781,2.25,1.13
2011.02.03 10:58:52.311,0.82746,0.82781,2.25,1.13
2011.02.03 10:58:54.932,0.82746,0.8278,2.25,1.13
2011.02.03 10:59:18.742,0.82747,0.8278,2.25,1.13
2011.02.03 10:59:21.933,0.82748,0.82783,1.13,2.33
2011.02.03 10:59:22.507,0.82748,0.82783,1.13,2.25
2011.02.03 10:59:24.547,0.82751,0.82783,1.13,2.25
2011.02.03 10:59:36.431,0.82751,0.82783,3.45,1.50
2011.02.03 10:59:37.094,0.82751,0.82783,3.45,2.25
2011.02.03 10:59:39.824,0.82748,0.82783,1.13,2.25
2011.02.03 10:59:40.850,0.82749,0.82781,3.00,1.13
2011.02.03 10:59:41.576,0.8275,0.82783,1.13,2.25
2011.02.03 10:59:43.187,0.82754,0.82783,1.13,2.25
2011.02.03 10:59:43.414,0.82754,0.82783,1.13,1.50
2011.02.03 10:59:45.223,0.82754,0.82783,1.13,2.25
2011.02.03 10:59:45.551,0.82754,0.82783,1.13,2.25
2011.02.03 10:59:45.663,0.82754,0.82783,1.13,2.25
2011.02.03 10:59:54.943,0.82753,0.82783,1.13,2.25
2011.02.03 10:59:55.273,0.82755,0.82783,3.00,2.25
2011.02.03 10:59:55.798,0.82755,0.82783,3.00,2.25
2011.02.03 10:59:56.572,0.82755,0.82783,3.00,2.25
2011.02.03 10:59:57.398,0.82755,0.82783,3.00,2.25
2011.02.03 10:59:57.623,0.82755,0.82783,3.00,2.25
2011.02.03 10:59:57.733,0.82755,0.82783,3.00,2.25
2011.02.03 10:59:58.295,0.82755,0.82783,3.00,2.25
2011.02.03 10:59:59.113,0.82755,0.82784,3.00,2.25
