2013.07.04 13:00:00.323,0.95082,0.951,1.62,1.35
2013.07.04 13:00:00.454,0.95082,0.95101,1.69,1.54
2013.07.04 13:00:00.575,0.95083,0.95102,2.29,2.10
2013.07.04 13:00:01.509,0.95084,0.95102,1.69,2.10
2013.07.04 13:00:01.895,0.95088,0.95106,1.62,1.35
2013.07.04 13:00:02.613,0.95098,0.95105,1.50,1.43
2013.07.04 13:00:02.734,0.95101,0.95107,1.13,1.35
2013.07.04 13:00:02.854,0.951,0.95112,1.35,1.50
2013.07.04 13:00:02.914,0.951,0.95115,1.54,1.13
2013.07.04 13:00:02.976,0.951,0.9512,2.29,2.70
2013.07.04 13:00:03.036,0.951,0.95119,2.10,1.69
2013.07.04 13:00:03.394,0.95098,0.95109,1.35,2.37
2013.07.04 13:00:03.517,0.95091,0.95106,1.35,2.37
2013.07.04 13:00:03.644,0.95087,0.95105,1.50,2.29
2013.07.04 13:00:03.823,0.95087,0.95103,1.50,1.35
2013.07.04 13:00:03.945,0.95085,0.95104,2.85,1.54
2013.07.04 13:00:04.124,0.95085,0.95104,2.10,2.29
2013.07.04 13:00:04.184,0.95083,0.95102,2.10,1.35
2013.07.04 13:00:04.485,0.95085,0.951,1.50,2.10
2013.07.04 13:00:04.844,0.95103,0.95118,2.18,1.28
2013.07.04 13:00:05.145,0.95097,0.95109,1.50,1.62
2013.07.04 13:00:05.203,0.95095,0.95107,1.43,1.62
2013.07.04 13:00:05.263,0.95092,0.95107,1.43,3.04
2013.07.04 13:00:05.323,0.95087,0.95106,2.10,2.29
2013.07.04 13:00:05.504,0.95087,0.95104,1.43,1.99
2013.07.04 13:00:05.685,0.95086,0.95103,1.43,1.35
2013.07.04 13:00:05.804,0.95085,0.95101,1.50,1.35
2013.07.04 13:00:05.923,0.95086,0.95103,1.50,1.35
2013.07.04 13:00:06.491,0.95086,0.95103,1.50,1.35
2013.07.04 13:00:06.554,0.95084,0.95103,2.10,2.85
2013.07.04 13:00:06.614,0.95085,0.95103,1.50,3.53
2013.07.04 13:00:06.674,0.95085,0.95101,1.50,1.35
2013.07.04 13:00:06.913,0.95085,0.95103,2.44,1.43
2013.07.04 13:00:07.034,0.95085,0.95103,2.44,2.18
2013.07.04 13:00:07.394,0.95097,0.95104,1.50,1.35
2013.07.04 13:00:07.699,0.951,0.95106,1.50,1.43
2013.07.04 13:00:07.765,0.95098,0.95107,1.69,1.35
2013.07.04 13:00:07.884,0.95102,0.95109,1.69,2.10
2013.07.04 13:00:07.944,0.95102,0.95112,1.69,2.10
2013.07.04 13:00:08.006,0.95102,0.95116,1.69,1.35
2013.07.04 13:00:08.123,0.95102,0.9512,3.12,1.43
2013.07.04 13:00:08.304,0.95104,0.9512,1.62,1.43
2013.07.04 13:00:09.030,0.95105,0.95123,1.35,2.07
2013.07.04 13:00:09.127,0.95103,0.95122,2.10,2.29
2013.07.04 13:00:09.315,0.95103,0.95121,2.10,1.13
2013.07.04 13:00:09.674,0.95101,0.95118,2.37,2.18
2013.07.04 13:00:10.094,0.95104,0.95117,2.07,2.10
2013.07.04 13:00:10.335,0.95117,0.95123,1.50,1.43
2013.07.04 13:00:10.464,0.9512,0.95131,1.13,1.28
2013.07.04 13:00:10.585,0.95121,0.95135,1.69,1.35
2013.07.04 13:00:10.704,0.95121,0.95135,1.69,1.35
2013.07.04 13:00:10.886,0.95124,0.95139,1.50,1.35
2013.07.04 13:00:11.066,0.9512,0.95139,2.67,1.35
2013.07.04 13:00:11.184,0.9512,0.95136,2.29,1.13
2013.07.04 13:00:11.365,0.95115,0.95133,1.62,1.62
2013.07.04 13:00:11.484,0.95115,0.95132,1.62,1.43
2013.07.04 13:00:11.544,0.95115,0.95132,1.69,1.35
2013.07.04 13:00:11.783,0.95117,0.95134,1.43,1.62
2013.07.04 13:00:11.904,0.9512,0.95138,1.43,2.18
2013.07.04 13:00:12.203,0.95121,0.9514,1.62,2.18
2013.07.04 13:00:12.504,0.95121,0.95138,1.43,1.62
2013.07.04 13:00:12.624,0.95116,0.95135,3.79,2.10
2013.07.04 13:00:12.683,0.95117,0.95138,1.62,2.29
2013.07.04 13:00:13.233,0.9512,0.95135,1.43,1.43
2013.07.04 13:00:13.353,0.95117,0.95135,3.04,2.10
2013.07.04 13:00:13.715,0.95119,0.95136,1.62,1.62
2013.07.04 13:00:14.154,0.95119,0.95136,1.43,2.37
2013.07.04 13:00:14.333,0.95121,0.95137,2.18,1.62
2013.07.04 13:00:14.454,0.95122,0.95139,1.62,1.62
2013.07.04 13:00:14.573,0.95123,0.95142,2.10,1.35
2013.07.04 13:00:14.933,0.95121,0.9514,3.42,1.35
2013.07.04 13:00:15.235,0.95121,0.95138,2.82,2.10
2013.07.04 13:00:15.593,0.95121,0.95137,1.69,1.43
2013.07.04 13:00:15.774,0.9512,0.95137,2.37,2.10
2013.07.04 13:00:15.834,0.9512,0.95137,1.69,2.10
2013.07.04 13:00:16.414,0.95119,0.95135,1.62,1.43
2013.07.04 13:00:16.773,0.95114,0.95131,1.50,1.35
2013.07.04 13:00:16.833,0.95118,0.95136,1.35,1.43
2013.07.04 13:00:17.014,0.95119,0.95137,1.43,2.29
2013.07.04 13:00:17.253,0.95118,0.95136,2.18,1.35
2013.07.04 13:00:17.315,0.95117,0.95134,3.12,1.43
2013.07.04 13:00:17.676,0.95133,0.95149,1.05,1.95
2013.07.04 13:00:18.242,0.95145,0.95162,1.62,1.43
2013.07.04 13:00:18.351,0.95144,0.95163,2.10,2.97
2013.07.04 13:00:18.414,0.95144,0.9516,1.43,1.54
2013.07.04 13:00:18.774,0.95137,0.95154,1.50,1.54
2013.07.04 13:00:18.894,0.95137,0.95154,2.37,1.35
2013.07.04 13:00:19.014,0.95137,0.95153,1.69,1.35
2013.07.04 13:00:19.334,0.95135,0.95153,2.37,1.35
2013.07.04 13:00:19.453,0.95136,0.95155,2.29,1.35
2013.07.04 13:00:19.514,0.95139,0.95155,1.13,1.35
2013.07.04 13:00:19.875,0.95145,0.95162,1.69,1.35
2013.07.04 13:00:20.001,0.95146,0.95164,3.79,1.35
2013.07.04 13:00:20.124,0.95146,0.95164,1.69,2.85
2013.07.04 13:00:20.184,0.95143,0.95163,2.29,1.43
2013.07.04 13:00:20.715,0.9514,0.95158,3.04,1.50
2013.07.04 13:00:20.894,0.9514,0.95159,3.04,1.35
2013.07.04 13:00:21.013,0.95139,0.95157,3.04,1.35
2013.07.04 13:00:21.314,0.95141,0.95159,1.35,2.29
2013.07.04 13:00:21.497,0.95137,0.95157,1.80,2.29
2013.07.04 13:00:22.044,0.95137,0.95153,1.13,1.35
2013.07.04 13:00:22.774,0.95137,0.95153,1.13,1.35
2013.07.04 13:00:23.424,0.95137,0.95152,1.13,1.43
2013.07.04 13:00:23.966,0.95137,0.95153,1.13,1.35
2013.07.04 13:00:24.215,0.95133,0.9515,1.69,1.35
2013.07.04 13:00:24.454,0.95133,0.9515,1.50,2.10
2013.07.04 13:00:24.574,0.95129,0.95148,5.74,1.43
2013.07.04 13:00:25.113,0.95126,0.95145,2.37,1.35
2013.07.04 13:00:25.175,0.95126,0.95145,1.62,1.35
2013.07.04 13:00:26.116,0.95126,0.95145,1.62,1.35
2013.07.04 13:00:26.475,0.95129,0.95146,1.24,1.43
2013.07.04 13:00:26.664,0.9513,0.95148,1.43,1.62
2013.07.04 13:00:27.524,0.95127,0.95144,1.62,2.10
2013.07.04 13:00:27.804,0.95122,0.95141,1.54,1.62
2013.07.04 13:00:28.344,0.95121,0.95139,2.67,1.43
2013.07.04 13:00:28.525,0.9512,0.95138,2.67,1.35
2013.07.04 13:00:28.584,0.95121,0.95138,1.69,1.35
2013.07.04 13:00:28.944,0.95121,0.9514,2.29,3.04
2013.07.04 13:00:29.015,0.95121,0.95139,2.29,2.07
2013.07.04 13:00:29.373,0.95113,0.95131,1.35,1.69
2013.07.04 13:00:29.615,0.95113,0.95133,1.54,1.43
2013.07.04 13:00:29.794,0.95114,0.95134,3.04,2.10
2013.07.04 13:00:30.216,0.95115,0.95134,1.69,2.10
2013.07.04 13:00:30.764,0.95118,0.95134,2.10,1.50
2013.07.04 13:00:31.713,0.95117,0.95134,1.54,1.43
2013.07.04 13:00:32.014,0.95121,0.95138,1.43,1.62
2013.07.04 13:00:32.254,0.95122,0.95139,1.54,2.18
2013.07.04 13:00:32.374,0.95121,0.95137,1.62,1.43
2013.07.04 13:00:32.435,0.95118,0.95134,1.69,1.43
2013.07.04 13:00:32.495,0.95117,0.95134,1.50,1.43
2013.07.04 13:00:32.854,0.95111,0.9513,1.43,1.54
2013.07.04 13:00:33.034,0.9511,0.9513,1.99,2.22
2013.07.04 13:00:33.423,0.95111,0.95127,2.18,1.35
2013.07.04 13:00:33.483,0.95119,0.95134,1.35,1.62
2013.07.04 13:00:33.664,0.95115,0.95133,2.10,2.78
2013.07.04 13:00:33.905,0.95118,0.95133,1.35,1.62
2013.07.04 13:00:33.966,0.95114,0.9513,2.10,1.43
2013.07.04 13:00:34.025,0.9511,0.95127,1.54,1.43
2013.07.04 13:00:34.085,0.95108,0.95124,2.29,1.43
2013.07.04 13:00:34.263,0.95108,0.95123,1.43,1.43
2013.07.04 13:00:34.505,0.95102,0.95115,1.35,1.43
2013.07.04 13:00:34.625,0.95099,0.95116,2.10,1.62
2013.07.04 13:00:34.683,0.95097,0.95111,1.13,1.35
2013.07.04 13:00:34.743,0.95097,0.95111,1.13,1.35
2013.07.04 13:00:34.923,0.95097,0.95117,1.73,1.35
2013.07.04 13:00:35.285,0.95099,0.95118,1.54,1.35
2013.07.04 13:00:35.465,0.95099,0.9512,1.54,1.35
2013.07.04 13:00:35.524,0.951,0.95121,1.54,1.35
2013.07.04 13:00:35.765,0.95098,0.95119,1.54,1.35
2013.07.04 13:00:36.183,0.95099,0.95119,1.62,1.35
2013.07.04 13:00:36.923,0.95102,0.9512,1.62,2.10
2013.07.04 13:00:36.999,0.95102,0.9512,2.29,1.43
2013.07.04 13:00:37.193,0.95102,0.9512,2.29,1.43
2013.07.04 13:00:37.733,0.95101,0.95119,2.37,1.43
2013.07.04 13:00:38.314,0.95106,0.95121,1.32,1.35
2013.07.04 13:00:38.374,0.95107,0.95125,2.37,2.10
2013.07.04 13:00:38.433,0.95108,0.95126,3.04,1.35
2013.07.04 13:00:38.614,0.95113,0.9513,1.13,2.10
2013.07.04 13:00:38.735,0.95113,0.9513,2.44,1.35
2013.07.04 13:00:38.854,0.95114,0.95133,1.62,1.43
2013.07.04 13:00:39.036,0.95118,0.95137,1.62,1.35
2013.07.04 13:00:39.344,0.95116,0.95133,1.62,1.43
2013.07.04 13:00:39.704,0.95114,0.95133,1.69,2.10
2013.07.04 13:00:40.234,0.95113,0.95131,1.62,1.35
2013.07.04 13:00:40.758,0.95113,0.9513,1.62,1.43
2013.07.04 13:00:41.063,0.95112,0.95129,2.44,1.43
2013.07.04 13:00:41.574,0.95113,0.95127,1.69,1.43
2013.07.04 13:00:41.874,0.9511,0.95125,1.05,1.69
2013.07.04 13:00:42.057,0.95107,0.95123,1.13,2.29
2013.07.04 13:00:42.126,0.95104,0.95123,1.62,2.29
2013.07.04 13:00:42.377,0.95107,0.95124,1.62,1.35
2013.07.04 13:00:42.893,0.95107,0.95126,2.37,1.35
2013.07.04 13:00:42.953,0.95109,0.95126,1.62,1.35
2013.07.04 13:00:43.073,0.95108,0.95124,1.43,1.35
2013.07.04 13:00:43.313,0.95097,0.95116,1.35,1.54
2013.07.04 13:00:43.880,0.95097,0.95116,1.35,1.54
2013.07.04 13:00:44.957,0.95097,0.95116,1.54,1.35
2013.07.04 13:00:45.144,0.95095,0.95114,2.29,1.35
2013.07.04 13:00:45.502,0.95117,0.95124,1.54,1.50
2013.07.04 13:00:45.563,0.95122,0.95133,1.69,1.50
2013.07.04 13:00:45.684,0.95122,0.95139,1.69,2.10
2013.07.04 13:00:46.234,0.95121,0.95137,1.69,1.35
2013.07.04 13:00:46.658,0.95119,0.95137,1.69,1.35
2013.07.04 13:00:47.637,0.95119,0.95138,1.54,2.10
2013.07.04 13:00:48.199,0.95119,0.95138,1.54,2.10
2013.07.04 13:00:48.634,0.95121,0.9514,1.35,1.62
2013.07.04 13:00:49.355,0.95123,0.95141,1.54,2.18
2013.07.04 13:00:49.833,0.95123,0.95142,1.54,1.43
2013.07.04 13:00:50.133,0.95123,0.95141,1.54,2.10
2013.07.04 13:00:50.313,0.95123,0.95141,1.54,1.43
2013.07.04 13:00:50.614,0.95128,0.95143,1.35,1.50
2013.07.04 13:00:50.853,0.95126,0.95143,1.35,1.50
2013.07.04 13:00:50.914,0.95125,0.95143,1.54,1.50
2013.07.04 13:00:51.393,0.95123,0.95141,1.62,1.43
2013.07.04 13:00:51.633,0.95121,0.95139,1.62,2.85
2013.07.04 13:00:51.993,0.95118,0.95136,1.62,1.43
2013.07.04 13:00:52.473,0.95117,0.95133,3.04,1.50
2013.07.04 13:00:52.534,0.95117,0.95133,2.29,1.50
2013.07.04 13:00:52.594,0.95125,0.95135,1.35,1.35
2013.07.04 13:00:52.835,0.95136,0.95146,1.13,1.43
2013.07.04 13:00:52.905,0.95137,0.95152,1.13,2.10
2013.07.04 13:00:53.025,0.9514,0.95154,1.13,1.35
2013.07.04 13:00:53.085,0.95141,0.95159,2.29,3.04
2013.07.04 13:00:53.620,0.95141,0.95159,3.04,2.29
2013.07.04 13:00:54.244,0.95142,0.9516,2.29,2.18
2013.07.04 13:00:54.904,0.95142,0.9516,2.29,1.43
2013.07.04 13:00:55.143,0.95142,0.95159,1.62,1.50
2013.07.04 13:00:56.143,0.95141,0.95156,1.69,1.35
2013.07.04 13:00:56.503,0.9514,0.95155,1.69,2.10
2013.07.04 13:00:57.593,0.9514,0.95155,1.69,1.35
2013.07.04 13:00:58.386,0.95154,0.95171,1.88,1.20
2013.07.04 13:00:58.705,0.95156,0.9517,1.69,1.35
2013.07.04 13:00:59.064,0.95161,0.95177,1.43,1.43
2013.07.04 13:00:59.243,0.95167,0.9518,1.50,1.54
2013.07.04 13:00:59.543,0.95167,0.95183,1.69,2.10
2013.07.04 13:01:00.025,0.95171,0.95183,1.50,1.35
2013.07.04 13:01:00.563,0.95171,0.95183,1.50,1.35
2013.07.04 13:01:01.164,0.9517,0.95182,1.50,1.35
2013.07.04 13:01:01.492,0.9517,0.95178,1.50,1.43
2013.07.04 13:01:01.974,0.95168,0.9518,1.50,1.35
2013.07.04 13:01:02.335,0.95167,0.95181,1.50,1.62
2013.07.04 13:01:02.705,0.95167,0.9518,1.50,2.10
2013.07.04 13:01:03.365,0.95162,0.9518,2.37,2.78
2013.07.04 13:01:03.486,0.95162,0.95177,1.69,2.10
2013.07.04 13:01:04.083,0.95157,0.95177,1.62,3.72
2013.07.04 13:01:04.324,0.95158,0.95173,1.50,1.43
2013.07.04 13:01:04.563,0.95161,0.95178,2.44,1.43
2013.07.04 13:01:04.626,0.95161,0.95178,2.44,1.43
2013.07.04 13:01:04.983,0.95165,0.95176,2.44,1.35
2013.07.04 13:01:05.044,0.95165,0.95181,2.44,1.43
2013.07.04 13:01:05.223,0.95165,0.95182,2.44,2.85
2013.07.04 13:01:05.466,0.95165,0.95181,2.44,1.43
2013.07.04 13:01:06.483,0.95163,0.95181,1.62,1.43
2013.07.04 13:01:06.544,0.95162,0.95182,3.04,2.85
2013.07.04 13:01:06.604,0.9516,0.95179,3.12,1.43
2013.07.04 13:01:06.783,0.95159,0.95178,1.62,2.10
2013.07.04 13:01:07.325,0.95158,0.95176,2.44,1.35
2013.07.04 13:01:07.445,0.95158,0.95176,2.44,2.10
2013.07.04 13:01:07.747,0.95153,0.95167,2.10,1.69
2013.07.04 13:01:08.314,0.95153,0.95166,1.35,1.69
2013.07.04 13:01:08.398,0.95146,0.95163,1.35,2.44
2013.07.04 13:01:08.466,0.95146,0.95163,2.10,1.69
2013.07.04 13:01:08.714,0.95152,0.95165,2.18,1.43
2013.07.04 13:01:08.774,0.95153,0.95172,2.10,2.85
2013.07.04 13:01:09.465,0.95158,0.95175,1.62,1.35
2013.07.04 13:01:09.703,0.95159,0.95177,1.62,1.43
2013.07.04 13:01:10.654,0.9516,0.95178,1.54,2.37
2013.07.04 13:01:11.305,0.95161,0.95178,1.62,3.12
2013.07.04 13:01:11.879,0.9516,0.95177,1.54,1.50
2013.07.04 13:01:12.424,0.95159,0.95176,2.29,1.43
2013.07.04 13:01:12.663,0.95158,0.95176,3.12,1.43
2013.07.04 13:01:12.843,0.95158,0.95175,1.69,1.35
2013.07.04 13:01:13.384,0.95157,0.95174,2.37,1.43
2013.07.04 13:01:13.934,0.95157,0.95174,1.69,2.10
2013.07.04 13:01:14.473,0.95155,0.95172,1.69,2.85
2013.07.04 13:01:14.843,0.95155,0.95172,1.69,2.85
2013.07.04 13:01:14.964,0.95155,0.95171,1.69,1.35
2013.07.04 13:01:15.023,0.95155,0.95172,1.69,2.85
2013.07.04 13:01:15.264,0.95156,0.95173,2.37,2.18
2013.07.04 13:01:15.384,0.95157,0.95173,1.62,1.50
2013.07.04 13:01:15.689,0.95156,0.95173,2.44,3.60
2013.07.04 13:01:16.115,0.95154,0.95171,2.44,2.85
2013.07.04 13:01:16.235,0.95153,0.95167,1.69,1.50
2013.07.04 13:01:16.295,0.95154,0.95166,1.69,1.50
2013.07.04 13:01:16.596,0.9515,0.95161,2.25,1.50
2013.07.04 13:01:16.834,0.95147,0.95159,2.18,1.50
2013.07.04 13:01:16.895,0.95144,0.95159,1.62,1.50
2013.07.04 13:01:17.434,0.95145,0.95161,1.43,1.50
2013.07.04 13:01:17.494,0.95142,0.95157,1.54,1.50
2013.07.04 13:01:17.854,0.95137,0.95149,2.10,1.50
2013.07.04 13:01:17.914,0.95134,0.95148,1.54,1.50
2013.07.04 13:01:18.602,0.95131,0.95148,1.62,2.93
2013.07.04 13:01:18.678,0.95134,0.95152,2.29,2.10
2013.07.04 13:01:18.925,0.95134,0.95149,1.54,1.50
2013.07.04 13:01:19.164,0.95134,0.95149,1.35,1.50
2013.07.04 13:01:19.403,0.95134,0.95149,1.35,1.50
2013.07.04 13:01:19.645,0.95134,0.95145,1.35,1.73
2013.07.04 13:01:19.766,0.9513,0.95136,1.35,1.50
2013.07.04 13:01:19.903,0.95129,0.95135,1.35,1.50
2013.07.04 13:01:19.969,0.95126,0.95141,2.85,2.44
2013.07.04 13:01:20.036,0.95123,0.9514,2.10,1.62
2013.07.04 13:01:20.106,0.95122,0.9514,1.62,1.43
2013.07.04 13:01:20.165,0.95125,0.95142,2.85,1.43
2013.07.04 13:01:20.525,0.95131,0.9514,1.35,2.25
2013.07.04 13:01:20.647,0.95131,0.95139,1.35,2.25
2013.07.04 13:01:20.775,0.95128,0.95138,1.35,1.50
2013.07.04 13:01:20.907,0.95129,0.95138,2.10,1.50
2013.07.04 13:01:21.096,0.9513,0.95139,1.35,2.25
2013.07.04 13:01:21.334,0.95129,0.95138,2.10,1.50
2013.07.04 13:01:21.514,0.95127,0.95138,1.54,2.25
2013.07.04 13:01:21.815,0.95133,0.95146,1.35,2.25
2013.07.04 13:01:22.063,0.95136,0.95146,1.35,1.50
2013.07.04 13:01:22.744,0.95136,0.95149,1.35,1.50
2013.07.04 13:01:23.694,0.95136,0.95149,2.29,1.50
2013.07.04 13:01:24.353,0.95141,0.95151,1.43,1.50
2013.07.04 13:01:24.655,0.95147,0.95161,1.50,2.82
2013.07.04 13:01:24.773,0.95147,0.95161,1.50,1.88
2013.07.04 13:01:25.134,0.95147,0.9516,1.50,1.50
2013.07.04 13:01:25.253,0.95144,0.95158,2.29,1.50
2013.07.04 13:01:26.263,0.95146,0.95158,1.43,2.25
2013.07.04 13:01:26.805,0.95146,0.95158,1.43,2.25
2013.07.04 13:01:26.927,0.95143,0.95158,2.18,2.25
2013.07.04 13:01:27.819,0.95143,0.95157,2.18,1.50
2013.07.04 13:01:28.353,0.95141,0.95158,2.37,1.50
2013.07.04 13:01:28.904,0.95142,0.95158,1.69,1.50
2013.07.04 13:01:29.215,0.95141,0.95154,2.37,1.50
2013.07.04 13:01:29.335,0.95141,0.95154,1.62,2.25
2013.07.04 13:01:29.396,0.95141,0.95154,1.62,1.50
2013.07.04 13:01:29.814,0.95138,0.95155,1.50,2.29
2013.07.04 13:01:29.994,0.95139,0.95157,2.10,2.29
2013.07.04 13:01:30.545,0.9514,0.95157,1.50,1.62
2013.07.04 13:01:30.664,0.95142,0.95158,1.05,2.29
2013.07.04 13:01:31.024,0.95148,0.95166,2.07,2.10
2013.07.04 13:01:31.325,0.95156,0.95169,1.50,1.35
2013.07.04 13:01:31.385,0.95156,0.95172,1.50,1.54
2013.07.04 13:01:32.105,0.95156,0.95174,1.50,2.85
2013.07.04 13:01:32.643,0.95162,0.95178,1.50,2.18
2013.07.04 13:01:32.763,0.95162,0.95178,2.18,1.43
2013.07.04 13:01:32.823,0.95162,0.95178,1.50,2.18
2013.07.04 13:01:33.124,0.95163,0.9518,1.50,1.69
2013.07.04 13:01:33.184,0.95165,0.95181,1.50,1.54
2013.07.04 13:01:33.247,0.95167,0.95181,1.43,1.35
2013.07.04 13:01:33.363,0.95167,0.95183,1.62,1.50
2013.07.04 13:01:33.484,0.95168,0.95186,2.10,2.18
2013.07.04 13:01:33.845,0.95167,0.95181,1.50,1.43
2013.07.04 13:01:34.084,0.95164,0.95178,1.62,1.50
2013.07.04 13:01:34.325,0.95162,0.95176,1.50,1.43
2013.07.04 13:01:34.504,0.95159,0.95173,1.43,1.50
2013.07.04 13:01:34.865,0.95156,0.95173,2.10,2.37
2013.07.04 13:01:36.096,0.95154,0.95172,1.62,1.69
2013.07.04 13:01:36.275,0.95157,0.95173,1.43,2.37
2013.07.04 13:01:36.395,0.95158,0.95174,1.62,2.18
2013.07.04 13:01:37.152,0.95166,0.95182,1.54,1.50
2013.07.04 13:01:37.703,0.95165,0.95179,1.43,1.50
2013.07.04 13:01:37.944,0.95164,0.9518,1.62,1.50
2013.07.04 13:01:38.123,0.95165,0.95179,1.43,1.50
2013.07.04 13:01:38.674,0.95163,0.95178,2.10,1.50
2013.07.04 13:01:39.415,0.95163,0.95178,2.10,2.25
2013.07.04 13:01:39.927,0.95162,0.95178,1.50,2.93
2013.07.04 13:01:40.449,0.95162,0.95178,1.50,2.93
2013.07.04 13:01:41.265,0.95162,0.95178,1.50,2.93
2013.07.04 13:01:41.504,0.95162,0.95181,2.37,1.43
2013.07.04 13:01:41.624,0.95166,0.95184,1.50,2.37
2013.07.04 13:01:41.746,0.95165,0.95182,1.43,1.62
2013.07.04 13:01:42.288,0.95165,0.95179,1.50,1.43
2013.07.04 13:01:42.593,0.95169,0.95186,1.32,2.10
2013.07.04 13:01:42.834,0.95167,0.9518,2.29,1.50
2013.07.04 13:01:43.014,0.95165,0.9518,1.62,1.50
2013.07.04 13:01:43.574,0.95164,0.9518,1.43,2.18
2013.07.04 13:01:44.083,0.95162,0.95179,1.62,1.43
2013.07.04 13:01:44.384,0.95162,0.95178,1.43,1.69
2013.07.04 13:01:44.744,0.95157,0.95173,1.50,1.35
2013.07.04 13:01:44.866,0.9516,0.95177,1.43,2.29
2013.07.04 13:01:44.925,0.9516,0.95179,1.43,2.37
2013.07.04 13:01:45.044,0.95162,0.95179,2.18,1.69
2013.07.04 13:01:45.523,0.95162,0.95179,1.43,1.69
2013.07.04 13:01:46.035,0.95165,0.95181,1.54,2.18
2013.07.04 13:01:46.647,0.95165,0.95181,2.29,1.43
2013.07.04 13:01:46.723,0.95168,0.95185,1.43,1.62
2013.07.04 13:01:46.857,0.95168,0.95185,1.43,1.62
2013.07.04 13:01:46.924,0.95168,0.95182,1.43,1.50
2013.07.04 13:01:46.985,0.95168,0.95182,1.43,2.25
2013.07.04 13:01:47.163,0.95165,0.95179,1.43,1.43
2013.07.04 13:01:47.674,0.95161,0.95179,2.37,1.43
2013.07.04 13:01:48.635,0.95163,0.9518,1.43,2.37
2013.07.04 13:01:48.815,0.95169,0.95183,2.10,1.69
2013.07.04 13:01:49.055,0.95169,0.95186,2.10,1.69
2013.07.04 13:01:49.113,0.95169,0.95181,2.10,1.35
2013.07.04 13:01:49.474,0.95161,0.95178,1.43,2.18
2013.07.04 13:01:50.016,0.95166,0.95179,2.29,1.50
2013.07.04 13:01:50.135,0.95166,0.95182,2.29,1.50
2013.07.04 13:01:50.493,0.95169,0.95183,1.35,1.50
2013.07.04 13:01:50.614,0.95166,0.95182,3.79,1.50
2013.07.04 13:01:50.734,0.95166,0.95179,3.04,1.50
2013.07.04 13:01:51.216,0.95162,0.95179,1.43,1.99
2013.07.04 13:01:51.394,0.95161,0.95175,1.50,1.43
2013.07.04 13:01:51.515,0.95161,0.95174,1.50,1.43
2013.07.04 13:01:53.014,0.95164,0.95178,2.25,1.62
2013.07.04 13:01:53.074,0.95164,0.95178,1.50,1.62
2013.07.04 13:01:53.134,0.95164,0.95179,2.25,3.04
2013.07.04 13:01:53.854,0.95164,0.95179,2.25,1.69
2013.07.04 13:01:54.214,0.95164,0.95177,2.25,1.43
2013.07.04 13:01:54.334,0.95164,0.95175,1.50,2.10
2013.07.04 13:01:55.175,0.95157,0.95175,1.88,2.85
2013.07.04 13:01:55.554,0.95161,0.95175,1.50,2.10
2013.07.04 13:01:56.345,0.95161,0.95178,2.18,1.43
2013.07.04 13:01:56.466,0.95161,0.95176,1.50,1.35
2013.07.04 13:01:56.834,0.95159,0.95175,3.04,1.43
2013.07.04 13:01:57.074,0.95159,0.95175,1.62,2.18
2013.07.04 13:01:57.254,0.95156,0.95173,3.12,1.43
2013.07.04 13:01:57.824,0.95156,0.95173,1.69,2.10
2013.07.04 13:01:58.166,0.95156,0.95173,1.69,2.78
2013.07.04 13:01:58.224,0.95155,0.95171,1.88,1.35
2013.07.04 13:01:58.403,0.95155,0.9517,1.88,1.35
2013.07.04 13:01:58.836,0.95152,0.95165,1.50,1.35
2013.07.04 13:01:58.895,0.95151,0.95165,1.50,1.35
2013.07.04 13:01:59.364,0.95148,0.95163,1.13,1.43
2013.07.04 13:01:59.854,0.9515,0.95165,1.50,1.35
2013.07.04 13:01:59.975,0.95152,0.95168,1.13,3.04
2013.07.04 13:02:00.034,0.95152,0.95168,1.50,2.37
2013.07.04 13:02:00.214,0.95157,0.95173,2.07,2.85
2013.07.04 13:02:00.754,0.95162,0.95174,1.13,1.35
2013.07.04 13:02:00.933,0.95162,0.95177,1.88,1.54
2013.07.04 13:02:01.053,0.95162,0.95175,1.88,1.35
2013.07.04 13:02:01.534,0.95157,0.95172,1.69,1.43
2013.07.04 13:02:01.895,0.95175,0.9518,1.50,1.43
2013.07.04 13:02:01.955,0.95176,0.9519,1.50,1.35
2013.07.04 13:02:02.074,0.95176,0.95189,1.50,1.35
2013.07.04 13:02:02.134,0.95176,0.9519,1.50,1.35
2013.07.04 13:02:02.195,0.95176,0.95191,1.69,1.35
2013.07.04 13:02:03.425,0.95176,0.95191,1.50,1.35
2013.07.04 13:02:04.003,0.95176,0.9519,1.50,1.35
2013.07.04 13:02:04.635,0.95176,0.95191,2.37,1.43
2013.07.04 13:02:04.814,0.95176,0.95193,2.37,1.54
2013.07.04 13:02:04.874,0.95176,0.95193,2.37,1.54
2013.07.04 13:02:05.175,0.95176,0.95193,1.69,1.54
2013.07.04 13:02:05.723,0.95176,0.95192,1.69,1.35
2013.07.04 13:02:06.646,0.95176,0.95192,1.69,1.35
2013.07.04 13:02:06.737,0.95176,0.95193,2.18,1.54
2013.07.04 13:02:06.863,0.95173,0.95191,1.62,1.69
2013.07.04 13:02:09.505,0.95173,0.95187,1.13,1.54
2013.07.04 13:02:09.744,0.95172,0.95187,1.13,2.29
2013.07.04 13:02:09.804,0.95172,0.95187,1.50,1.35
2013.07.04 13:02:09.924,0.95172,0.95187,1.50,1.35
2013.07.04 13:02:10.224,0.95172,0.95188,1.50,1.43
2013.07.04 13:02:10.993,0.95172,0.95186,1.50,1.43
2013.07.04 13:02:11.365,0.9517,0.95186,2.07,2.18
2013.07.04 13:02:12.164,0.95171,0.95187,2.37,1.43
2013.07.04 13:02:12.223,0.95178,0.95188,1.50,2.85
2013.07.04 13:02:12.464,0.95171,0.95186,1.50,2.18
2013.07.04 13:02:13.004,0.95171,0.95183,1.50,1.35
2013.07.04 13:02:13.544,0.95171,0.95186,1.50,1.50
2013.07.04 13:02:14.014,0.95171,0.95185,1.50,1.43
2013.07.04 13:02:14.134,0.95165,0.95184,2.37,1.43
2013.07.04 13:02:14.253,0.95165,0.95182,2.18,1.43
2013.07.04 13:02:14.493,0.95161,0.95179,2.29,1.50
2013.07.04 13:02:14.675,0.95158,0.95176,2.29,1.69
2013.07.04 13:02:14.793,0.95158,0.95176,2.29,1.69
2013.07.04 13:02:15.334,0.95158,0.95176,2.29,1.50
2013.07.04 13:02:15.394,0.9516,0.95176,1.54,1.50
2013.07.04 13:02:15.953,0.95162,0.95176,1.35,1.50
2013.07.04 13:02:16.133,0.9516,0.95176,2.29,1.50
2013.07.04 13:02:17.628,0.95161,0.95176,1.43,1.50
2013.07.04 13:02:17.704,0.95166,0.95177,1.50,1.62
2013.07.04 13:02:18.197,0.95166,0.95177,1.50,1.43
2013.07.04 13:02:18.323,0.95164,0.95177,1.50,1.43
2013.07.04 13:02:20.676,0.9516,0.95173,1.50,1.50
2013.07.04 13:02:21.215,0.95165,0.95174,1.50,1.50
2013.07.04 13:02:21.963,0.95158,0.95174,1.35,1.50
2013.07.04 13:02:22.563,0.95158,0.95174,1.35,1.50
2013.07.04 13:02:22.870,0.95158,0.95176,1.62,1.43
2013.07.04 13:02:23.114,0.95167,0.95182,2.63,1.43
2013.07.04 13:02:23.174,0.95167,0.95182,1.50,2.10
2013.07.04 13:02:23.356,0.95164,0.95177,1.32,1.43
2013.07.04 13:02:23.414,0.95161,0.95177,1.69,1.43
2013.07.04 13:02:23.655,0.9516,0.95177,1.62,2.18
2013.07.04 13:02:23.714,0.95158,0.95176,1.32,1.35
2013.07.04 13:02:23.773,0.95158,0.95175,1.69,1.43
2013.07.04 13:02:24.253,0.95159,0.95173,1.50,2.10
2013.07.04 13:02:24.373,0.95156,0.95173,1.99,1.43
2013.07.04 13:02:25.053,0.95155,0.95174,3.04,2.29
2013.07.04 13:02:25.393,0.95154,0.95172,3.04,2.10
2013.07.04 13:02:25.705,0.95157,0.95172,1.13,2.10
2013.07.04 13:02:26.003,0.95158,0.95174,2.18,1.69
2013.07.04 13:02:26.215,0.95158,0.95174,2.18,1.69
2013.07.04 13:02:26.273,0.95157,0.95174,1.35,2.44
2013.07.04 13:02:26.333,0.95155,0.95173,2.85,2.29
2013.07.04 13:02:26.573,0.95156,0.95171,1.50,1.43
2013.07.04 13:02:26.874,0.9516,0.9517,1.50,1.50
2013.07.04 13:02:26.996,0.95154,0.9517,2.37,1.50
2013.07.04 13:02:27.235,0.95154,0.95167,1.69,1.43
2013.07.04 13:02:27.815,0.95154,0.95168,1.69,2.18
2013.07.04 13:02:27.895,0.95152,0.95171,1.62,1.43
2013.07.04 13:02:28.266,0.95153,0.95172,2.29,1.35
2013.07.04 13:02:28.625,0.95153,0.95172,3.04,2.85
2013.07.04 13:02:29.133,0.95152,0.95168,1.13,1.35
2013.07.04 13:02:29.434,0.95158,0.95174,1.62,1.50
2013.07.04 13:02:29.494,0.95158,0.95176,1.62,2.18
2013.07.04 13:02:29.554,0.9516,0.95176,1.69,1.43
2013.07.04 13:02:30.045,0.95162,0.95178,1.69,1.50
2013.07.04 13:02:30.641,0.95162,0.95178,3.04,1.50
2013.07.04 13:02:31.265,0.95162,0.95178,1.69,2.85
2013.07.04 13:02:32.254,0.95162,0.95178,1.69,3.60
2013.07.04 13:02:32.556,0.95158,0.95176,1.62,2.48
2013.07.04 13:02:32.735,0.95153,0.95168,2.10,1.50
2013.07.04 13:02:32.914,0.95147,0.95164,1.13,2.18
2013.07.04 13:02:33.874,0.95148,0.95166,1.62,1.62
2013.07.04 13:02:36.873,0.95149,0.95165,1.62,1.43
2013.07.04 13:02:37.405,0.95147,0.95164,1.99,2.10
2013.07.04 13:02:38.153,0.95147,0.95164,1.99,2.10
2013.07.04 13:02:38.664,0.95149,0.95164,1.62,1.43
2013.07.04 13:02:39.203,0.95149,0.95167,1.62,1.62
2013.07.04 13:02:40.283,0.95149,0.95167,1.62,1.62
2013.07.04 13:02:40.836,0.95149,0.95168,2.29,2.44
2013.07.04 13:02:41.195,0.95152,0.9517,2.10,1.69
2013.07.04 13:02:41.745,0.95151,0.95168,1.69,1.69
2013.07.04 13:02:42.288,0.95147,0.95163,3.49,1.43
2013.07.04 13:02:42.355,0.95147,0.95163,2.07,2.10
2013.07.04 13:02:42.536,0.95147,0.95163,1.13,2.29
2013.07.04 13:02:42.594,0.95147,0.95162,1.13,1.54
2013.07.04 13:02:42.954,0.95149,0.95165,1.50,1.62
2013.07.04 13:02:43.314,0.95142,0.95159,1.43,1.43
2013.07.04 13:02:43.374,0.95141,0.95155,2.10,1.69
2013.07.04 13:02:43.674,0.95145,0.95157,2.18,1.43
2013.07.04 13:02:43.734,0.95145,0.95157,2.55,1.43
2013.07.04 13:02:43.794,0.95146,0.95163,3.23,3.12
2013.07.04 13:02:43.854,0.95146,0.95163,3.23,3.12
2013.07.04 13:02:43.974,0.95147,0.95165,1.43,2.37
2013.07.04 13:02:44.033,0.95147,0.95165,1.43,2.37
2013.07.04 13:02:44.691,0.95147,0.95165,1.62,2.18
2013.07.04 13:02:45.234,0.95147,0.95163,2.37,1.43
2013.07.04 13:02:45.414,0.95147,0.95162,1.50,1.54
2013.07.04 13:02:46.008,0.95146,0.95162,1.50,2.29
2013.07.04 13:02:46.313,0.95146,0.95162,1.50,3.04
2013.07.04 13:02:46.617,0.95143,0.9516,1.43,2.37
2013.07.04 13:02:46.864,0.95142,0.95157,1.50,1.35
2013.07.04 13:02:46.926,0.95141,0.95157,2.25,1.35
2013.07.04 13:02:47.047,0.9514,0.95156,1.43,1.62
2013.07.04 13:02:47.414,0.95138,0.95153,1.43,1.43
2013.07.04 13:02:47.715,0.95133,0.9514,1.43,1.50
2013.07.04 13:02:47.895,0.95121,0.95133,2.10,1.05
2013.07.04 13:02:47.954,0.95117,0.95131,1.13,1.35
2013.07.04 13:02:48.014,0.95117,0.95131,1.13,1.35
2013.07.04 13:02:48.135,0.95117,0.95131,1.13,1.35
2013.07.04 13:02:48.314,0.95121,0.95138,1.43,1.62
2013.07.04 13:02:49.004,0.95121,0.95139,1.43,1.62
2013.07.04 13:02:49.353,0.95122,0.9514,1.35,1.43
2013.07.04 13:02:49.713,0.95129,0.95145,1.35,1.50
2013.07.04 13:02:49.954,0.95129,0.95148,2.10,1.62
2013.07.04 13:02:50.224,0.95129,0.95138,1.43,1.50
2013.07.04 13:02:50.584,0.95117,0.95127,1.43,1.69
2013.07.04 13:02:50.644,0.95114,0.95125,1.35,1.69
2013.07.04 13:02:50.704,0.95113,0.95125,1.43,1.69
2013.07.04 13:02:50.824,0.95112,0.95128,1.13,1.69
2013.07.04 13:02:50.883,0.95112,0.95129,1.13,1.43
2013.07.04 13:02:50.944,0.95114,0.9513,2.85,1.43
2013.07.04 13:02:51.184,0.95118,0.95135,1.80,2.10
2013.07.04 13:02:51.425,0.95119,0.95138,1.43,1.54
2013.07.04 13:02:52.004,0.9512,0.95139,2.10,3.04
2013.07.04 13:02:52.123,0.95122,0.95139,1.35,2.37
2013.07.04 13:02:52.484,0.95127,0.95141,1.35,1.50
2013.07.04 13:02:52.723,0.95124,0.95139,2.10,1.50
2013.07.04 13:02:52.903,0.95126,0.95139,1.35,1.50
2013.07.04 13:02:53.143,0.95127,0.95143,1.35,1.62
2013.07.04 13:02:53.204,0.95127,0.95144,1.35,1.69
2013.07.04 13:02:53.263,0.95127,0.95144,1.54,1.50
2013.07.04 13:02:53.444,0.9513,0.95144,1.35,1.50
2013.07.04 13:02:53.684,0.95134,0.95151,1.35,2.18
2013.07.04 13:02:53.745,0.95137,0.95151,1.35,1.50
2013.07.04 13:02:54.043,0.95142,0.95158,2.29,1.50
2013.07.04 13:02:54.284,0.95143,0.95159,1.43,1.50
2013.07.04 13:02:54.913,0.95143,0.95159,1.43,1.50
2013.07.04 13:02:55.093,0.9514,0.95149,1.43,2.25
2013.07.04 13:02:55.214,0.95138,0.95153,1.35,3.12
2013.07.04 13:02:55.274,0.95138,0.95153,1.35,3.19
2013.07.04 13:02:55.333,0.95136,0.95149,1.50,1.35
2013.07.04 13:02:55.394,0.95133,0.9515,1.80,1.62
2013.07.04 13:02:55.575,0.95134,0.95152,1.50,1.43
2013.07.04 13:02:56.123,0.95133,0.95153,2.55,3.04
2013.07.04 13:02:56.634,0.95133,0.95152,2.55,1.43
2013.07.04 13:02:57.054,0.95131,0.95148,1.43,1.43
2013.07.04 13:02:57.296,0.95129,0.95147,2.29,1.35
2013.07.04 13:02:57.534,0.9513,0.95148,3.04,1.43
2013.07.04 13:02:57.654,0.95134,0.95153,1.35,2.29
2013.07.04 13:02:57.834,0.95133,0.95153,2.37,2.10
2013.07.04 13:02:57.953,0.95136,0.95156,1.43,1.73
2013.07.04 13:02:58.435,0.95134,0.95153,1.62,1.54
2013.07.04 13:02:58.613,0.95134,0.95151,1.62,1.43
2013.07.04 13:02:59.165,0.95133,0.95151,1.69,2.10
2013.07.04 13:03:00.054,0.95132,0.9515,1.88,1.43
2013.07.04 13:03:00.644,0.95132,0.9515,1.13,1.43
2013.07.04 13:03:01.204,0.95132,0.9515,1.32,1.43
2013.07.04 13:03:01.704,0.95132,0.95153,1.99,2.29
2013.07.04 13:03:01.764,0.95135,0.95153,1.35,1.54
2013.07.04 13:03:02.004,0.95135,0.95153,1.35,2.29
2013.07.04 13:03:02.304,0.95138,0.95155,1.05,1.73
2013.07.04 13:03:04.574,0.95138,0.95155,1.05,2.29
2013.07.04 13:03:04.875,0.95148,0.95161,1.50,1.69
2013.07.04 13:03:05.233,0.95148,0.95164,1.50,1.69
2013.07.04 13:03:07.283,0.95146,0.95159,1.54,1.50
2013.07.04 13:03:07.763,0.95142,0.9516,3.04,1.69
2013.07.04 13:03:07.883,0.95142,0.95159,2.85,1.69
2013.07.04 13:03:08.185,0.95144,0.9516,1.43,2.18
2013.07.04 13:03:08.363,0.95143,0.9516,2.10,2.18
2013.07.04 13:03:10.203,0.95143,0.95159,1.62,1.50
2013.07.04 13:03:10.263,0.95143,0.95159,1.62,1.50
2013.07.04 13:03:10.565,0.95152,0.95166,1.13,1.50
2013.07.04 13:03:10.625,0.95153,0.95168,1.13,1.50
2013.07.04 13:03:10.685,0.95153,0.95169,1.13,2.14
2013.07.04 13:03:10.745,0.95156,0.9517,1.50,1.54
2013.07.04 13:03:10.805,0.95156,0.95173,1.50,2.29
2013.07.04 13:03:11.431,0.95156,0.95174,2.85,2.44
2013.07.04 13:03:11.507,0.95156,0.95172,1.50,1.54
2013.07.04 13:03:11.813,0.95156,0.9517,1.50,1.43
2013.07.04 13:03:11.875,0.95156,0.95172,1.50,1.54
2013.07.04 13:03:12.054,0.95156,0.95173,1.50,3.04
2013.07.04 13:03:12.524,0.95155,0.95172,1.43,1.62
2013.07.04 13:03:12.825,0.9515,0.95161,1.50,1.69
2013.07.04 13:03:12.946,0.9515,0.95161,1.43,1.69
2013.07.04 13:03:13.126,0.95146,0.95159,4.28,1.13
2013.07.04 13:03:13.187,0.95143,0.95159,1.62,1.13
2013.07.04 13:03:13.256,0.95142,0.95158,3.53,1.69
2013.07.04 13:03:13.614,0.95143,0.95158,1.35,1.50
2013.07.04 13:03:13.733,0.95143,0.95162,2.10,2.29
2013.07.04 13:03:14.093,0.95147,0.95163,1.43,2.29
2013.07.04 13:03:14.268,0.95143,0.95163,2.10,2.29
2013.07.04 13:03:14.813,0.95146,0.95163,1.32,1.35
2013.07.04 13:03:14.933,0.95147,0.95164,1.43,2.18
2013.07.04 13:03:14.993,0.95148,0.95166,1.35,1.69
2013.07.04 13:03:15.054,0.95149,0.95166,1.43,1.69
2013.07.04 13:03:15.425,0.95147,0.95165,2.18,1.69
2013.07.04 13:03:15.784,0.95147,0.95164,1.43,1.69
2013.07.04 13:03:15.844,0.95147,0.95161,1.43,1.69
2013.07.04 13:03:16.144,0.95148,0.95161,1.88,1.54
2013.07.04 13:03:16.383,0.95149,0.95166,2.85,1.69
2013.07.04 13:03:16.805,0.95146,0.95164,1.43,1.69
2013.07.04 13:03:16.924,0.95146,0.95165,2.85,3.79
2013.07.04 13:03:17.225,0.95146,0.95162,1.50,1.35
2013.07.04 13:03:17.773,0.95146,0.95164,2.18,2.37
2013.07.04 13:03:18.644,0.95149,0.95164,1.50,1.62
2013.07.04 13:03:18.763,0.95153,0.95166,1.50,2.10
2013.07.04 13:03:19.125,0.95155,0.95171,1.43,1.62
2013.07.04 13:03:19.584,0.95154,0.95171,1.05,2.37
2013.07.04 13:03:19.825,0.95152,0.95168,1.80,1.50
2013.07.04 13:03:19.885,0.95152,0.95169,1.80,1.43
2013.07.04 13:03:20.355,0.95155,0.95171,1.43,2.37
2013.07.04 13:03:20.924,0.95155,0.95171,1.43,3.04
2013.07.04 13:03:21.465,0.95158,0.95168,1.13,2.10
2013.07.04 13:03:22.214,0.95162,0.95174,1.13,1.43
2013.07.04 13:03:22.327,0.95163,0.95179,1.13,1.43
2013.07.04 13:03:22.735,0.95162,0.95179,1.05,2.18
2013.07.04 13:03:23.033,0.95162,0.95179,1.05,3.12
2013.07.04 13:03:23.394,0.95161,0.95175,1.13,1.43
2013.07.04 13:03:23.933,0.95161,0.95175,1.13,1.62
2013.07.04 13:03:24.895,0.95161,0.95178,1.88,3.04
2013.07.04 13:03:27.295,0.95159,0.95177,3.12,1.43
2013.07.04 13:03:27.595,0.95175,0.95181,1.50,1.35
2013.07.04 13:03:27.715,0.95177,0.95191,1.88,1.35
2013.07.04 13:03:27.773,0.95177,0.95193,1.88,1.35
2013.07.04 13:03:28.075,0.95177,0.95196,2.74,1.35
2013.07.04 13:03:29.314,0.95179,0.95198,1.43,3.04
2013.07.04 13:03:30.644,0.95179,0.95196,1.80,1.43
2013.07.04 13:03:31.075,0.95177,0.95194,1.35,2.93
2013.07.04 13:03:31.434,0.95163,0.95178,1.24,1.50
2013.07.04 13:03:31.554,0.95162,0.95178,1.43,1.69
2013.07.04 13:03:31.614,0.95164,0.95178,1.35,1.50
2013.07.04 13:03:31.674,0.95164,0.95178,1.35,1.50
2013.07.04 13:03:31.795,0.95168,0.95184,1.13,1.62
2013.07.04 13:03:32.154,0.95172,0.9519,1.99,1.43
2013.07.04 13:03:32.737,0.95172,0.9519,2.74,1.43
2013.07.04 13:03:32.809,0.95171,0.95186,1.50,1.35
2013.07.04 13:03:33.325,0.95168,0.95184,1.62,1.43
2013.07.04 13:03:33.634,0.95174,0.95184,1.13,1.43
2013.07.04 13:03:33.874,0.95171,0.95189,3.04,1.50
2013.07.04 13:03:33.935,0.95172,0.95189,1.62,1.50
2013.07.04 13:03:33.995,0.95172,0.95191,2.37,1.43
2013.07.04 13:03:34.355,0.95173,0.95189,2.10,1.50
2013.07.04 13:03:34.415,0.95173,0.95188,1.43,1.69
2013.07.04 13:03:34.776,0.95171,0.95187,1.43,1.69
2013.07.04 13:03:35.197,0.95174,0.95189,1.35,1.69
2013.07.04 13:03:35.265,0.95172,0.95188,1.35,1.69
2013.07.04 13:03:35.444,0.95171,0.95186,1.50,2.10
2013.07.04 13:03:35.625,0.95176,0.95189,1.43,1.50
2013.07.04 13:03:35.864,0.95182,0.95198,2.10,1.50
2013.07.04 13:03:36.343,0.95176,0.95193,1.88,2.18
2013.07.04 13:03:37.364,0.95177,0.95195,2.18,1.43
2013.07.04 13:03:37.604,0.95178,0.95197,2.29,2.29
2013.07.04 13:03:38.143,0.95178,0.95197,2.10,2.29
2013.07.04 13:03:38.574,0.95178,0.95195,2.10,1.69
2013.07.04 13:03:38.875,0.95176,0.95193,2.18,1.69
2013.07.04 13:03:38.994,0.95176,0.95193,1.43,2.44
2013.07.04 13:03:40.914,0.95175,0.95192,1.43,1.62
2013.07.04 13:03:43.388,0.95172,0.95188,1.50,1.62
2013.07.04 13:03:44.324,0.9517,0.95189,1.43,1.62
2013.07.04 13:03:44.865,0.95171,0.95189,1.50,3.04
2013.07.04 13:03:45.403,0.95171,0.95185,1.50,1.54
2013.07.04 13:03:45.584,0.9517,0.95185,1.50,2.29
2013.07.04 13:03:45.943,0.95167,0.95184,1.50,1.62
2013.07.04 13:03:46.344,0.95165,0.95184,1.80,1.62
2013.07.04 13:03:46.584,0.95162,0.95178,1.43,3.12
2013.07.04 13:03:48.115,0.9516,0.95177,2.10,1.69
2013.07.04 13:03:48.594,0.95158,0.95175,1.80,1.62
2013.07.04 13:03:49.124,0.95158,0.95173,1.13,1.62
2013.07.04 13:03:49.365,0.95158,0.95175,2.55,2.37
2013.07.04 13:03:49.425,0.95158,0.95175,2.55,2.37
2013.07.04 13:03:49.605,0.95159,0.95175,1.50,1.62
2013.07.04 13:03:50.143,0.95162,0.95177,1.50,3.04
2013.07.04 13:03:51.244,0.95161,0.95177,1.43,2.44
2013.07.04 13:03:51.904,0.95161,0.95177,2.18,1.69
2013.07.04 13:03:52.264,0.95162,0.95178,1.50,1.43
2013.07.04 13:03:52.803,0.95162,0.95179,2.18,1.62
2013.07.04 13:03:53.343,0.95163,0.9518,1.43,1.62
2013.07.04 13:03:53.975,0.95162,0.95179,1.50,1.62
2013.07.04 13:03:54.683,0.95162,0.95178,1.62,2.18
2013.07.04 13:03:55.594,0.9516,0.95177,1.62,2.37
2013.07.04 13:03:55.893,0.95158,0.95175,1.13,1.62
2013.07.04 13:03:56.494,0.9516,0.95178,1.62,2.10
2013.07.04 13:03:56.675,0.95163,0.95178,1.32,2.10
2013.07.04 13:03:56.794,0.95163,0.9518,1.32,1.35
2013.07.04 13:03:57.115,0.95164,0.95181,1.62,1.35
2013.07.04 13:03:57.234,0.95165,0.95183,1.43,1.54
2013.07.04 13:03:57.806,0.95166,0.95183,1.50,2.29
2013.07.04 13:03:58.354,0.95167,0.95183,1.50,2.10
2013.07.04 13:03:58.935,0.95167,0.95182,1.50,2.10
2013.07.04 13:04:00.264,0.95167,0.95182,1.50,1.35
2013.07.04 13:04:00.445,0.95168,0.95185,1.88,1.54
2013.07.04 13:04:00.565,0.95168,0.95187,2.74,2.85
2013.07.04 13:04:00.624,0.95168,0.95186,1.62,1.43
2013.07.04 13:04:00.985,0.95167,0.95183,2.18,1.69
2013.07.04 13:04:01.044,0.95165,0.95181,1.43,1.62
2013.07.04 13:04:01.283,0.95162,0.95179,2.07,2.10
2013.07.04 13:04:02.464,0.95162,0.95178,1.13,1.43
2013.07.04 13:04:02.774,0.95162,0.95178,1.13,2.10
2013.07.04 13:04:03.853,0.9516,0.95177,1.62,2.18
2013.07.04 13:04:04.395,0.95158,0.95175,1.43,2.37
2013.07.04 13:04:04.915,0.95156,0.95173,1.88,1.69
2013.07.04 13:04:05.641,0.95154,0.95168,1.13,1.43
2013.07.04 13:04:05.764,0.95149,0.95164,1.54,1.50
2013.07.04 13:04:05.826,0.95147,0.95164,1.80,1.50
2013.07.04 13:04:06.994,0.95147,0.95163,1.80,1.50
2013.07.04 13:04:08.386,0.95147,0.95161,1.05,1.50
2013.07.04 13:04:08.504,0.95147,0.95164,1.05,2.18
2013.07.04 13:04:08.624,0.95147,0.95162,1.13,1.69
2013.07.04 13:04:08.745,0.9515,0.95165,1.13,1.54
2013.07.04 13:04:08.864,0.9515,0.95166,1.13,2.29
2013.07.04 13:04:10.284,0.9515,0.95166,1.13,2.29
2013.07.04 13:04:11.294,0.95147,0.95164,2.93,2.18
2013.07.04 13:04:11.833,0.95146,0.95163,1.69,2.29
2013.07.04 13:04:12.377,0.95145,0.95163,3.19,3.04
2013.07.04 13:04:12.654,0.95145,0.95161,2.44,1.43
2013.07.04 13:04:12.774,0.95142,0.9516,2.29,1.43
2013.07.04 13:04:12.894,0.95141,0.95159,3.30,1.62
2013.07.04 13:04:13.375,0.95142,0.95158,1.62,1.43
2013.07.04 13:04:13.613,0.95145,0.95161,2.44,2.10
2013.07.04 13:04:13.674,0.95145,0.95161,3.19,2.10
2013.07.04 13:04:13.914,0.95146,0.95162,1.62,2.85
2013.07.04 13:04:14.485,0.95145,0.95162,3.12,1.50
2013.07.04 13:04:15.105,0.95145,0.95162,3.12,1.50
2013.07.04 13:04:15.345,0.95146,0.95162,2.44,1.50
2013.07.04 13:04:15.536,0.95146,0.95162,2.37,1.50
2013.07.04 13:04:15.716,0.95147,0.95163,1.69,2.18
2013.07.04 13:04:16.279,0.95147,0.95163,1.69,2.18
2013.07.04 13:04:16.844,0.95147,0.95163,1.69,2.18
2013.07.04 13:04:17.844,0.95148,0.95166,2.29,1.69
2013.07.04 13:04:17.904,0.95151,0.95167,1.50,3.04
2013.07.04 13:04:18.205,0.95154,0.95169,1.43,1.13
2013.07.04 13:04:18.266,0.95154,0.95172,2.10,2.29
2013.07.04 13:04:18.563,0.95154,0.95171,1.35,1.50
2013.07.04 13:04:19.084,0.95153,0.9517,1.62,1.43
2013.07.04 13:04:19.204,0.95153,0.9517,1.62,1.43
2013.07.04 13:04:21.263,0.95152,0.95169,3.04,2.37
2013.07.04 13:04:21.564,0.95156,0.95167,1.13,1.35
2013.07.04 13:04:21.624,0.95154,0.95169,1.69,2.18
2013.07.04 13:04:21.745,0.95153,0.95169,1.62,1.50
2013.07.04 13:04:22.524,0.95152,0.95168,3.12,1.43
2013.07.04 13:04:23.173,0.95151,0.95168,1.69,2.85
2013.07.04 13:04:23.790,0.95151,0.95168,1.69,3.60
2013.07.04 13:04:24.514,0.95151,0.95168,1.69,2.85
2013.07.04 13:04:25.113,0.95151,0.95168,1.62,1.43
2013.07.04 13:04:25.173,0.95151,0.9517,2.29,2.29
2013.07.04 13:04:26.165,0.95151,0.9517,3.04,3.79
2013.07.04 13:04:26.796,0.95151,0.9517,3.04,3.60
2013.07.04 13:04:26.984,0.95151,0.9517,3.04,2.85
2013.07.04 13:04:28.677,0.95155,0.95172,1.69,1.35
2013.07.04 13:04:28.744,0.95155,0.95172,1.69,2.10
2013.07.04 13:04:28.965,0.95156,0.95172,1.32,2.10
2013.07.04 13:04:29.087,0.95158,0.95172,2.07,2.10
2013.07.04 13:04:29.396,0.95161,0.95172,1.69,1.35
2013.07.04 13:04:29.469,0.95161,0.95178,1.69,2.10
2013.07.04 13:04:29.774,0.95162,0.95178,1.43,3.04
2013.07.04 13:04:29.956,0.95162,0.95175,1.43,1.50
2013.07.04 13:04:30.316,0.95154,0.95165,1.35,1.69
2013.07.04 13:04:30.375,0.95146,0.95164,1.54,1.43
2013.07.04 13:04:30.613,0.95145,0.95164,1.62,2.18
2013.07.04 13:04:31.256,0.95144,0.95162,1.62,1.43
2013.07.04 13:04:31.615,0.95145,0.95161,1.69,2.10
2013.07.04 13:04:32.093,0.95148,0.95164,1.43,1.50
2013.07.04 13:04:32.154,0.95149,0.95164,1.35,2.25
2013.07.04 13:04:32.516,0.95144,0.95162,2.10,2.29
2013.07.04 13:04:32.574,0.95144,0.9516,1.35,1.50
2013.07.04 13:04:32.816,0.95141,0.95159,2.18,1.50
2013.07.04 13:04:32.874,0.95141,0.95159,1.43,1.69
2013.07.04 13:04:34.014,0.95138,0.95154,1.13,2.10
2013.07.04 13:04:34.375,0.95134,0.95152,1.43,2.37
2013.07.04 13:04:34.495,0.95135,0.9515,1.13,1.35
2013.07.04 13:04:34.555,0.95137,0.95153,1.50,1.73
2013.07.04 13:04:34.917,0.95142,0.95155,1.50,1.43
2013.07.04 13:04:35.355,0.95141,0.95157,1.50,1.43
2013.07.04 13:04:35.474,0.95141,0.95157,1.43,1.50
2013.07.04 13:04:35.833,0.95138,0.95151,1.50,1.43
2013.07.04 13:04:36.074,0.95129,0.95148,1.50,1.54
2013.07.04 13:04:36.471,0.95131,0.95149,1.43,2.37
2013.07.04 13:04:37.404,0.95131,0.95148,1.43,1.62
2013.07.04 13:04:38.048,0.95128,0.95145,1.24,1.62
2013.07.04 13:04:38.117,0.9513,0.95146,1.43,1.43
2013.07.04 13:04:38.425,0.95132,0.95147,1.35,1.50
2013.07.04 13:04:38.785,0.9513,0.95147,3.60,1.50
2013.07.04 13:04:38.908,0.9513,0.95147,3.60,1.69
2013.07.04 13:04:39.836,0.9513,0.95144,1.50,1.50
2013.07.04 13:04:39.895,0.9513,0.95144,1.50,1.50
2013.07.04 13:04:40.407,0.95128,0.95145,2.18,2.85
2013.07.04 13:04:40.474,0.95128,0.95144,1.50,1.62
2013.07.04 13:04:41.314,0.95124,0.95139,2.37,1.43
2013.07.04 13:04:41.674,0.95112,0.95128,2.78,1.69
2013.07.04 13:04:41.734,0.95112,0.95128,1.35,2.37
2013.07.04 13:04:41.854,0.95111,0.95125,1.43,1.69
2013.07.04 13:04:42.156,0.95118,0.9513,1.35,1.32
2013.07.04 13:04:42.515,0.95125,0.9514,2.93,2.18
2013.07.04 13:04:42.634,0.95133,0.95139,1.35,1.50
2013.07.04 13:04:42.694,0.95134,0.95147,1.35,1.32
2013.07.04 13:04:42.755,0.95133,0.95147,1.35,1.32
2013.07.04 13:04:42.815,0.95133,0.95148,1.35,1.54
2013.07.04 13:04:43.135,0.95133,0.95149,1.35,3.94
2013.07.04 13:04:44.096,0.95133,0.95149,1.35,3.94
2013.07.04 13:04:44.214,0.95132,0.95149,2.10,3.94
2013.07.04 13:04:44.576,0.95131,0.95145,1.50,1.69
2013.07.04 13:04:44.816,0.95131,0.95147,1.50,1.69
2013.07.04 13:04:46.446,0.9513,0.95148,1.43,3.19
2013.07.04 13:04:47.156,0.95133,0.95148,2.10,1.69
2013.07.04 13:04:47.231,0.95131,0.95147,1.43,1.88
2013.07.04 13:04:47.477,0.95129,0.95143,1.35,1.69
2013.07.04 13:04:47.666,0.95127,0.95144,2.25,1.43
2013.07.04 13:04:47.845,0.95129,0.95143,1.35,1.13
2013.07.04 13:04:48.086,0.95116,0.95129,2.10,1.50
2013.07.04 13:04:48.146,0.95114,0.95129,1.35,1.69
2013.07.04 13:04:48.683,0.95114,0.95132,1.35,2.37
2013.07.04 13:04:48.866,0.95116,0.95134,1.43,1.69
2013.07.04 13:04:48.924,0.95119,0.95134,1.35,1.69
2013.07.04 13:04:49.166,0.9512,0.95138,1.35,1.62
2013.07.04 13:04:49.705,0.95121,0.95139,1.43,2.93
2013.07.04 13:04:50.004,0.95121,0.95137,1.43,1.69
2013.07.04 13:04:50.326,0.9512,0.95135,1.50,1.62
2013.07.04 13:04:50.383,0.95117,0.95135,1.43,1.62
2013.07.04 13:04:50.634,0.95119,0.95136,1.50,2.37
2013.07.04 13:04:51.374,0.95119,0.95134,2.18,1.69
2013.07.04 13:04:51.675,0.95115,0.9513,1.50,1.35
2013.07.04 13:04:51.734,0.95116,0.95132,1.43,1.69
2013.07.04 13:04:53.305,0.95116,0.95133,2.18,1.62
2013.07.04 13:04:55.405,0.95116,0.95124,1.43,1.50
2013.07.04 13:04:55.587,0.95112,0.95128,1.50,2.10
2013.07.04 13:04:55.654,0.95112,0.95126,1.50,1.54
2013.07.04 13:04:55.774,0.95113,0.95131,1.43,3.12
2013.07.04 13:04:56.324,0.95111,0.9513,2.48,2.29
2013.07.04 13:04:56.383,0.95111,0.95125,1.35,1.13
2013.07.04 13:04:56.684,0.95107,0.95123,1.35,1.50
2013.07.04 13:04:57.147,0.95108,0.95124,1.35,2.44
2013.07.04 13:04:57.385,0.95111,0.95126,1.13,1.62
2013.07.04 13:04:57.507,0.95111,0.95129,2.48,3.79
2013.07.04 13:04:58.110,0.95111,0.95129,2.67,2.18
2013.07.04 13:04:58.183,0.95113,0.9513,1.43,2.37
2013.07.04 13:04:58.656,0.95112,0.95128,1.35,1.50
2013.07.04 13:04:58.895,0.95111,0.95125,1.13,1.35
2013.07.04 13:04:59.015,0.95111,0.95127,1.88,1.62
2013.07.04 13:04:59.325,0.95111,0.95127,2.55,1.69
2013.07.04 13:04:59.903,0.95113,0.95127,1.43,1.69
2013.07.04 13:05:00.573,0.95113,0.95129,1.43,1.69
2013.07.04 13:05:01.112,0.95113,0.9513,1.43,2.37
2013.07.04 13:05:01.508,0.95113,0.9513,2.18,3.12
2013.07.04 13:05:01.993,0.95112,0.95131,2.85,1.54
2013.07.04 13:05:02.114,0.95113,0.95132,1.35,1.62
2013.07.04 13:05:02.445,0.95116,0.95133,1.35,2.44
2013.07.04 13:05:02.744,0.95115,0.95132,1.35,2.44
2013.07.04 13:05:03.205,0.95114,0.95129,2.10,1.69
2013.07.04 13:05:03.446,0.95111,0.95126,1.80,1.69
2013.07.04 13:05:03.959,0.9511,0.95127,1.35,1.62
2013.07.04 13:05:04.029,0.9511,0.95128,2.22,1.54
2013.07.04 13:05:04.155,0.95113,0.95129,1.05,1.43
2013.07.04 13:05:04.216,0.95114,0.9513,1.35,1.50
2013.07.04 13:05:04.338,0.95114,0.95133,1.35,2.29
2013.07.04 13:05:04.585,0.95113,0.95131,1.80,1.43
2013.07.04 13:05:04.947,0.95112,0.95129,2.18,1.54
2013.07.04 13:05:05.266,0.95109,0.95127,1.62,1.43
2013.07.04 13:05:06.535,0.95109,0.95127,2.37,2.37
2013.07.04 13:05:06.934,0.9511,0.95128,2.18,3.12
2013.07.04 13:05:07.054,0.95114,0.95129,2.10,1.43
2013.07.04 13:05:07.113,0.95115,0.95131,1.13,1.69
2013.07.04 13:05:07.234,0.95116,0.95132,1.50,2.10
2013.07.04 13:05:07.294,0.95117,0.95134,1.62,1.43
2013.07.04 13:05:07.354,0.95117,0.95136,1.62,1.43
2013.07.04 13:05:07.895,0.95119,0.95136,1.43,1.62
2013.07.04 13:05:08.852,0.95118,0.95135,1.43,1.43
2013.07.04 13:05:09.394,0.95117,0.95135,1.43,1.62
2013.07.04 13:05:09.635,0.95116,0.95134,1.50,2.29
2013.07.04 13:05:09.934,0.95118,0.95135,1.43,2.18
2013.07.04 13:05:10.294,0.95119,0.95136,1.35,1.69
2013.07.04 13:05:10.834,0.95119,0.95136,2.85,1.69
2013.07.04 13:05:11.194,0.95134,0.95149,1.43,1.69
2013.07.04 13:05:11.253,0.95134,0.95151,1.43,2.44
2013.07.04 13:05:11.313,0.95135,0.95152,1.43,1.62
2013.07.04 13:05:11.374,0.95137,0.95153,2.18,2.37
2013.07.04 13:05:11.434,0.95137,0.95154,2.18,3.12
2013.07.04 13:05:12.034,0.95137,0.95157,2.85,1.69
2013.07.04 13:05:12.335,0.95137,0.95153,1.35,2.44
2013.07.04 13:05:12.396,0.95134,0.95151,1.35,1.62
2013.07.04 13:05:12.526,0.95132,0.9515,1.35,3.12
2013.07.04 13:05:12.645,0.95132,0.95152,1.35,3.04
2013.07.04 13:05:13.154,0.95136,0.95152,1.35,1.69
2013.07.04 13:05:13.815,0.95136,0.95151,1.35,1.50
2013.07.04 13:05:14.114,0.95136,0.95149,1.35,1.50
2013.07.04 13:05:14.417,0.95136,0.95151,1.43,1.69
2013.07.04 13:05:14.488,0.95138,0.95152,1.13,1.43
2013.07.04 13:05:14.734,0.95136,0.95153,2.29,2.25
2013.07.04 13:05:14.854,0.95136,0.95152,1.54,1.50
2013.07.04 13:05:15.574,0.95136,0.95154,2.10,3.04
2013.07.04 13:05:15.933,0.95147,0.95164,1.43,1.99
2013.07.04 13:05:16.113,0.95144,0.95161,1.35,2.37
2013.07.04 13:05:16.174,0.95144,0.95161,1.35,1.62
2013.07.04 13:05:16.234,0.95142,0.9516,1.35,2.29
2013.07.04 13:05:16.714,0.95142,0.9516,2.10,2.29
2013.07.04 13:05:17.074,0.95146,0.95162,1.43,2.10
2013.07.04 13:05:17.135,0.95145,0.95164,2.29,1.43
2013.07.04 13:05:17.255,0.95144,0.95163,1.05,1.62
2013.07.04 13:05:17.314,0.95143,0.95162,1.05,1.62
2013.07.04 13:05:17.686,0.95141,0.9516,2.93,2.10
2013.07.04 13:05:17.817,0.95141,0.95158,2.25,1.35
2013.07.04 13:05:18.660,0.95141,0.95158,1.50,1.35
2013.07.04 13:05:18.984,0.95128,0.95143,1.13,2.29
2013.07.04 13:05:19.404,0.95126,0.95142,1.13,1.35
2013.07.04 13:05:19.464,0.95125,0.95141,1.69,2.03
2013.07.04 13:05:19.523,0.95125,0.9514,1.69,1.35
2013.07.04 13:05:19.824,0.95123,0.95138,1.69,1.35
2013.07.04 13:05:20.125,0.95122,0.95139,1.62,1.43
2013.07.04 13:05:20.364,0.95122,0.95136,1.35,2.44
2013.07.04 13:05:20.486,0.95118,0.95136,1.43,2.44
2013.07.04 13:05:20.964,0.95117,0.95136,2.10,1.69
2013.07.04 13:05:21.144,0.9512,0.95136,1.35,1.69
2013.07.04 13:05:21.446,0.95123,0.95138,3.04,1.50
2013.07.04 13:05:21.747,0.95122,0.95138,2.18,2.82
2013.07.04 13:05:21.875,0.95122,0.95138,2.18,1.50
2013.07.04 13:05:22.235,0.95122,0.95138,2.93,1.50
2013.07.04 13:05:22.593,0.95125,0.95136,1.50,1.32
2013.07.04 13:05:22.773,0.95117,0.95129,1.50,1.50
2013.07.04 13:05:22.834,0.95117,0.95129,1.50,1.50
2013.07.04 13:05:23.134,0.95104,0.95119,2.85,1.32
2013.07.04 13:05:23.194,0.95107,0.95117,1.35,1.13
2013.07.04 13:05:23.254,0.95104,0.95117,1.50,1.13
2013.07.04 13:05:23.314,0.95103,0.95114,1.50,2.07
2013.07.04 13:05:23.614,0.9509,0.95103,1.05,1.69
2013.07.04 13:05:23.856,0.95087,0.95102,2.18,1.32
2013.07.04 13:05:23.916,0.95087,0.95099,1.43,1.69
2013.07.04 13:05:24.035,0.95086,0.95099,2.10,3.19
2013.07.04 13:05:24.155,0.95085,0.95099,1.43,3.19
2013.07.04 13:05:24.334,0.95083,0.95095,2.10,2.44
2013.07.04 13:05:24.394,0.95083,0.95095,1.43,2.44
2013.07.04 13:05:24.515,0.95082,0.95093,1.43,3.12
2013.07.04 13:05:24.575,0.95089,0.95096,1.50,1.50
2013.07.04 13:05:24.755,0.95089,0.95103,1.50,1.69
2013.07.04 13:05:24.814,0.95089,0.95103,1.50,1.69
2013.07.04 13:05:24.934,0.95094,0.95104,1.50,1.69
2013.07.04 13:05:25.473,0.95094,0.95104,1.50,1.69
2013.07.04 13:05:25.894,0.95094,0.95104,1.50,1.69
2013.07.04 13:05:25.956,0.95086,0.95102,2.85,1.62
2013.07.04 13:05:26.016,0.95083,0.95092,1.35,1.13
2013.07.04 13:05:26.194,0.95072,0.95086,1.50,2.10
2013.07.04 13:05:26.734,0.95072,0.95085,1.50,2.44
2013.07.04 13:05:26.854,0.95073,0.95083,1.50,1.69
2013.07.04 13:05:27.095,0.95085,0.95098,1.35,1.43
2013.07.04 13:05:27.154,0.95085,0.95101,1.35,2.37
2013.07.04 13:05:27.215,0.95085,0.95102,1.43,1.62
2013.07.04 13:05:27.516,0.95081,0.95099,1.50,2.29
2013.07.04 13:05:27.874,0.95082,0.95099,2.85,1.69
2013.07.04 13:05:27.995,0.95083,0.95099,1.35,1.69
2013.07.04 13:05:28.114,0.95083,0.95101,2.10,4.54
2013.07.04 13:05:28.174,0.95083,0.95101,2.10,1.43
2013.07.04 13:05:28.746,0.95089,0.95102,1.50,1.43
2013.07.04 13:05:28.839,0.95089,0.95105,1.50,1.62
2013.07.04 13:05:29.083,0.95089,0.95105,2.85,1.62
2013.07.04 13:05:29.324,0.95085,0.95099,2.18,1.43
2013.07.04 13:05:29.504,0.95085,0.951,2.18,2.44
2013.07.04 13:05:29.564,0.95081,0.95098,2.18,2.29
2013.07.04 13:05:29.684,0.95082,0.95098,1.88,1.62
2013.07.04 13:05:29.804,0.95084,0.95101,2.10,1.69
2013.07.04 13:05:29.924,0.95086,0.95103,1.43,1.69
2013.07.04 13:05:30.044,0.95086,0.95105,2.10,3.12
2013.07.04 13:05:30.526,0.9509,0.95105,1.43,2.44
2013.07.04 13:05:30.885,0.951,0.95116,2.10,2.44
2013.07.04 13:05:31.005,0.951,0.9511,2.10,1.69
2013.07.04 13:05:31.125,0.95095,0.9511,2.10,1.69
2013.07.04 13:05:31.424,0.95097,0.95114,2.18,1.62
2013.07.04 13:05:31.854,0.951,0.95115,1.13,1.69
2013.07.04 13:05:32.034,0.95104,0.95118,1.80,1.13
2013.07.04 13:05:32.154,0.95107,0.95123,1.50,3.19
2013.07.04 13:05:32.214,0.95107,0.95124,1.50,1.43
2013.07.04 13:05:32.275,0.95107,0.95124,1.50,1.43
2013.07.04 13:05:32.394,0.9511,0.95126,1.43,1.62
2013.07.04 13:05:32.636,0.95109,0.95124,1.43,1.62
2013.07.04 13:05:32.695,0.95105,0.95123,1.35,1.54
2013.07.04 13:05:33.114,0.95102,0.95123,2.29,1.54
2013.07.04 13:05:33.365,0.95112,0.9512,1.13,2.29
2013.07.04 13:05:33.605,0.95112,0.95127,1.13,3.12
2013.07.04 13:05:33.665,0.95112,0.95129,1.13,1.54
2013.07.04 13:05:33.845,0.95112,0.9513,1.80,1.62
2013.07.04 13:05:33.906,0.95114,0.95131,1.43,2.29
2013.07.04 13:05:33.964,0.95114,0.95132,1.43,2.29
2013.07.04 13:05:34.086,0.95114,0.95135,1.54,1.54
2013.07.04 13:05:34.147,0.95114,0.95135,1.54,2.97
2013.07.04 13:05:34.455,0.95117,0.95131,1.13,1.62
2013.07.04 13:05:34.575,0.95117,0.95134,1.13,1.54
2013.07.04 13:05:34.696,0.95117,0.95136,1.32,1.35
2013.07.04 13:05:34.755,0.95119,0.95137,1.35,1.54
2013.07.04 13:05:35.116,0.95132,0.95141,1.50,1.35
2013.07.04 13:05:35.294,0.95133,0.95143,1.05,1.50
2013.07.04 13:05:35.355,0.95132,0.95149,1.05,1.43
2013.07.04 13:05:35.474,0.95131,0.95149,2.29,3.04
2013.07.04 13:05:35.715,0.95127,0.95146,1.69,1.35
2013.07.04 13:05:35.895,0.95126,0.95143,2.55,1.35
2013.07.04 13:05:36.314,0.95126,0.95143,2.74,1.35
2013.07.04 13:05:36.906,0.95127,0.95144,1.62,1.35
2013.07.04 13:05:37.208,0.95131,0.95146,1.13,1.54
2013.07.04 13:05:37.278,0.95131,0.95146,1.50,1.54
2013.07.04 13:05:37.404,0.95133,0.95147,2.10,1.69
2013.07.04 13:05:37.525,0.95132,0.95145,1.35,1.69
2013.07.04 13:05:37.647,0.95127,0.95146,2.18,2.37
2013.07.04 13:05:37.776,0.95125,0.95143,1.43,1.54
2013.07.04 13:05:37.835,0.95124,0.95143,1.43,1.54
2013.07.04 13:05:37.895,0.95124,0.95144,1.43,3.04
2013.07.04 13:05:38.507,0.95128,0.95146,2.10,1.54
2013.07.04 13:05:38.697,0.95132,0.95146,1.13,1.35
2013.07.04 13:05:39.057,0.95136,0.9515,1.13,2.44
2013.07.04 13:05:39.176,0.95134,0.95152,1.43,2.37
2013.07.04 13:05:39.353,0.95134,0.95151,1.43,1.62
2013.07.04 13:05:39.715,0.95129,0.95145,2.85,1.62
2013.07.04 13:05:39.834,0.95129,0.95144,1.50,1.43
2013.07.04 13:05:40.015,0.95125,0.95143,2.10,2.07
2013.07.04 13:05:40.134,0.95122,0.95141,1.35,1.62
2013.07.04 13:05:40.374,0.95118,0.95138,1.43,3.04
2013.07.04 13:05:40.494,0.95117,0.95138,2.85,3.04
2013.07.04 13:05:41.090,0.95117,0.95136,1.43,1.54
2013.07.04 13:05:41.337,0.95129,0.95143,1.50,1.62
2013.07.04 13:05:41.396,0.95128,0.95145,1.50,2.37
2013.07.04 13:05:41.466,0.95127,0.95142,1.13,1.35
2013.07.04 13:05:41.645,0.95125,0.95142,1.24,1.35
2013.07.04 13:05:41.774,0.95124,0.95142,1.35,2.29
2013.07.04 13:05:42.074,0.95124,0.95139,1.35,1.69
2013.07.04 13:05:42.134,0.95121,0.95138,1.50,1.54
2013.07.04 13:05:42.253,0.95119,0.95136,1.32,1.35
2013.07.04 13:05:42.376,0.95118,0.95136,1.62,1.35
2013.07.04 13:05:42.496,0.95118,0.95136,1.62,1.54
2013.07.04 13:05:42.617,0.95116,0.95132,1.80,1.62
2013.07.04 13:05:42.926,0.95111,0.95128,1.43,1.62
2013.07.04 13:05:42.995,0.95111,0.95129,1.43,2.44
2013.07.04 13:05:43.174,0.95109,0.95125,1.35,1.13
2013.07.04 13:05:43.234,0.95107,0.95123,2.10,2.44
2013.07.04 13:05:43.535,0.95113,0.95125,1.13,1.43
2013.07.04 13:05:43.717,0.95113,0.9513,1.80,2.37
2013.07.04 13:05:45.634,0.95115,0.95132,1.43,2.37
2013.07.04 13:05:45.694,0.9512,0.95132,1.13,2.37
2013.07.04 13:05:45.814,0.9512,0.95137,2.07,1.35
2013.07.04 13:05:45.875,0.9512,0.95138,2.07,1.35
2013.07.04 13:05:45.994,0.95121,0.95139,2.10,2.85
2013.07.04 13:05:46.115,0.95123,0.9514,1.43,2.18
2013.07.04 13:05:46.353,0.95121,0.95139,1.69,2.85
2013.07.04 13:05:46.593,0.95121,0.95139,2.37,2.18
2013.07.04 13:05:47.144,0.95121,0.95139,1.69,2.18
2013.07.04 13:05:47.496,0.95129,0.95139,1.13,1.50
2013.07.04 13:05:47.734,0.95129,0.95144,1.13,1.35
2013.07.04 13:05:47.854,0.95128,0.95143,1.05,1.43
2013.07.04 13:05:48.154,0.95127,0.95145,1.88,3.04
2013.07.04 13:05:48.214,0.95127,0.95141,1.88,1.35
2013.07.04 13:05:48.274,0.95127,0.95141,1.50,1.35
2013.07.04 13:05:48.454,0.95124,0.95143,1.62,2.93
2013.07.04 13:05:49.060,0.95122,0.9514,1.43,2.29
2013.07.04 13:05:50.003,0.95121,0.95139,1.69,1.54
2013.07.04 13:05:50.305,0.95139,0.95145,1.05,1.50
2013.07.04 13:05:50.485,0.95143,0.95162,1.43,1.43
2013.07.04 13:05:50.544,0.95145,0.95163,1.50,2.29
2013.07.04 13:05:50.784,0.95142,0.95161,2.37,2.29
2013.07.04 13:05:51.384,0.95142,0.95158,1.69,1.35
2013.07.04 13:05:51.624,0.95142,0.95157,1.69,2.10
2013.07.04 13:05:51.864,0.95142,0.95159,1.69,1.50
2013.07.04 13:05:52.224,0.95142,0.9516,1.50,2.37
2013.07.04 13:05:52.584,0.95142,0.9516,2.44,2.18
2013.07.04 13:05:52.704,0.95142,0.9516,1.69,1.43
2013.07.04 13:05:52.883,0.95142,0.9516,1.69,1.43
2013.07.04 13:05:52.945,0.95146,0.95163,1.50,2.74
2013.07.04 13:05:53.004,0.95146,0.95161,1.69,2.10
2013.07.04 13:05:53.184,0.95145,0.95163,1.69,2.10
2013.07.04 13:05:53.545,0.95146,0.95164,2.74,2.37
2013.07.04 13:05:54.092,0.95147,0.95163,1.62,1.43
2013.07.04 13:05:54.610,0.95146,0.95164,2.07,2.85
2013.07.04 13:05:54.794,0.95148,0.95164,1.50,2.10
2013.07.04 13:05:54.975,0.95148,0.95165,1.50,1.35
2013.07.04 13:05:55.093,0.95146,0.95165,3.42,2.10
2013.07.04 13:05:55.157,0.95146,0.95164,3.42,1.50
2013.07.04 13:05:55.704,0.95146,0.95163,2.07,2.10
2013.07.04 13:05:56.137,0.95156,0.95163,1.13,2.10
2013.07.04 13:05:56.497,0.9515,0.95162,2.07,1.43
2013.07.04 13:05:56.794,0.95145,0.95163,1.35,1.69
2013.07.04 13:05:57.334,0.95141,0.95159,2.37,1.50
2013.07.04 13:05:57.813,0.95141,0.95159,1.62,1.50
2013.07.04 13:05:58.375,0.95141,0.9516,1.62,1.43
2013.07.04 13:05:59.654,0.95141,0.95158,1.69,1.35
2013.07.04 13:06:00.260,0.95139,0.95158,3.04,2.10
2013.07.04 13:06:01.024,0.95139,0.95157,2.37,1.43
2013.07.04 13:06:01.396,0.95139,0.95153,1.69,1.43
2013.07.04 13:06:01.646,0.95138,0.95152,1.69,1.88
2013.07.04 13:06:01.706,0.95136,0.95149,2.37,1.13
2013.07.04 13:06:01.768,0.95134,0.95149,2.10,1.13
2013.07.04 13:06:01.836,0.95132,0.95149,1.54,1.13
2013.07.04 13:06:01.898,0.95132,0.9515,1.62,1.24
2013.07.04 13:06:02.204,0.9513,0.95147,2.37,1.43
2013.07.04 13:06:02.505,0.9513,0.95148,2.37,1.35
2013.07.04 13:06:02.774,0.9513,0.95147,2.37,1.43
2013.07.04 13:06:02.894,0.9513,0.95147,2.37,1.43
2013.07.04 13:06:03.016,0.9513,0.95147,1.43,1.80
2013.07.04 13:06:03.254,0.95128,0.95145,1.62,1.43
2013.07.04 13:06:03.315,0.95126,0.95144,3.79,1.43
2013.07.04 13:06:04.274,0.95126,0.95144,2.44,1.43
2013.07.04 13:06:04.514,0.95127,0.95145,1.35,1.62
2013.07.04 13:06:04.696,0.95126,0.95142,1.43,1.43
2013.07.04 13:06:04.875,0.95122,0.9514,1.69,2.10
2013.07.04 13:06:05.114,0.95124,0.9514,1.50,1.54
2013.07.04 13:06:05.656,0.95124,0.95142,2.85,2.10
2013.07.04 13:06:06.175,0.95124,0.95142,3.23,2.10
2013.07.04 13:06:06.535,0.95129,0.95144,1.43,1.13
2013.07.04 13:06:06.896,0.95129,0.95145,1.50,1.54
2013.07.04 13:06:06.955,0.95129,0.95146,1.50,1.62
2013.07.04 13:06:08.183,0.95132,0.95147,1.50,2.29
2013.07.04 13:06:08.545,0.95135,0.95152,1.43,1.62
2013.07.04 13:06:09.184,0.95134,0.95152,1.50,1.62
2013.07.04 13:06:09.666,0.95132,0.95149,2.29,1.50
2013.07.04 13:06:10.168,0.95131,0.95148,1.43,1.43
2013.07.04 13:06:10.294,0.95131,0.95148,1.43,1.43
2013.07.04 13:06:10.415,0.95131,0.95148,1.43,1.43
2013.07.04 13:06:11.486,0.95131,0.95148,1.43,1.43
2013.07.04 13:06:12.024,0.95131,0.95148,1.43,2.37
2013.07.04 13:06:13.715,0.95132,0.95146,1.13,2.29
2013.07.04 13:06:13.836,0.95132,0.95148,1.13,1.69
2013.07.04 13:06:13.896,0.95132,0.95149,1.13,2.37
2013.07.04 13:06:14.135,0.95132,0.95149,1.13,2.29
2013.07.04 13:06:14.195,0.95131,0.95146,1.13,1.35
2013.07.04 13:06:14.255,0.95128,0.95146,2.85,2.29
2013.07.04 13:06:14.434,0.95128,0.95144,1.50,1.69
2013.07.04 13:06:14.674,0.95123,0.95143,1.35,1.43
2013.07.04 13:06:14.736,0.95123,0.95143,1.35,2.37
2013.07.04 13:06:15.096,0.95126,0.95144,1.69,1.35
2013.07.04 13:06:15.458,0.9513,0.95148,3.04,1.35
2013.07.04 13:06:15.885,0.95137,0.9515,1.13,1.35
2013.07.04 13:06:15.945,0.95138,0.95152,1.13,1.62
2013.07.04 13:06:16.064,0.95138,0.95154,1.13,1.62
2013.07.04 13:06:16.184,0.95137,0.95154,1.05,1.62
2013.07.04 13:06:16.244,0.95137,0.95151,1.05,1.69
2013.07.04 13:06:16.604,0.9514,0.95148,1.50,1.35
2013.07.04 13:06:16.725,0.95133,0.95148,1.13,1.35
2013.07.04 13:06:16.784,0.95133,0.95147,1.13,1.62
2013.07.04 13:06:16.904,0.9513,0.95145,2.18,1.69
2013.07.04 13:06:17.147,0.95131,0.95143,1.88,1.54
2013.07.04 13:06:17.455,0.95134,0.95148,1.13,1.69
2013.07.04 13:06:17.574,0.95135,0.95148,1.69,1.50
2013.07.04 13:06:17.995,0.95139,0.95152,1.13,1.35
2013.07.04 13:06:18.414,0.95139,0.95155,1.13,2.29
2013.07.04 13:06:19.677,0.95139,0.95154,1.13,1.43
2013.07.04 13:06:20.164,0.95139,0.95158,2.48,1.54
2013.07.04 13:06:20.345,0.95141,0.95158,1.50,1.35
2013.07.04 13:06:20.995,0.95143,0.9516,1.50,1.62
2013.07.04 13:06:21.607,0.95143,0.95158,1.50,1.43
2013.07.04 13:06:21.926,0.95156,0.95164,1.43,1.50
2013.07.04 13:06:21.997,0.95157,0.95176,1.73,1.62
2013.07.04 13:06:22.063,0.95161,0.95179,2.85,2.29
2013.07.04 13:06:22.185,0.95161,0.95179,2.85,1.54
2013.07.04 13:06:22.364,0.95161,0.9518,1.62,2.29
2013.07.04 13:06:22.915,0.95157,0.95176,3.04,1.35
2013.07.04 13:06:23.765,0.9516,0.95176,1.50,1.35
2013.07.04 13:06:23.884,0.95161,0.95176,1.13,1.35
2013.07.04 13:06:24.244,0.95163,0.95176,1.35,1.43
2013.07.04 13:06:24.485,0.9516,0.95173,1.43,1.62
2013.07.04 13:06:24.544,0.95157,0.95171,1.50,1.43
2013.07.04 13:06:24.725,0.95152,0.95169,2.37,1.43
2013.07.04 13:06:24.904,0.95152,0.95168,2.37,1.35
2013.07.04 13:06:25.145,0.95152,0.95167,1.50,1.43
2013.07.04 13:06:25.205,0.95154,0.95167,1.13,1.43
2013.07.04 13:06:25.325,0.95154,0.95169,2.74,2.25
2013.07.04 13:06:25.386,0.95155,0.95171,1.69,2.03
2013.07.04 13:06:25.505,0.95155,0.9517,1.62,1.13
2013.07.04 13:06:25.565,0.95154,0.95169,1.43,1.69
2013.07.04 13:06:25.684,0.95152,0.95166,1.35,1.69
2013.07.04 13:06:25.865,0.95152,0.95166,1.35,1.69
2013.07.04 13:06:25.986,0.95152,0.95166,1.35,1.69
2013.07.04 13:06:26.165,0.95147,0.95163,2.18,1.43
2013.07.04 13:06:26.344,0.95148,0.95163,1.50,1.62
2013.07.04 13:06:26.645,0.95157,0.95166,1.35,1.50
2013.07.04 13:06:26.705,0.95157,0.95168,2.10,1.50
2013.07.04 13:06:26.768,0.95157,0.95174,1.35,1.69
2013.07.04 13:06:26.835,0.95156,0.95174,2.10,2.37
2013.07.04 13:06:26.954,0.95152,0.95168,2.78,1.69
2013.07.04 13:06:27.014,0.95151,0.95168,1.35,1.69
2013.07.04 13:06:27.075,0.95149,0.95165,1.43,1.69
2013.07.04 13:06:27.316,0.95143,0.95155,1.43,1.43
2013.07.04 13:06:27.436,0.95138,0.95156,1.69,1.35
2013.07.04 13:06:27.496,0.95136,0.95153,1.69,1.35
2013.07.04 13:06:28.216,0.95137,0.95153,2.18,3.34
2013.07.04 13:06:28.574,0.95139,0.95151,1.32,1.43
2013.07.04 13:06:28.694,0.95139,0.95154,1.32,2.10
2013.07.04 13:06:28.935,0.9514,0.95157,1.43,2.37
2013.07.04 13:06:29.115,0.95138,0.95156,1.43,2.37
2013.07.04 13:06:29.663,0.95137,0.95156,2.37,1.62
2013.07.04 13:06:29.903,0.95136,0.95154,2.29,2.48
2013.07.04 13:06:29.964,0.95136,0.95153,1.54,1.88
2013.07.04 13:06:30.084,0.95136,0.95153,2.10,2.82
2013.07.04 13:06:30.385,0.95148,0.95162,1.35,1.50
2013.07.04 13:06:30.685,0.95145,0.95162,2.10,4.17
2013.07.04 13:06:30.745,0.95141,0.95156,1.50,2.10
2013.07.04 13:06:31.304,0.95141,0.95154,1.50,1.43
2013.07.04 13:06:31.644,0.95137,0.95153,1.69,1.50
2013.07.04 13:06:32.268,0.95136,0.95154,1.50,2.37
2013.07.04 13:06:32.348,0.95142,0.9516,1.69,1.43
2013.07.04 13:06:32.537,0.95143,0.95162,2.29,1.35
2013.07.04 13:06:33.015,0.95143,0.95162,2.29,2.10
2013.07.04 13:06:33.373,0.95141,0.9516,2.10,2.29
2013.07.04 13:06:33.494,0.95138,0.95157,1.54,1.43
2013.07.04 13:06:33.686,0.95138,0.95157,1.54,1.43
2013.07.04 13:06:33.945,0.95137,0.95157,1.35,1.43
2013.07.04 13:06:34.484,0.95137,0.95154,1.35,1.43
2013.07.04 13:06:34.977,0.95134,0.95154,1.62,2.10
2013.07.04 13:06:35.046,0.95133,0.95152,1.43,1.35
2013.07.04 13:06:35.587,0.95131,0.95151,1.54,1.35
2013.07.04 13:06:35.887,0.95148,0.95164,2.18,1.43
2013.07.04 13:06:36.064,0.95152,0.95164,1.50,2.78
2013.07.04 13:06:36.424,0.95159,0.95167,1.50,1.35
2013.07.04 13:06:36.545,0.95161,0.95173,1.50,1.35
2013.07.04 13:06:36.724,0.95161,0.95178,1.50,1.35
2013.07.04 13:06:37.024,0.95161,0.95181,1.69,2.22
2013.07.04 13:06:37.084,0.95161,0.95178,1.69,1.35
2013.07.04 13:06:37.386,0.95164,0.95179,1.50,1.54
2013.07.04 13:06:37.685,0.95162,0.95178,2.37,1.43
2013.07.04 13:06:37.925,0.95164,0.95179,1.50,1.35
2013.07.04 13:06:38.105,0.95165,0.9518,1.50,1.35
2013.07.04 13:06:38.675,0.95165,0.9518,1.50,1.35
2013.07.04 13:06:40.005,0.95165,0.9518,1.50,2.10
2013.07.04 13:06:40.550,0.95162,0.9518,3.04,2.10
2013.07.04 13:06:40.853,0.95162,0.95178,1.69,2.85
2013.07.04 13:06:41.094,0.9516,0.95176,1.50,2.97
2013.07.04 13:06:41.214,0.95156,0.95174,1.69,1.35
2013.07.04 13:06:41.273,0.95156,0.95174,1.69,2.78
2013.07.04 13:06:41.395,0.95153,0.95172,2.37,1.54
2013.07.04 13:06:41.455,0.95153,0.95172,1.69,2.97
2013.07.04 13:06:41.814,0.95147,0.95163,1.43,2.10
2013.07.04 13:06:41.934,0.95139,0.9516,2.29,1.35
2013.07.04 13:06:42.414,0.9514,0.95159,2.29,1.35
2013.07.04 13:06:43.081,0.95162,0.95172,2.07,1.35
2013.07.04 13:06:43.396,0.95171,0.95178,1.50,2.10
2013.07.04 13:06:43.466,0.95171,0.95184,1.69,1.35
2013.07.04 13:06:43.595,0.95167,0.95184,1.69,1.35
2013.07.04 13:06:43.655,0.95167,0.95186,2.29,1.35
2013.07.04 13:06:43.774,0.95166,0.95184,1.54,1.35
2013.07.04 13:06:43.895,0.95168,0.95189,1.35,1.35
2013.07.04 13:06:44.073,0.95167,0.95189,2.29,2.78
2013.07.04 13:06:44.134,0.95164,0.95185,2.97,1.35
2013.07.04 13:06:44.196,0.95166,0.95187,1.54,2.10
2013.07.04 13:06:44.255,0.95169,0.9519,1.35,1.54
2013.07.04 13:06:44.315,0.95168,0.95186,1.35,1.35
2013.07.04 13:06:44.945,0.95168,0.95189,1.35,1.35
2013.07.04 13:06:45.304,0.95173,0.95187,1.13,1.35
2013.07.04 13:06:47.033,0.95173,0.95189,1.13,1.43
2013.07.04 13:06:47.334,0.95172,0.95186,2.82,1.50
2013.07.04 13:06:47.635,0.9516,0.9517,1.50,3.79
2013.07.04 13:06:47.717,0.95155,0.95165,1.13,1.54
2013.07.04 13:06:47.844,0.95152,0.95167,1.43,1.35
2013.07.04 13:06:47.904,0.95152,0.95168,1.43,1.35
2013.07.04 13:06:47.965,0.95151,0.95171,2.37,1.54
2013.07.04 13:06:48.025,0.95152,0.95173,1.54,3.04
2013.07.04 13:06:48.086,0.95152,0.95173,2.03,3.04
2013.07.04 13:06:48.446,0.95155,0.95172,1.62,2.10
2013.07.04 13:06:48.566,0.95159,0.95179,1.35,2.37
2013.07.04 13:06:48.625,0.95159,0.95179,1.35,1.62
2013.07.04 13:06:48.986,0.9516,0.95179,1.43,1.62
2013.07.04 13:06:49.224,0.9516,0.95179,1.43,1.62
2013.07.04 13:06:49.283,0.9516,0.9518,2.37,1.54
2013.07.04 13:06:49.784,0.95161,0.95179,1.69,1.62
2013.07.04 13:06:50.144,0.95162,0.9518,1.62,1.43
2013.07.04 13:06:50.384,0.95169,0.95188,3.79,1.35
2013.07.04 13:06:50.564,0.95173,0.95188,1.62,1.35
2013.07.04 13:06:50.809,0.95179,0.95196,1.69,1.35
2013.07.04 13:06:51.115,0.95177,0.95193,1.69,1.35
2013.07.04 13:06:51.416,0.95173,0.95189,1.62,1.13
2013.07.04 13:06:51.666,0.95171,0.95189,1.54,1.13
2013.07.04 13:06:51.787,0.95166,0.95184,2.29,2.10
2013.07.04 13:06:52.389,0.95156,0.95171,2.10,1.69
2013.07.04 13:06:52.934,0.95152,0.9517,2.10,3.04
2013.07.04 13:06:53.294,0.95152,0.95168,1.50,2.29
2013.07.04 13:06:53.354,0.95149,0.95165,1.62,1.43
2013.07.04 13:06:53.414,0.95149,0.95165,1.62,1.43
2013.07.04 13:06:53.535,0.95147,0.95164,1.43,1.62
2013.07.04 13:06:54.074,0.95145,0.95162,1.69,1.35
2013.07.04 13:06:54.609,0.95145,0.95164,3.04,3.04
2013.07.04 13:06:55.065,0.95145,0.95164,3.04,2.10
2013.07.04 13:06:55.715,0.95148,0.95164,1.50,2.10
2013.07.04 13:06:56.966,0.95147,0.95164,1.62,1.43
2013.07.04 13:06:57.386,0.9515,0.95164,1.50,2.29
2013.07.04 13:06:57.574,0.95151,0.95165,1.50,1.62
2013.07.04 13:06:57.694,0.9515,0.95165,1.50,1.62
2013.07.04 13:07:01.625,0.95148,0.95164,1.62,1.50
2013.07.04 13:07:01.806,0.95147,0.95163,2.37,2.10
2013.07.04 13:07:01.926,0.95142,0.95159,1.13,3.04
2013.07.04 13:07:02.116,0.95141,0.95157,2.10,1.69
2013.07.04 13:07:02.177,0.95136,0.95154,3.12,1.35
2013.07.04 13:07:02.296,0.95136,0.95154,2.18,1.54
2013.07.04 13:07:03.417,0.95153,0.95158,1.50,1.43
2013.07.04 13:07:03.493,0.95174,0.95183,1.50,4.20
2013.07.04 13:07:03.625,0.95175,0.95183,2.44,4.20
2013.07.04 13:07:03.747,0.95176,0.95183,1.50,1.43
2013.07.04 13:07:03.875,0.95171,0.95185,1.69,1.35
2013.07.04 13:07:03.934,0.95171,0.95189,3.04,1.35
2013.07.04 13:07:04.055,0.95171,0.95185,1.69,1.35
2013.07.04 13:07:04.175,0.95166,0.95187,3.49,1.35
2013.07.04 13:07:04.297,0.95166,0.95185,2.44,1.35
2013.07.04 13:07:04.415,0.95166,0.95185,1.69,1.35
2013.07.04 13:07:04.534,0.95169,0.95186,1.69,1.35
2013.07.04 13:07:05.039,0.9517,0.95187,1.69,1.35
2013.07.04 13:07:05.585,0.9517,0.95185,1.50,1.35
2013.07.04 13:07:05.825,0.95167,0.95183,1.69,1.43
2013.07.04 13:07:06.125,0.95166,0.95182,1.69,1.43
2013.07.04 13:07:06.244,0.95166,0.95182,1.69,1.43
2013.07.04 13:07:06.305,0.95164,0.9518,1.62,1.50
2013.07.04 13:07:06.366,0.95163,0.9518,1.62,1.50
2013.07.04 13:07:06.425,0.95161,0.95178,1.50,1.35
2013.07.04 13:07:06.724,0.95157,0.95174,1.43,1.69
2013.07.04 13:07:06.784,0.95156,0.95174,1.50,3.04
2013.07.04 13:07:07.324,0.95154,0.95171,1.69,2.10
2013.07.04 13:07:07.445,0.95152,0.95171,1.69,2.10
2013.07.04 13:07:08.040,0.95152,0.9517,1.62,1.43
2013.07.04 13:07:08.226,0.95157,0.9517,1.50,1.43
2013.07.04 13:07:08.288,0.95161,0.95175,1.35,1.69
2013.07.04 13:07:08.416,0.95158,0.95177,1.69,1.43
2013.07.04 13:07:09.205,0.95157,0.95175,3.12,1.50
2013.07.04 13:07:09.504,0.95156,0.95175,1.69,2.29
2013.07.04 13:07:09.627,0.95156,0.95175,1.69,2.10
2013.07.04 13:07:09.815,0.95155,0.95171,1.50,1.54
2013.07.04 13:07:09.874,0.95151,0.9517,1.69,1.54
2013.07.04 13:07:10.445,0.95155,0.9517,1.50,1.54
2013.07.04 13:07:11.464,0.95155,0.95169,1.50,1.43
2013.07.04 13:07:12.819,0.95153,0.9517,1.62,2.85
2013.07.04 13:07:13.700,0.95154,0.95171,1.62,2.37
2013.07.04 13:07:14.633,0.95155,0.95173,2.10,2.29
2013.07.04 13:07:14.875,0.9516,0.95177,1.43,2.29
2013.07.04 13:07:15.294,0.95157,0.95174,1.43,1.62
2013.07.04 13:07:15.474,0.95155,0.95173,2.37,2.85
2013.07.04 13:07:15.594,0.95155,0.95172,3.12,1.43
2013.07.04 13:07:16.884,0.95156,0.9517,1.69,2.18
2013.07.04 13:07:17.367,0.95156,0.95172,2.25,1.43
2013.07.04 13:07:17.893,0.95156,0.95173,3.00,1.43
2013.07.04 13:07:18.434,0.95157,0.95174,1.62,1.43
2013.07.04 13:07:18.844,0.95159,0.95174,1.35,1.43
2013.07.04 13:07:19.028,0.95166,0.9518,1.50,2.29
2013.07.04 13:07:19.095,0.95166,0.9518,1.69,1.43
2013.07.04 13:07:19.335,0.95167,0.95183,2.37,2.18
2013.07.04 13:07:19.455,0.95168,0.95183,1.35,1.50
2013.07.04 13:07:20.065,0.9517,0.95186,1.35,1.69
2013.07.04 13:07:21.224,0.9517,0.95188,2.10,3.04
2013.07.04 13:07:21.704,0.95175,0.95188,1.54,1.50
2013.07.04 13:07:21.764,0.95175,0.95189,1.54,1.50
2013.07.04 13:07:22.124,0.95177,0.95194,1.54,1.50
2013.07.04 13:07:22.184,0.95177,0.95194,1.54,1.50
2013.07.04 13:07:22.725,0.95177,0.95194,1.35,2.37
2013.07.04 13:07:24.174,0.95176,0.95193,2.29,1.43
2013.07.04 13:07:25.409,0.95175,0.9519,2.29,1.50
2013.07.04 13:07:25.479,0.95178,0.9519,1.50,1.50
2013.07.04 13:07:25.547,0.95177,0.9519,1.50,1.50
2013.07.04 13:07:25.608,0.95177,0.95189,1.50,1.50
2013.07.04 13:07:25.975,0.95177,0.95189,1.50,1.50
2013.07.04 13:07:30.534,0.95173,0.95185,1.50,1.50
2013.07.04 13:07:30.715,0.95176,0.95185,1.50,1.50
2013.07.04 13:07:30.894,0.95176,0.95189,1.50,1.69
2013.07.04 13:07:31.255,0.95176,0.95193,1.50,2.37
2013.07.04 13:07:31.496,0.95176,0.95191,1.50,2.10
2013.07.04 13:07:31.854,0.95176,0.95191,1.50,1.35
2013.07.04 13:07:33.085,0.95176,0.95192,1.50,1.43
2013.07.04 13:07:33.385,0.95175,0.95192,1.43,1.43
2013.07.04 13:07:33.444,0.95171,0.9519,2.29,1.43
2013.07.04 13:07:33.804,0.95173,0.95192,1.43,1.54
2013.07.04 13:07:34.172,0.95172,0.95187,1.62,1.50
2013.07.04 13:07:34.414,0.95171,0.95187,2.37,2.18
2013.07.04 13:07:34.535,0.95171,0.95186,2.18,1.69
2013.07.04 13:07:34.656,0.95171,0.95186,2.18,1.50
2013.07.04 13:07:34.775,0.95175,0.95188,1.50,1.43
2013.07.04 13:07:35.137,0.95175,0.95185,2.44,1.35
2013.07.04 13:07:35.444,0.95185,0.95194,2.82,1.35
2013.07.04 13:07:35.507,0.95188,0.95197,2.25,2.78
2013.07.04 13:07:35.576,0.95189,0.952,2.44,2.48
2013.07.04 13:07:35.636,0.95189,0.95201,1.69,1.35
2013.07.04 13:07:35.754,0.95188,0.95204,1.43,2.10
2013.07.04 13:07:35.934,0.95186,0.95203,1.43,2.85
2013.07.04 13:07:36.703,0.95182,0.95199,1.62,2.18
2013.07.04 13:07:36.770,0.95177,0.95195,2.25,2.85
2013.07.04 13:07:37.295,0.95179,0.95196,2.18,1.62
2013.07.04 13:07:38.184,0.95179,0.95196,2.18,2.37
2013.07.04 13:07:38.425,0.95176,0.95191,1.50,1.54
2013.07.04 13:07:38.545,0.95172,0.95191,2.10,1.54
2013.07.04 13:07:38.604,0.95171,0.95188,1.50,1.54
2013.07.04 13:07:39.154,0.95171,0.95188,1.50,1.54
2013.07.04 13:07:39.826,0.95171,0.95186,1.50,1.35
2013.07.04 13:07:40.624,0.95171,0.95186,1.50,1.35
2013.07.04 13:07:41.261,0.9517,0.95186,1.50,1.35
2013.07.04 13:07:42.404,0.95168,0.95185,1.43,1.62
2013.07.04 13:07:42.704,0.95165,0.95183,1.50,1.62
2013.07.04 13:07:43.195,0.95163,0.9518,1.50,2.29
2013.07.04 13:07:43.904,0.95159,0.95177,2.29,2.10
2013.07.04 13:07:44.027,0.95159,0.95177,2.10,2.85
2013.07.04 13:07:44.264,0.95156,0.95173,1.43,1.62
2013.07.04 13:07:44.504,0.95157,0.95173,1.50,2.29
2013.07.04 13:07:45.044,0.95156,0.95174,1.43,2.29
2013.07.04 13:07:45.574,0.95156,0.95172,1.50,1.54
2013.07.04 13:07:45.696,0.95156,0.95172,1.50,1.54
2013.07.04 13:07:45.756,0.95154,0.95172,1.69,2.29
2013.07.04 13:07:46.115,0.9514,0.95156,1.50,2.29
2013.07.04 13:07:46.235,0.95144,0.95156,1.50,1.35
2013.07.04 13:07:46.355,0.95148,0.95164,1.50,1.62
2013.07.04 13:07:46.414,0.95147,0.95164,1.43,1.69
2013.07.04 13:07:46.786,0.95146,0.95165,2.85,2.29
2013.07.04 13:07:47.595,0.95142,0.95163,2.29,1.54
2013.07.04 13:07:48.147,0.95146,0.95163,2.25,2.29
2013.07.04 13:07:48.505,0.95148,0.95165,1.88,1.50
2013.07.04 13:07:50.093,0.95149,0.95166,1.50,2.29
2013.07.04 13:07:50.156,0.95156,0.95166,1.13,2.29
2013.07.04 13:07:50.695,0.95155,0.95173,2.29,1.50
2013.07.04 13:07:51.105,0.95155,0.95174,2.29,2.10
2013.07.04 13:07:51.226,0.95155,0.95174,3.04,1.35
2013.07.04 13:07:52.057,0.95155,0.95174,3.04,2.10
2013.07.04 13:07:55.416,0.95155,0.95173,2.29,1.50
2013.07.04 13:07:55.655,0.95155,0.95174,2.29,2.29
2013.07.04 13:07:55.894,0.95156,0.95172,1.69,1.43
2013.07.04 13:07:56.074,0.95155,0.95174,2.29,2.29
2013.07.04 13:07:56.134,0.95155,0.95174,2.29,2.29
2013.07.04 13:07:56.935,0.95154,0.9517,1.69,1.35
2013.07.04 13:07:57.575,0.95152,0.95171,2.37,1.43
2013.07.04 13:07:58.566,0.95151,0.95169,2.07,2.18
2013.07.04 13:07:58.628,0.95151,0.95169,1.32,2.18
2013.07.04 13:07:59.154,0.95151,0.95169,1.32,2.18
2013.07.04 13:08:00.914,0.9515,0.95169,2.37,2.18
2013.07.04 13:08:01.274,0.95149,0.95168,3.04,2.10
2013.07.04 13:08:01.517,0.95151,0.95169,2.37,1.43
2013.07.04 13:08:01.584,0.95157,0.95173,1.35,1.32
2013.07.04 13:08:01.765,0.95154,0.95172,1.69,1.35
2013.07.04 13:08:01.825,0.95157,0.95175,1.62,1.35
2013.07.04 13:08:02.005,0.95155,0.95171,1.62,1.43
2013.07.04 13:08:02.245,0.95152,0.95171,3.04,2.10
2013.07.04 13:08:02.665,0.95152,0.95171,3.72,1.35
2013.07.04 13:08:02.844,0.95154,0.95174,1.62,1.54
2013.07.04 13:08:03.084,0.95156,0.95175,3.04,2.10
2013.07.04 13:08:03.266,0.95156,0.95175,3.04,1.35
2013.07.04 13:08:03.783,0.95156,0.95175,2.29,1.35
2013.07.04 13:08:03.915,0.95156,0.95175,2.29,2.10
2013.07.04 13:08:05.014,0.95156,0.95175,2.29,2.10
2013.07.04 13:08:05.515,0.95156,0.95173,3.57,1.43
2013.07.04 13:08:06.054,0.95156,0.95172,1.69,1.35
2013.07.04 13:08:06.114,0.95155,0.95172,1.69,1.35
2013.07.04 13:08:06.717,0.95152,0.95169,4.62,2.10
2013.07.04 13:08:07.254,0.9515,0.95168,1.69,1.35
2013.07.04 13:08:07.555,0.95149,0.95168,3.42,1.35
2013.07.04 13:08:07.675,0.95151,0.95168,1.50,1.35
2013.07.04 13:08:07.795,0.95152,0.95167,1.69,1.35
2013.07.04 13:08:08.556,0.9515,0.95166,1.32,1.50
2013.07.04 13:08:10.196,0.95148,0.95165,3.12,1.43
2013.07.04 13:08:11.075,0.95145,0.95165,3.12,2.10
2013.07.04 13:08:11.153,0.95142,0.95157,1.32,1.35
2013.07.04 13:08:11.227,0.95139,0.95157,1.13,1.35
2013.07.04 13:08:11.286,0.95138,0.95156,1.80,1.43
2013.07.04 13:08:11.646,0.95133,0.9515,1.62,1.43
2013.07.04 13:08:12.184,0.95129,0.95147,3.04,1.35
2013.07.04 13:08:12.956,0.9513,0.95149,1.62,1.62
2013.07.04 13:08:14.155,0.95131,0.95148,1.69,1.50
2013.07.04 13:08:14.335,0.95131,0.95149,1.69,1.43
2013.07.04 13:08:14.695,0.95139,0.95154,2.37,2.85
2013.07.04 13:08:14.814,0.95137,0.95155,2.29,1.43
2013.07.04 13:08:14.875,0.95137,0.95154,1.54,1.50
2013.07.04 13:08:15.234,0.95135,0.95151,1.62,2.18
2013.07.04 13:08:15.766,0.95133,0.9515,1.62,1.43
2013.07.04 13:08:16.634,0.95132,0.95151,3.04,2.29
2013.07.04 13:08:17.186,0.95132,0.95151,3.79,2.29
2013.07.04 13:08:18.354,0.95132,0.95151,3.04,2.29
2013.07.04 13:08:18.535,0.95141,0.95155,1.43,1.50
2013.07.04 13:08:18.655,0.95141,0.95157,1.43,1.80
2013.07.04 13:08:20.424,0.95143,0.95159,1.69,2.10
2013.07.04 13:08:20.726,0.95142,0.95157,1.50,2.37
2013.07.04 13:08:21.087,0.95141,0.95156,1.43,1.62
2013.07.04 13:08:21.515,0.95136,0.95154,2.37,1.35
2013.07.04 13:08:22.417,0.95136,0.95152,1.69,2.10
2013.07.04 13:08:22.874,0.9514,0.95153,1.13,2.10
2013.07.04 13:08:23.118,0.95143,0.95158,1.50,1.62
2013.07.04 13:08:23.451,0.95143,0.95154,1.50,1.50
2013.07.04 13:08:23.516,0.95143,0.95153,1.50,1.50
2013.07.04 13:08:23.574,0.95139,0.95153,1.35,1.50
2013.07.04 13:08:23.634,0.95137,0.95155,1.50,2.18
2013.07.04 13:08:23.694,0.95136,0.95155,2.18,2.37
2013.07.04 13:08:23.815,0.95134,0.95151,2.37,1.54
2013.07.04 13:08:24.354,0.9513,0.95149,2.29,1.35
2013.07.04 13:08:25.194,0.95136,0.95149,1.50,1.35
2013.07.04 13:08:25.494,0.95144,0.95158,1.50,1.35
2013.07.04 13:08:25.995,0.95144,0.95158,1.50,1.35
2013.07.04 13:08:26.114,0.95144,0.95158,1.50,1.35
2013.07.04 13:08:26.294,0.95144,0.95158,1.50,2.10
2013.07.04 13:08:26.594,0.95142,0.95158,1.50,2.10
2013.07.04 13:08:26.714,0.95141,0.95158,2.25,2.10
2013.07.04 13:08:26.775,0.95137,0.95154,3.79,1.62
2013.07.04 13:08:26.834,0.95137,0.95154,1.69,2.29
2013.07.04 13:08:27.015,0.95134,0.95153,2.37,1.54
2013.07.04 13:08:27.555,0.95137,0.95154,1.50,1.54
2013.07.04 13:08:28.084,0.95136,0.95153,1.43,1.62
2013.07.04 13:08:28.634,0.95134,0.95151,3.12,1.43
2013.07.04 13:08:28.874,0.95143,0.95154,1.50,1.50
2013.07.04 13:08:28.934,0.95143,0.95158,1.50,1.43
2013.07.04 13:08:29.115,0.95142,0.95158,2.93,1.43
2013.07.04 13:08:29.356,0.95139,0.95155,1.35,1.69
2013.07.04 13:08:29.486,0.95136,0.95154,1.62,1.50
2013.07.04 13:08:29.545,0.95136,0.95154,1.62,2.93
2013.07.04 13:08:29.906,0.95134,0.9515,1.69,1.35
2013.07.04 13:08:30.106,0.95132,0.9515,2.37,1.35
2013.07.04 13:08:30.227,0.95132,0.9515,1.43,1.54
2013.07.04 13:08:30.345,0.95132,0.95147,1.50,1.43
2013.07.04 13:08:30.907,0.95131,0.95147,1.43,1.62
2013.07.04 13:08:31.267,0.9513,0.95147,1.50,1.62
2013.07.04 13:08:31.326,0.9513,0.95147,1.50,1.62
2013.07.04 13:08:31.565,0.95128,0.95146,2.37,1.35
2013.07.04 13:08:31.747,0.95126,0.95142,1.50,1.35
2013.07.04 13:08:31.925,0.95121,0.95138,2.37,1.43
2013.07.04 13:08:32.104,0.95121,0.95138,1.69,1.43
2013.07.04 13:08:32.164,0.95119,0.95135,1.69,1.35
2013.07.04 13:08:32.408,0.95134,0.9514,1.50,1.35
2013.07.04 13:08:32.479,0.95135,0.95145,1.50,2.44
2013.07.04 13:08:32.724,0.95135,0.9515,1.88,1.43
2013.07.04 13:08:32.844,0.95135,0.95153,2.63,1.54
2013.07.04 13:08:32.905,0.95135,0.9515,2.63,1.35
2013.07.04 13:08:32.965,0.95135,0.9515,1.32,1.35
2013.07.04 13:08:33.599,0.95133,0.95152,1.54,1.54
2013.07.04 13:08:33.672,0.95133,0.95152,2.29,1.54
2013.07.04 13:08:33.984,0.95135,0.95152,2.37,1.43
2013.07.04 13:08:34.044,0.95136,0.95153,1.62,1.35
2013.07.04 13:08:34.167,0.95138,0.95156,2.37,2.10
2013.07.04 13:08:34.225,0.95137,0.95155,2.44,1.35
2013.07.04 13:08:34.345,0.95137,0.95155,1.50,1.35
2013.07.04 13:08:34.586,0.95136,0.95153,1.69,1.35
2013.07.04 13:08:35.475,0.95134,0.95152,3.12,1.43
2013.07.04 13:08:36.158,0.95134,0.9515,2.37,1.50
2013.07.04 13:08:36.348,0.9513,0.95144,1.35,1.50
2013.07.04 13:08:36.416,0.9513,0.95144,1.35,1.69
2013.07.04 13:08:36.489,0.95126,0.95139,1.62,1.43
2013.07.04 13:08:36.617,0.9512,0.95133,2.29,1.50
2013.07.04 13:08:36.738,0.95115,0.95132,3.04,1.62
2013.07.04 13:08:36.808,0.95111,0.95126,3.04,1.43
2013.07.04 13:08:36.875,0.95109,0.95126,2.29,1.43
2013.07.04 13:08:36.995,0.95109,0.95125,2.29,1.43
2013.07.04 13:08:37.295,0.95104,0.95118,1.35,1.50
2013.07.04 13:08:37.836,0.95099,0.95115,2.25,1.62
2013.07.04 13:08:38.075,0.95101,0.95113,1.50,1.54
2013.07.04 13:08:38.206,0.95103,0.95113,1.50,1.35
2013.07.04 13:08:38.564,0.95106,0.95114,1.69,2.10
2013.07.04 13:08:38.626,0.95106,0.95116,1.69,2.10
2013.07.04 13:08:38.685,0.95106,0.95114,1.69,1.43
2013.07.04 13:08:38.804,0.95106,0.95123,1.69,2.10
2013.07.04 13:08:39.046,0.95107,0.95125,3.04,2.10
2013.07.04 13:08:39.104,0.95108,0.95125,2.44,2.10
2013.07.04 13:08:39.464,0.95111,0.95128,1.32,3.04
2013.07.04 13:08:39.585,0.95117,0.95133,1.43,2.44
2013.07.04 13:08:39.644,0.95117,0.95133,1.43,1.69
2013.07.04 13:08:39.765,0.95117,0.95133,1.62,1.50
2013.07.04 13:08:39.825,0.95117,0.95132,1.69,1.35
2013.07.04 13:08:39.947,0.95121,0.95137,1.62,2.10
2013.07.04 13:08:40.067,0.95125,0.9514,1.50,1.35
2013.07.04 13:08:40.375,0.95126,0.95144,1.50,2.29
2013.07.04 13:08:40.435,0.95126,0.95144,1.50,1.62
2013.07.04 13:08:40.614,0.95133,0.9515,1.43,1.54
2013.07.04 13:08:40.735,0.95136,0.9515,1.88,1.35
2013.07.04 13:08:40.855,0.95137,0.95156,1.62,1.35
2013.07.04 13:08:40.914,0.95136,0.95156,1.99,1.35
2013.07.04 13:08:41.035,0.95137,0.95156,1.62,1.35
2013.07.04 13:08:41.336,0.95137,0.95152,1.43,1.62
2013.07.04 13:08:41.457,0.95135,0.95152,1.43,2.29
2013.07.04 13:08:41.815,0.95132,0.95151,2.18,3.72
2013.07.04 13:08:41.934,0.95132,0.95147,1.50,1.35
2013.07.04 13:08:42.733,0.95132,0.95145,1.50,1.35
2013.07.04 13:08:42.927,0.95125,0.95141,1.69,1.35
2013.07.04 13:08:44.015,0.95123,0.9514,2.37,1.35
2013.07.04 13:08:44.376,0.95128,0.95138,1.50,1.35
2013.07.04 13:08:44.435,0.95127,0.9514,1.50,2.10
2013.07.04 13:08:44.556,0.95127,0.95141,1.50,1.43
2013.07.04 13:08:44.675,0.95127,0.95141,1.50,2.10
2013.07.04 13:08:44.977,0.9512,0.95138,1.69,2.10
2013.07.04 13:08:45.288,0.95118,0.95135,2.37,2.10
2013.07.04 13:08:45.597,0.95127,0.95135,1.13,1.35
2013.07.04 13:08:45.906,0.95129,0.95145,1.69,2.10
2013.07.04 13:08:46.205,0.95127,0.95145,2.10,1.13
2013.07.04 13:08:46.386,0.95124,0.95138,1.43,1.43
2013.07.04 13:08:46.446,0.95119,0.95138,2.67,1.43
2013.07.04 13:08:46.625,0.95116,0.95135,2.37,1.35
2013.07.04 13:08:46.865,0.95116,0.95132,1.43,1.35
2013.07.04 13:08:47.224,0.95114,0.95125,1.50,1.35
2013.07.04 13:08:47.405,0.95114,0.95128,1.50,1.35
2013.07.04 13:08:47.845,0.95118,0.95134,1.35,1.50
2013.07.04 13:08:48.145,0.95125,0.95141,1.62,1.35
2013.07.04 13:08:48.206,0.95125,0.95143,1.62,2.10
2013.07.04 13:08:48.564,0.95123,0.95141,2.44,1.35
2013.07.04 13:08:48.745,0.95123,0.9514,1.43,1.43
2013.07.04 13:08:48.865,0.95122,0.95138,1.62,1.43
2013.07.04 13:08:49.045,0.9512,0.95137,1.50,1.62
2013.07.04 13:08:49.226,0.95116,0.95134,2.74,1.43
2013.07.04 13:08:50.064,0.95118,0.95135,1.62,1.43
2013.07.04 13:08:50.456,0.95122,0.95138,1.43,1.69
2013.07.04 13:08:50.813,0.95123,0.95142,1.62,1.62
2013.07.04 13:08:51.365,0.95122,0.9514,1.69,1.62
2013.07.04 13:08:51.487,0.95121,0.95137,1.43,1.69
2013.07.04 13:08:52.024,0.95118,0.95135,1.62,1.43
2013.07.04 13:08:52.206,0.95126,0.95136,1.50,1.35
2013.07.04 13:08:52.768,0.95126,0.95137,1.50,2.10
2013.07.04 13:08:52.848,0.95121,0.95138,1.69,2.10
2013.07.04 13:08:53.036,0.95121,0.95137,1.50,1.54
2013.07.04 13:08:53.216,0.95118,0.95133,2.07,1.35
2013.07.04 13:08:53.285,0.9512,0.95132,1.69,1.35
2013.07.04 13:08:53.405,0.95121,0.95137,1.62,1.35
2013.07.04 13:08:53.465,0.95121,0.95138,3.12,1.43
2013.07.04 13:08:53.765,0.9512,0.95139,2.10,1.54
2013.07.04 13:08:53.944,0.95116,0.95135,1.69,1.35
2013.07.04 13:08:55.585,0.95115,0.95134,1.62,1.35
2013.07.04 13:08:55.944,0.9511,0.95129,2.29,1.35
2013.07.04 13:08:56.245,0.95109,0.95127,3.04,1.35
2013.07.04 13:08:56.426,0.95109,0.95126,1.43,1.35
2013.07.04 13:08:56.546,0.95107,0.95124,2.18,1.54
2013.07.04 13:08:56.787,0.95104,0.95121,1.69,1.35
2013.07.04 13:08:57.025,0.95102,0.9512,1.62,1.35
2013.07.04 13:08:57.647,0.95101,0.9512,3.79,1.35
2013.07.04 13:08:58.244,0.95103,0.9512,1.69,1.35
2013.07.04 13:08:58.905,0.95116,0.95123,1.50,1.35
2013.07.04 13:08:59.025,0.95119,0.95128,1.80,1.69
2013.07.04 13:08:59.086,0.95123,0.95133,1.43,2.44
2013.07.04 13:08:59.146,0.95123,0.95133,1.43,2.44
2013.07.04 13:08:59.206,0.9513,0.95144,1.50,1.35
2013.07.04 13:08:59.745,0.9513,0.95145,1.69,1.35
2013.07.04 13:08:59.924,0.95132,0.95148,1.50,1.35
2013.07.04 13:09:00.104,0.95133,0.95152,1.43,1.54
2013.07.04 13:09:01.335,0.95133,0.9515,1.43,2.10
2013.07.04 13:09:01.395,0.95133,0.95149,1.43,1.43
2013.07.04 13:09:01.756,0.95132,0.95146,1.50,2.10
2013.07.04 13:09:01.876,0.95133,0.95151,1.43,2.18
2013.07.04 13:09:02.174,0.95133,0.95147,1.43,2.10
2013.07.04 13:09:02.234,0.95131,0.95143,1.50,1.35
2013.07.04 13:09:02.414,0.95131,0.95148,1.50,1.43
2013.07.04 13:09:02.474,0.95128,0.95145,3.04,1.43
2013.07.04 13:09:02.835,0.95131,0.95148,1.43,1.43
2013.07.04 13:09:02.894,0.95132,0.95148,1.62,1.43
2013.07.04 13:09:03.524,0.95132,0.9515,1.62,1.50
2013.07.04 13:09:04.056,0.95133,0.9515,2.29,2.25
2013.07.04 13:09:04.576,0.95134,0.9515,1.43,1.50
2013.07.04 13:09:04.708,0.95134,0.95152,1.43,2.93
2013.07.04 13:09:04.836,0.95135,0.95152,2.10,3.00
2013.07.04 13:09:05.197,0.95134,0.95149,1.62,1.50
2013.07.04 13:09:05.554,0.95128,0.95147,2.29,1.35
2013.07.04 13:09:06.355,0.95129,0.95147,1.62,1.35
2013.07.04 13:09:06.595,0.95141,0.95153,1.43,3.23
2013.07.04 13:09:06.714,0.9514,0.95156,1.35,1.50
2013.07.04 13:09:07.255,0.95137,0.95155,1.62,1.43
2013.07.04 13:09:07.376,0.95137,0.95154,1.62,1.50
2013.07.04 13:09:07.495,0.95136,0.95152,1.62,1.43
2013.07.04 13:09:08.035,0.95134,0.95151,1.69,2.10
2013.07.04 13:09:08.544,0.95134,0.95152,3.04,2.18
2013.07.04 13:09:09.306,0.95134,0.95152,2.29,1.43
2013.07.04 13:09:09.825,0.95133,0.95151,3.12,1.43
2013.07.04 13:09:10.126,0.95133,0.95149,1.69,1.43
2013.07.04 13:09:10.306,0.95133,0.95147,1.50,1.43
2013.07.04 13:09:10.366,0.95133,0.95147,1.50,1.35
2013.07.04 13:09:10.725,0.9514,0.95146,1.50,1.35
2013.07.04 13:09:10.906,0.95141,0.95151,1.69,1.43
2013.07.04 13:09:11.027,0.95138,0.95153,1.69,1.35
2013.07.04 13:09:11.086,0.95141,0.95153,1.69,1.35
2013.07.04 13:09:11.215,0.95141,0.95154,2.37,1.43
2013.07.04 13:09:11.394,0.95141,0.95153,1.69,1.43
2013.07.04 13:09:11.574,0.95142,0.95156,1.13,1.35
2013.07.04 13:09:11.695,0.95143,0.95158,2.44,1.35
2013.07.04 13:09:12.256,0.95146,0.95158,1.50,1.35
2013.07.04 13:09:12.494,0.95142,0.95157,1.69,1.35
2013.07.04 13:09:12.615,0.95142,0.95156,1.69,2.10
2013.07.04 13:09:12.974,0.95141,0.95153,1.69,1.35
2013.07.04 13:09:13.726,0.95141,0.95157,1.69,2.10
2013.07.04 13:09:13.797,0.95141,0.95157,1.69,2.10
2013.07.04 13:09:15.504,0.9514,0.95154,1.50,2.10
2013.07.04 13:09:15.805,0.95138,0.95153,1.50,1.35
2013.07.04 13:09:20.224,0.95136,0.95152,1.69,1.43
2013.07.04 13:09:20.344,0.95135,0.95151,2.44,2.10
2013.07.04 13:09:20.845,0.95134,0.95148,1.69,1.35
2013.07.04 13:09:21.496,0.95135,0.95148,1.69,2.10
2013.07.04 13:09:22.176,0.95135,0.95148,1.69,2.10
2013.07.04 13:09:23.005,0.95135,0.95147,1.69,1.43
2013.07.04 13:09:23.305,0.95142,0.95148,1.50,1.35
2013.07.04 13:09:23.607,0.95146,0.95153,1.69,2.10
2013.07.04 13:09:24.035,0.95146,0.95154,1.50,1.35
2013.07.04 13:09:24.216,0.95145,0.95161,1.69,1.35
2013.07.04 13:09:24.745,0.95147,0.95161,1.50,1.35
2013.07.04 13:09:25.452,0.95147,0.95162,1.50,1.35
2013.07.04 13:09:25.757,0.95143,0.95159,1.62,2.18
2013.07.04 13:09:25.995,0.95143,0.9516,1.62,1.43
2013.07.04 13:09:26.535,0.95143,0.95159,1.62,1.50
2013.07.04 13:09:27.015,0.95142,0.95159,2.44,2.10
2013.07.04 13:09:27.375,0.95144,0.95162,1.69,2.93
2013.07.04 13:09:28.404,0.95143,0.95157,1.62,1.13
2013.07.04 13:09:28.464,0.95143,0.95153,1.62,1.50
2013.07.04 13:09:28.704,0.9514,0.95147,1.35,1.43
2013.07.04 13:09:28.885,0.95137,0.95144,2.78,1.50
2013.07.04 13:09:28.944,0.95126,0.95141,1.69,1.50
2013.07.04 13:09:29.006,0.95124,0.95141,2.29,1.50
2013.07.04 13:09:29.365,0.95122,0.95138,2.44,1.43
2013.07.04 13:09:29.486,0.95122,0.95137,1.69,1.35
2013.07.04 13:09:30.035,0.95121,0.95137,1.69,1.35
2013.07.04 13:09:30.094,0.95121,0.95135,1.69,1.35
2013.07.04 13:09:30.635,0.95121,0.95133,1.50,1.35
2013.07.04 13:09:30.874,0.95117,0.95133,1.69,1.35
2013.07.04 13:09:31.394,0.95116,0.95133,1.62,1.35
2013.07.04 13:09:31.646,0.95116,0.95133,1.62,1.35
2013.07.04 13:09:32.194,0.95113,0.95133,1.62,1.54
2013.07.04 13:09:32.506,0.95112,0.95131,2.37,1.35
2013.07.04 13:09:33.416,0.95121,0.95131,1.13,2.18
2013.07.04 13:09:33.656,0.95128,0.95136,1.43,2.10
2013.07.04 13:09:33.717,0.95128,0.95143,2.29,1.28
2013.07.04 13:09:33.786,0.95128,0.95147,2.29,2.10
2013.07.04 13:09:33.845,0.95128,0.95147,2.29,1.35
2013.07.04 13:09:34.147,0.95131,0.95147,1.62,1.35
2013.07.04 13:09:34.448,0.95132,0.95147,1.62,1.43
2013.07.04 13:09:34.697,0.95129,0.95147,1.62,1.35
2013.07.04 13:09:35.236,0.95128,0.95146,2.37,1.43
2013.07.04 13:09:35.824,0.95128,0.95145,2.37,1.50
2013.07.04 13:09:35.898,0.95124,0.95141,1.62,1.43
2013.07.04 13:09:36.334,0.95125,0.95141,1.62,1.35
2013.07.04 13:09:36.455,0.9513,0.95146,2.37,1.50
2013.07.04 13:09:36.574,0.9513,0.95147,1.62,1.43
2013.07.04 13:09:37.334,0.95131,0.95147,1.69,1.43
2013.07.04 13:09:39.085,0.95129,0.95145,2.37,1.43
2013.07.04 13:09:40.664,0.95129,0.95145,1.62,2.18
2013.07.04 13:09:43.386,0.95127,0.95143,1.69,1.50
2013.07.04 13:09:43.505,0.95126,0.95143,3.04,1.50
2013.07.04 13:09:43.564,0.95126,0.95143,2.29,1.50
2013.07.04 13:09:45.306,0.95125,0.95143,2.44,2.85
2013.07.04 13:09:47.215,0.95127,0.95143,1.69,2.10
2013.07.04 13:09:48.874,0.9513,0.95143,2.10,1.43
2013.07.04 13:09:49.177,0.95142,0.95157,1.50,1.35
2013.07.04 13:09:49.355,0.95143,0.95161,2.55,1.35
2013.07.04 13:09:49.474,0.95144,0.95163,1.80,2.10
2013.07.04 13:09:49.534,0.95147,0.95163,1.50,2.10
2013.07.04 13:09:49.894,0.95142,0.9515,1.35,1.50
2013.07.04 13:09:49.956,0.95133,0.9515,3.04,1.50
2013.07.04 13:09:50.134,0.95133,0.95149,1.43,1.62
2013.07.04 13:09:50.194,0.95131,0.95144,1.43,1.43
2013.07.04 13:09:50.314,0.95127,0.95144,2.37,2.18
2013.07.04 13:09:50.494,0.95127,0.95144,2.18,2.18
2013.07.04 13:09:50.674,0.95128,0.95144,2.07,1.43
2013.07.04 13:09:50.978,0.95133,0.95147,1.43,1.50
2013.07.04 13:09:51.107,0.95129,0.95145,2.10,1.50
2013.07.04 13:09:51.167,0.95126,0.95143,1.43,1.13
2013.07.04 13:09:51.230,0.95126,0.95143,1.43,1.32
2013.07.04 13:09:51.774,0.95119,0.95137,1.69,1.54
2013.07.04 13:09:52.255,0.95118,0.95137,2.29,2.29
2013.07.04 13:09:53.034,0.95118,0.95137,2.29,1.54
2013.07.04 13:09:53.154,0.95118,0.95137,2.29,1.54
2013.07.04 13:09:53.334,0.95112,0.95124,1.50,1.50
2013.07.04 13:09:53.634,0.95105,0.95121,1.35,1.50
2013.07.04 13:09:53.695,0.95106,0.95123,1.43,1.62
2013.07.04 13:09:53.815,0.95106,0.95123,1.62,1.43
2013.07.04 13:09:53.874,0.95106,0.95124,2.37,2.85
2013.07.04 13:09:54.055,0.95107,0.95126,2.29,2.29
2013.07.04 13:09:54.174,0.95109,0.95128,2.37,1.35
2013.07.04 13:09:54.354,0.95112,0.95128,1.69,1.35
2013.07.04 13:09:54.534,0.95122,0.95131,1.50,1.43
2013.07.04 13:09:54.714,0.95123,0.95136,3.04,1.13
2013.07.04 13:09:54.835,0.95126,0.95138,1.62,1.13
2013.07.04 13:09:54.955,0.95127,0.95143,1.62,2.18
2013.07.04 13:09:55.463,0.95126,0.95144,2.10,2.29
2013.07.04 13:09:55.585,0.95127,0.95145,1.35,1.62
2013.07.04 13:09:56.435,0.95128,0.95144,1.35,1.69
2013.07.04 13:09:56.614,0.95131,0.95144,1.35,1.50
2013.07.04 13:09:56.674,0.95131,0.95148,1.35,2.37
2013.07.04 13:09:58.445,0.95129,0.95147,2.18,1.62
2013.07.04 13:09:58.505,0.95129,0.95147,1.50,1.62
2013.07.04 13:09:59.255,0.95127,0.95144,1.62,2.93
2013.07.04 13:09:59.434,0.95127,0.95144,1.43,2.93
2013.07.04 13:10:00.208,0.95127,0.95144,1.43,2.93
2013.07.04 13:10:00.464,0.95126,0.95144,2.37,2.18
2013.07.04 13:10:00.767,0.95131,0.95146,1.43,1.50
2013.07.04 13:10:01.235,0.95131,0.95146,1.62,1.50
2013.07.04 13:10:01.539,0.95137,0.95152,2.10,1.50
2013.07.04 13:10:01.664,0.95137,0.95153,2.10,1.69
2013.07.04 13:10:01.844,0.95137,0.95155,2.10,1.62
2013.07.04 13:10:02.965,0.95137,0.95155,2.29,1.43
2013.07.04 13:10:03.325,0.95139,0.95158,1.54,2.10
2013.07.04 13:10:03.508,0.95143,0.95163,1.54,3.04
2013.07.04 13:10:03.815,0.95146,0.95163,1.35,1.62
2013.07.04 13:10:04.174,0.95144,0.95163,1.54,2.29
2013.07.04 13:10:04.555,0.95144,0.95162,1.54,1.43
2013.07.04 13:10:04.914,0.95132,0.95148,1.95,2.93
2013.07.04 13:10:04.974,0.95128,0.95147,1.43,1.62
2013.07.04 13:10:05.034,0.95127,0.95145,1.43,1.35
2013.07.04 13:10:05.094,0.95129,0.95147,1.43,1.54
2013.07.04 13:10:05.335,0.95134,0.9515,1.43,1.62
2013.07.04 13:10:05.635,0.95135,0.95152,1.43,2.10
2013.07.04 13:10:06.234,0.95135,0.95153,1.62,1.35
2013.07.04 13:10:06.475,0.95133,0.95151,1.62,1.35
2013.07.04 13:10:09.444,0.95132,0.95149,1.69,1.35
2013.07.04 13:10:12.030,0.95131,0.95148,1.50,2.10
2013.07.04 13:10:12.156,0.95129,0.95148,1.43,2.29
2013.07.04 13:10:12.274,0.95128,0.95147,1.35,1.62
2013.07.04 13:10:12.334,0.95126,0.95145,1.62,1.43
2013.07.04 13:10:12.854,0.95125,0.95143,2.29,1.35
2013.07.04 13:10:13.406,0.95123,0.95142,2.29,1.35
2013.07.04 13:10:13.945,0.95126,0.95142,1.50,1.35
2013.07.04 13:10:14.066,0.95127,0.95142,2.44,1.35
2013.07.04 13:10:14.629,0.95129,0.95145,1.43,1.43
2013.07.04 13:10:14.908,0.95131,0.95147,1.50,1.35
2013.07.04 13:10:15.156,0.95131,0.95149,1.88,1.43
2013.07.04 13:10:15.335,0.95131,0.95149,1.88,1.43
2013.07.04 13:10:15.697,0.95132,0.95149,1.50,2.18
2013.07.04 13:10:17.224,0.95134,0.95147,1.50,2.10
2013.07.04 13:10:17.284,0.95135,0.95147,1.50,1.35
2013.07.04 13:10:17.526,0.95137,0.95151,1.50,1.35
2013.07.04 13:10:17.836,0.95133,0.95148,3.12,1.43
2013.07.04 13:10:18.016,0.95133,0.95148,1.50,1.43
2013.07.04 13:10:18.832,0.95133,0.95148,1.50,1.43
2013.07.04 13:10:19.435,0.95133,0.9515,2.18,1.43
2013.07.04 13:10:19.944,0.95133,0.9515,2.18,1.43
2013.07.04 13:10:20.794,0.95131,0.95149,2.18,2.37
2013.07.04 13:10:20.935,0.9513,0.95147,1.69,1.35
2013.07.04 13:10:21.526,0.95131,0.95147,1.50,1.35
2013.07.04 13:10:22.525,0.9513,0.95143,2.44,1.35
2013.07.04 13:10:23.207,0.95122,0.9514,3.04,1.50
2013.07.04 13:10:23.815,0.95122,0.9514,3.79,1.50
2013.07.04 13:10:24.665,0.95122,0.95139,1.62,1.43
2013.07.04 13:10:24.785,0.95121,0.95138,1.43,1.43
2013.07.04 13:10:25.025,0.9512,0.95136,1.69,2.10
2013.07.04 13:10:25.087,0.9512,0.95136,1.69,2.10
2013.07.04 13:10:25.207,0.9512,0.95136,1.69,2.10
2013.07.04 13:10:25.326,0.9512,0.95136,1.69,2.10
2013.07.04 13:10:25.815,0.95119,0.95137,3.04,1.35
2013.07.04 13:10:25.935,0.95119,0.95137,2.37,1.35
2013.07.04 13:10:26.236,0.9512,0.95138,1.62,2.85
2013.07.04 13:10:26.996,0.9512,0.95137,1.62,2.18
2013.07.04 13:10:27.305,0.95115,0.95129,1.43,1.43
2013.07.04 13:10:27.605,0.95111,0.95129,2.37,2.10
2013.07.04 13:10:28.586,0.95111,0.95129,1.69,2.10
2013.07.04 13:10:29.394,0.95111,0.95127,1.50,1.35
2013.07.04 13:10:29.574,0.95111,0.95127,1.50,1.35
2013.07.04 13:10:31.024,0.9511,0.95126,1.69,1.43
2013.07.04 13:10:32.175,0.95111,0.95126,1.50,1.43
2013.07.04 13:10:32.235,0.95111,0.95128,1.69,1.43
2013.07.04 13:10:32.859,0.95112,0.95127,1.69,1.35
2013.07.04 13:10:33.404,0.95112,0.95127,2.07,1.43
2013.07.04 13:10:33.944,0.95115,0.95128,1.69,1.35
2013.07.04 13:10:35.575,0.95117,0.95128,1.13,1.35
2013.07.04 13:10:35.694,0.95116,0.95131,2.07,1.35
2013.07.04 13:10:35.754,0.95116,0.95133,2.07,2.10
2013.07.04 13:10:38.025,0.95116,0.95132,2.82,1.43
2013.07.04 13:10:38.205,0.95116,0.95132,1.69,1.43
2013.07.04 13:10:39.066,0.95115,0.95132,2.44,1.43
2013.07.04 13:10:39.534,0.95115,0.95132,2.44,1.43
2013.07.04 13:10:39.894,0.95115,0.95127,1.50,1.35
2013.07.04 13:10:40.427,0.95112,0.95127,1.50,1.54
2013.07.04 13:10:40.545,0.95111,0.95127,1.50,2.29
2013.07.04 13:10:40.605,0.95111,0.95123,1.50,1.35
2013.07.04 13:10:41.755,0.95109,0.95122,1.69,1.35
2013.07.04 13:10:41.815,0.95109,0.95127,2.37,2.18
2013.07.04 13:10:41.875,0.95112,0.95128,1.50,2.10
2013.07.04 13:10:41.994,0.95114,0.95128,1.50,1.35
2013.07.04 13:10:42.055,0.95114,0.9513,1.50,1.54
2013.07.04 13:10:42.294,0.95112,0.95129,1.43,2.18
2013.07.04 13:10:42.834,0.95111,0.95127,1.69,1.35
2013.07.04 13:10:43.386,0.95109,0.95126,3.12,1.43
2013.07.04 13:10:44.285,0.95109,0.95125,2.37,2.18
2013.07.04 13:10:44.436,0.95109,0.95125,1.62,2.18
2013.07.04 13:10:45.194,0.95109,0.95125,1.43,2.18
2013.07.04 13:10:45.664,0.95109,0.95125,2.40,2.18
2013.07.04 13:10:45.785,0.95112,0.95128,1.13,2.37
2013.07.04 13:10:45.964,0.95112,0.95128,1.32,1.50
2013.07.04 13:10:46.664,0.95112,0.95128,1.62,1.50
2013.07.04 13:10:48.504,0.95111,0.95128,3.04,2.85
2013.07.04 13:10:48.564,0.95111,0.95128,1.69,2.85
2013.07.04 13:10:52.525,0.95109,0.95125,1.62,2.18
2013.07.04 13:10:53.075,0.95107,0.95124,3.12,1.43
2013.07.04 13:10:53.324,0.95107,0.95124,2.37,1.43
2013.07.04 13:10:53.994,0.95107,0.95124,3.87,1.43
2013.07.04 13:10:55.586,0.95107,0.95124,3.79,1.43
2013.07.04 13:10:55.716,0.95107,0.95124,2.10,2.37
2013.07.04 13:10:55.775,0.95102,0.95116,1.50,1.35
2013.07.04 13:10:55.895,0.95098,0.95115,2.97,1.43
2013.07.04 13:10:57.405,0.95097,0.95114,1.92,2.85
2013.07.04 13:10:58.147,0.95097,0.95114,1.13,2.85
2013.07.04 13:10:58.446,0.95093,0.95108,2.29,1.43
2013.07.04 13:10:58.864,0.95096,0.95108,1.50,2.10
2013.07.04 13:10:59.165,0.95098,0.95113,2.67,1.43
2013.07.04 13:10:59.464,0.95095,0.9511,2.44,1.43
2013.07.04 13:11:00.834,0.95093,0.95106,1.32,1.43
2013.07.04 13:11:01.074,0.95084,0.951,1.92,1.43
2013.07.04 13:11:01.504,0.95084,0.95099,1.17,1.50
2013.07.04 13:11:01.647,0.95084,0.95099,1.92,1.50
2013.07.04 13:11:02.184,0.95084,0.95099,2.29,1.50
2013.07.04 13:11:02.364,0.95084,0.95099,3.27,1.50
2013.07.04 13:11:02.605,0.95084,0.95099,1.54,1.50
2013.07.04 13:11:02.665,0.9508,0.95099,2.10,3.72
2013.07.04 13:11:03.084,0.95079,0.95096,1.69,1.43
2013.07.04 13:11:03.266,0.95077,0.95094,1.05,1.50
2013.07.04 13:11:03.328,0.95076,0.95094,2.74,2.85
2013.07.04 13:11:03.384,0.95076,0.95094,2.18,3.04
2013.07.04 13:11:03.564,0.95076,0.95094,2.10,1.69
2013.07.04 13:11:03.665,0.95076,0.95094,2.29,1.50
2013.07.04 13:11:04.041,0.95076,0.95095,2.29,2.29
2013.07.04 13:11:04.674,0.9508,0.95097,1.32,2.85
2013.07.04 13:11:04.915,0.95082,0.95098,1.43,1.50
2013.07.04 13:11:06.386,0.95082,0.95098,1.62,1.50
2013.07.04 13:11:07.737,0.95084,0.95099,1.13,1.43
2013.07.04 13:11:08.094,0.95084,0.95099,1.69,1.43
2013.07.04 13:11:08.155,0.95082,0.95099,1.62,1.43
2013.07.04 13:11:08.214,0.95082,0.95099,1.62,1.43
2013.07.04 13:11:08.334,0.95084,0.95098,1.35,1.50
2013.07.04 13:11:08.695,0.95084,0.95098,1.35,1.69
2013.07.04 13:11:09.208,0.95079,0.95097,2.29,2.29
2013.07.04 13:11:09.727,0.9508,0.95096,1.62,1.43
2013.07.04 13:11:10.025,0.95081,0.95098,2.10,1.32
2013.07.04 13:11:10.265,0.95076,0.95096,2.29,1.43
2013.07.04 13:11:10.625,0.95076,0.95093,3.04,1.43
2013.07.04 13:11:10.745,0.95077,0.95093,1.62,1.43
2013.07.04 13:11:11.046,0.95076,0.95093,2.29,1.43
2013.07.04 13:11:11.166,0.95071,0.95087,1.69,1.43
2013.07.04 13:11:11.414,0.9507,0.95087,1.62,1.43
2013.07.04 13:11:13.744,0.9507,0.95087,1.62,2.18
2013.07.04 13:11:14.423,0.95073,0.95087,1.50,1.43
2013.07.04 13:11:14.987,0.95075,0.95087,1.50,1.43
2013.07.04 13:11:15.295,0.9508,0.95089,1.50,1.43
2013.07.04 13:11:15.535,0.95077,0.95094,1.62,1.43
2013.07.04 13:11:16.095,0.95078,0.9509,1.43,1.50
2013.07.04 13:11:16.456,0.95078,0.95093,1.62,1.50
2013.07.04 13:11:16.515,0.95078,0.95096,1.62,2.25
2013.07.04 13:11:16.696,0.95081,0.95096,2.37,1.50
2013.07.04 13:11:16.815,0.95081,0.95096,3.04,1.50
2013.07.04 13:11:17.355,0.95083,0.95096,2.29,1.50
2013.07.04 13:11:22.905,0.95082,0.95097,1.32,1.50
2013.07.04 13:11:22.965,0.95083,0.95097,1.32,1.50
2013.07.04 13:11:23.084,0.95087,0.95102,2.10,1.69
2013.07.04 13:11:23.626,0.95087,0.95102,1.69,2.18
2013.07.04 13:11:24.164,0.95087,0.95102,2.37,1.50
2013.07.04 13:11:27.317,0.95088,0.95102,1.69,1.50
2013.07.04 13:11:27.496,0.95088,0.95105,1.69,1.43
2013.07.04 13:11:30.094,0.95089,0.95106,2.18,2.29
2013.07.04 13:11:30.295,0.9509,0.95108,1.13,3.60
2013.07.04 13:11:30.355,0.9509,0.95108,2.07,2.10
2013.07.04 13:11:30.415,0.95096,0.95111,1.50,1.50
2013.07.04 13:11:31.221,0.95094,0.9511,1.43,1.43
2013.07.04 13:11:34.494,0.95094,0.9511,1.62,2.18
2013.07.04 13:11:34.674,0.95092,0.95108,1.69,2.10
2013.07.04 13:11:37.164,0.95098,0.95108,1.50,2.85
2013.07.04 13:11:43.276,0.95096,0.9511,1.50,2.18
2013.07.04 13:11:43.334,0.95095,0.9511,1.43,2.37
2013.07.04 13:11:43.575,0.95097,0.95111,2.25,2.29
2013.07.04 13:11:44.148,0.95097,0.95111,2.25,2.10
2013.07.04 13:11:44.803,0.95097,0.95113,2.25,3.79
2013.07.04 13:11:45.185,0.95097,0.9511,1.50,1.43
2013.07.04 13:11:45.244,0.95095,0.9511,1.50,2.10
2013.07.04 13:11:45.304,0.95093,0.9511,2.44,2.85
2013.07.04 13:11:45.364,0.95093,0.95107,1.50,1.43
2013.07.04 13:11:45.684,0.95091,0.95107,1.69,1.43
2013.07.04 13:11:45.746,0.95096,0.95108,1.50,2.10
2013.07.04 13:11:46.296,0.95096,0.9511,1.50,2.44
2013.07.04 13:11:48.174,0.95096,0.9511,2.25,1.50
2013.07.04 13:11:48.234,0.95097,0.9511,1.50,1.50
2013.07.04 13:11:48.416,0.95101,0.95114,1.50,2.18
2013.07.04 13:11:48.924,0.95102,0.95114,1.50,2.18
2013.07.04 13:11:49.104,0.95098,0.95114,2.18,2.18
2013.07.04 13:11:51.615,0.95099,0.95114,1.50,1.62
2013.07.04 13:11:51.916,0.95104,0.95118,1.50,2.18
2013.07.04 13:11:52.218,0.95108,0.95123,1.50,3.19
2013.07.04 13:11:52.406,0.95108,0.95123,1.50,2.29
2013.07.04 13:11:52.535,0.95108,0.95123,1.50,2.29
2013.07.04 13:11:56.132,0.9511,0.95123,1.50,1.35
2013.07.04 13:11:56.435,0.95114,0.95127,1.50,1.73
2013.07.04 13:11:57.000,0.95114,0.95127,1.50,1.35
2013.07.04 13:11:57.713,0.95114,0.95127,1.50,2.10
