2009.08.04 19:00:00.386,0.88665,0.8869,3.20,17.60
2009.08.04 19:00:00.725,0.88665,0.8869,3.20,16.00
2009.08.04 19:00:00.836,0.88665,0.8869,3.20,17.60
2009.08.04 19:00:02.765,0.88665,0.8869,3.20,16.00
2009.08.04 19:00:03.045,0.8867,0.8869,3.20,8.00
2009.08.04 19:00:03.225,0.8867,0.88685,3.20,1.60
2009.08.04 19:00:03.618,0.88685,0.88695,3.20,20.60
2009.08.04 19:00:04.005,0.88675,0.887,3.20,25.60
2009.08.04 19:00:04.825,0.8867,0.88695,3.20,1.60
2009.08.04 19:00:05.224,0.8868,0.88695,3.20,16.00
2009.08.04 19:00:05.444,0.8868,0.887,3.20,25.60
2009.08.04 19:00:06.035,0.88675,0.887,3.20,25.60
2009.08.04 19:00:07.774,0.88675,0.8869,3.20,8.80
2009.08.04 19:00:08.114,0.88665,0.8869,3.20,1.60
2009.08.04 19:00:08.174,0.88665,0.8869,3.20,9.60
2009.08.04 19:00:08.234,0.88665,0.8869,3.20,17.60
2009.08.04 19:00:08.634,0.88665,0.8869,3.20,25.60
2009.08.04 19:00:09.043,0.8865,0.8869,5.00,25.60
2009.08.04 19:00:09.153,0.88675,0.8869,3.20,24.00
2009.08.04 19:00:09.374,0.8868,0.88695,3.20,8.80
2009.08.04 19:00:09.543,0.8868,0.88715,3.20,16.00
2009.08.04 19:00:09.895,0.88685,0.8872,3.20,24.00
2009.08.04 19:00:17.391,0.88685,0.8871,3.20,25.60
2009.08.04 19:00:22.600,0.88685,0.88695,3.20,8.00
2009.08.04 19:00:23.050,0.88685,0.8871,3.20,16.00
2009.08.04 19:00:23.580,0.8869,0.8871,3.20,16.00
2009.08.04 19:00:28.009,0.88685,0.8871,3.20,16.00
2009.08.04 19:00:29.868,0.88685,0.8871,3.20,8.00
2009.08.04 19:00:30.188,0.88685,0.88715,3.20,24.00
2009.08.04 19:00:30.248,0.88685,0.88715,3.20,16.00
2009.08.04 19:00:31.818,0.8868,0.88715,3.20,16.00
2009.08.04 19:00:32.818,0.8868,0.88715,9.80,16.00
2009.08.04 19:00:32.998,0.8868,0.8872,9.80,27.20
2009.08.04 19:00:33.397,0.8868,0.8872,9.80,19.20
2009.08.04 19:00:41.106,0.88675,0.88715,20.80,19.20
2009.08.04 19:00:41.266,0.8868,0.88715,1.60,19.20
2009.08.04 19:00:41.736,0.8868,0.8872,4.80,20.80
2009.08.04 19:00:42.086,0.8868,0.8872,4.80,28.80
2009.08.04 19:00:42.376,0.88675,0.88715,25.80,11.20
2009.08.04 19:00:42.835,0.88675,0.88715,25.80,19.20
2009.08.04 19:00:43.065,0.88675,0.88715,24.20,20.80
2009.08.04 19:00:43.125,0.88675,0.88715,25.80,19.20
2009.08.04 19:00:43.565,0.88675,0.88715,24.20,20.80
2009.08.04 19:00:44.076,0.88675,0.88715,25.80,19.20
2009.08.04 19:00:45.605,0.88675,0.88715,25.80,16.00
2009.08.04 19:00:46.005,0.88675,0.88715,24.20,17.60
2009.08.04 19:00:48.284,0.88665,0.88705,33.80,3.20
2009.08.04 19:00:48.664,0.88665,0.88705,25.80,3.20
2009.08.04 19:00:51.823,0.88685,0.8871,3.20,25.60
2009.08.04 19:00:52.173,0.88685,0.8871,3.20,24.00
2009.08.04 19:00:52.563,0.8869,0.8871,3.20,24.00
2009.08.04 19:00:52.853,0.88685,0.8871,3.20,16.00
2009.08.04 19:00:58.511,0.8869,0.8871,3.20,16.00
2009.08.04 19:00:58.792,0.88695,0.8871,3.20,8.00
2009.08.04 19:00:59.031,0.88695,0.88705,3.20,8.00
2009.08.04 19:00:59.431,0.88695,0.8872,3.20,17.60
2009.08.04 19:01:02.301,0.88695,0.8872,3.20,1.60
2009.08.04 19:01:02.710,0.88695,0.88715,3.20,16.00
2009.08.04 19:01:04.380,0.88695,0.8872,3.20,25.60
2009.08.04 19:01:04.670,0.88695,0.8872,3.20,17.60
2009.08.04 19:01:06.480,0.88695,0.88715,3.20,16.00
2009.08.04 19:01:07.779,0.88695,0.88715,3.20,8.00
2009.08.04 19:01:07.959,0.88695,0.8872,3.20,25.60
2009.08.04 19:01:08.189,0.88695,0.8872,3.20,17.60
2009.08.04 19:01:22.026,0.8869,0.8872,3.20,17.60
2009.08.04 19:01:22.266,0.88695,0.88715,3.20,16.00
2009.08.04 19:01:22.486,0.8869,0.8872,3.20,26.80
2009.08.04 19:01:22.716,0.88695,0.8872,3.20,8.00
2009.08.04 19:01:22.896,0.88705,0.8873,3.20,31.60
2009.08.04 19:01:23.326,0.88705,0.8873,3.20,17.60
2009.08.04 19:01:23.735,0.887,0.88725,3.20,17.60
2009.08.04 19:01:23.965,0.887,0.88725,3.20,25.60
2009.08.04 19:01:24.235,0.88705,0.88725,3.20,25.60
2009.08.04 19:01:24.645,0.887,0.88725,3.20,25.60
2009.08.04 19:01:24.885,0.88705,0.88725,3.20,25.60
2009.08.04 19:01:26.585,0.88695,0.8872,3.20,1.60
2009.08.04 19:01:26.885,0.88695,0.8872,3.20,17.60
2009.08.04 19:01:27.405,0.887,0.8872,3.20,17.60
2009.08.04 19:01:27.755,0.88705,0.8872,3.20,17.60
2009.08.04 19:01:28.094,0.88685,0.8872,8.20,17.60
2009.08.04 19:01:28.384,0.88685,0.8872,9.80,16.00
2009.08.04 19:01:28.674,0.887,0.8872,3.20,16.00
2009.08.04 19:01:28.964,0.887,0.88725,8.20,16.00
2009.08.04 19:01:29.254,0.887,0.88725,8.20,8.00
2009.08.04 19:01:29.424,0.887,0.88735,8.20,16.00
2009.08.04 19:01:31.494,0.887,0.8873,8.20,16.00
2009.08.04 19:01:31.843,0.887,0.8873,5.00,16.00
2009.08.04 19:01:33.673,0.88695,0.8873,5.00,19.20
2009.08.04 19:01:33.893,0.88695,0.88725,5.00,3.20
2009.08.04 19:01:36.412,0.8869,0.8873,14.60,3.20
2009.08.04 19:01:36.752,0.8869,0.8873,6.60,19.20
2009.08.04 19:01:37.042,0.8869,0.8873,6.60,27.20
2009.08.04 19:01:38.192,0.8869,0.8873,14.60,11.20
2009.08.04 19:01:38.372,0.8869,0.8873,14.60,3.20
2009.08.04 19:01:39.841,0.8869,0.8873,14.60,11.20
2009.08.04 19:01:40.222,0.8869,0.8873,6.60,19.20
2009.08.04 19:01:40.281,0.8869,0.8873,6.60,27.20
2009.08.04 19:01:46.810,0.8869,0.8873,5.00,28.80
2009.08.04 19:01:52.819,0.8869,0.88725,5.00,16.00
2009.08.04 19:01:53.168,0.8869,0.88725,5.00,17.60
2009.08.04 19:01:54.858,0.88685,0.88725,8.20,17.60
2009.08.04 19:01:56.588,0.88685,0.8872,5.00,3.20
2009.08.04 19:01:56.828,0.88685,0.8872,1.60,3.20
2009.08.04 19:01:57.177,0.88685,0.88715,1.60,3.20
2009.08.04 19:02:04.066,0.8868,0.88715,3.20,17.60
2009.08.04 19:02:05.136,0.88675,0.8871,3.20,16.00
2009.08.04 19:02:05.535,0.8867,0.8871,9.60,19.20
2009.08.04 19:02:05.875,0.88675,0.8871,3.20,16.00
2009.08.04 19:02:06.625,0.8867,0.8871,9.60,19.20
2009.08.04 19:02:07.915,0.88675,0.8871,16.00,3.20
2009.08.04 19:02:08.365,0.8867,0.8871,17.60,19.20
2009.08.04 19:02:08.545,0.8867,0.8871,9.60,19.20
2009.08.04 19:02:12.834,0.88675,0.8871,4.80,16.00
2009.08.04 19:02:12.894,0.88675,0.8871,12.80,8.00
2009.08.04 19:02:13.284,0.88675,0.88715,20.80,27.20
2009.08.04 19:02:13.554,0.88675,0.88715,20.80,19.20
2009.08.04 19:02:14.965,0.88675,0.88715,20.80,16.00
2009.08.04 19:02:15.193,0.88675,0.88715,20.80,19.20
2009.08.04 19:02:16.053,0.88675,0.88715,19.20,29.80
2009.08.04 19:02:16.273,0.8867,0.88715,12.80,37.80
2009.08.04 19:02:17.213,0.88675,0.88715,4.80,27.20
2009.08.04 19:02:17.563,0.88675,0.88715,20.80,19.20
2009.08.04 19:02:25.490,0.88675,0.88715,17.60,19.20
2009.08.04 19:02:25.551,0.88675,0.88715,17.60,24.20
2009.08.04 19:02:25.610,0.88675,0.88715,17.60,28.20
2009.08.04 19:02:25.840,0.88675,0.887,16.00,3.20
2009.08.04 19:02:26.121,0.8868,0.887,8.00,3.20
2009.08.04 19:02:26.241,0.88665,0.887,17.60,3.20
2009.08.04 19:02:27.820,0.8867,0.8871,3.20,33.80
2009.08.04 19:02:28.560,0.88665,0.887,17.60,3.20
2009.08.04 19:02:31.009,0.88665,0.88695,16.00,3.20
2009.08.04 19:02:31.119,0.8867,0.88695,8.00,3.20
2009.08.04 19:02:31.559,0.8866,0.8869,8.00,3.20
2009.08.04 19:02:34.349,0.8865,0.88675,1.60,3.20
2009.08.04 19:02:34.629,0.88645,0.8869,25.80,30.00
2009.08.04 19:02:34.969,0.8864,0.88675,24.00,3.20
2009.08.04 19:02:35.079,0.88645,0.88685,3.20,19.20
2009.08.04 19:02:35.308,0.88645,0.88685,3.20,16.00
2009.08.04 19:02:37.888,0.8864,0.88675,20.80,1.60
2009.08.04 19:02:38.108,0.8865,0.88675,12.80,1.60
2009.08.04 19:02:38.349,0.88645,0.88675,3.20,2.00
2009.08.04 19:02:38.588,0.88645,0.88685,8.20,22.00
2009.08.04 19:02:38.707,0.88645,0.88685,8.20,18.80
2009.08.04 19:02:38.928,0.88645,0.8869,25.80,30.80
2009.08.04 19:02:39.037,0.88645,0.8869,25.80,30.00
2009.08.04 19:02:39.207,0.88645,0.8869,25.80,28.80
2009.08.04 19:02:39.617,0.88645,0.8869,26.60,28.80
2009.08.04 19:02:39.738,0.8865,0.8869,1.60,27.20
2009.08.04 19:02:41.467,0.88645,0.8869,25.80,28.80
2009.08.04 19:02:49.765,0.88645,0.88685,17.80,8.00
2009.08.04 19:02:49.825,0.88645,0.88685,16.20,9.60
2009.08.04 19:02:50.065,0.88645,0.88685,8.20,17.60
2009.08.04 19:02:51.174,0.88645,0.88685,9.80,16.00
2009.08.04 19:02:54.344,0.88645,0.88685,4.80,19.20
2009.08.04 19:02:54.564,0.88645,0.88685,3.20,20.80
2009.08.04 19:02:55.133,0.88645,0.8868,3.20,16.00
2009.08.04 19:02:55.483,0.8865,0.8868,3.20,16.00
2009.08.04 19:02:57.083,0.8865,0.88685,3.20,16.00
2009.08.04 19:02:57.423,0.8865,0.88685,9.80,16.00
2009.08.04 19:02:57.773,0.8865,0.8869,9.80,27.20
2009.08.04 19:02:58.123,0.8865,0.8869,9.80,16.00
2009.08.04 19:02:58.683,0.8865,0.88685,8.00,3.20
2009.08.04 19:02:58.973,0.88645,0.88685,33.80,3.20
2009.08.04 19:02:59.562,0.88645,0.88685,33.80,11.20
2009.08.04 19:02:59.622,0.8865,0.88685,1.60,19.20
2009.08.04 19:02:59.792,0.8865,0.88685,6.60,11.20
2009.08.04 19:03:00.023,0.8865,0.88685,6.60,3.20
2009.08.04 19:03:00.142,0.8865,0.8869,9.80,16.00
2009.08.04 19:03:00.652,0.8865,0.8869,17.80,16.00
2009.08.04 19:03:03.761,0.88655,0.8869,3.20,16.00
2009.08.04 19:03:19.348,0.88655,0.8869,3.20,16.00
2009.08.04 19:03:20.078,0.88655,0.8869,4.80,16.00
2009.08.04 19:03:20.428,0.88665,0.8869,3.20,16.00
2009.08.04 19:03:20.937,0.88665,0.88685,3.20,8.00
2009.08.04 19:03:21.238,0.88665,0.88705,3.20,28.80
2009.08.04 19:03:22.427,0.88665,0.88705,9.80,27.20
2009.08.04 19:03:22.777,0.88665,0.887,3.20,1.60
2009.08.04 19:03:23.287,0.88665,0.887,3.20,17.60
2009.08.04 19:03:23.577,0.8866,0.88695,3.20,24.00
2009.08.04 19:03:24.656,0.8866,0.88695,4.80,24.00
2009.08.04 19:03:24.926,0.88665,0.88695,3.20,24.00
2009.08.04 19:03:25.286,0.88665,0.8869,3.20,8.00
2009.08.04 19:03:25.726,0.88665,0.88705,3.20,37.80
2009.08.04 19:03:25.996,0.88665,0.88695,4.80,8.00
2009.08.04 19:03:26.346,0.8867,0.88705,3.20,17.60
2009.08.04 19:03:27.166,0.88665,0.887,17.60,3.20
2009.08.04 19:03:27.456,0.88665,0.88705,25.80,19.20
2009.08.04 19:03:27.736,0.88675,0.8871,4.80,24.00
2009.08.04 19:03:28.146,0.88675,0.88715,25.80,12.40
2009.08.04 19:03:28.665,0.8868,0.8872,4.80,32.20
2009.08.04 19:03:29.135,0.8869,0.88725,5.00,24.00
2009.08.04 19:03:29.485,0.88695,0.88715,25.80,8.00
2009.08.04 19:03:29.825,0.88695,0.88735,25.80,28.80
2009.08.04 19:03:29.995,0.887,0.88735,5.00,24.00
2009.08.04 19:03:30.325,0.88705,0.88725,3.20,8.00
2009.08.04 19:03:30.595,0.88705,0.8874,3.20,17.60
2009.08.04 19:03:30.825,0.88705,0.8874,1.60,24.00
2009.08.04 19:03:31.215,0.88705,0.8874,6.60,3.20
2009.08.04 19:03:31.445,0.88705,0.88745,9.80,16.00
2009.08.04 19:03:31.785,0.8871,0.88735,3.20,8.00
2009.08.04 19:03:32.145,0.8871,0.8875,3.20,20.80
2009.08.04 19:03:32.495,0.8871,0.8875,3.20,28.80
2009.08.04 19:03:32.835,0.8871,0.8875,6.60,27.20
2009.08.04 19:03:33.165,0.8871,0.8875,17.80,3.20
2009.08.04 19:03:33.564,0.8871,0.8875,6.60,27.20
2009.08.04 19:03:33.784,0.8871,0.8875,9.80,24.00
2009.08.04 19:03:34.174,0.8871,0.88755,17.80,33.80
2009.08.04 19:03:34.394,0.8871,0.8875,22.60,3.20
2009.08.04 19:03:34.664,0.8871,0.88745,22.60,3.20
2009.08.04 19:03:35.354,0.8871,0.8875,24.20,4.80
2009.08.04 19:03:35.704,0.88715,0.8875,9.80,8.00
2009.08.04 19:03:36.004,0.88715,0.8875,9.80,16.00
2009.08.04 19:03:36.345,0.88715,0.88755,9.60,19.20
2009.08.04 19:03:36.694,0.88715,0.8875,4.80,9.20
2009.08.04 19:03:37.035,0.88715,0.8875,5.00,3.20
2009.08.04 19:03:37.773,0.88715,0.88755,8.20,25.60
2009.08.04 19:03:38.563,0.88715,0.88755,9.80,24.00
2009.08.04 19:03:39.683,0.88715,0.88755,4.80,29.00
2009.08.04 19:03:40.163,0.8871,0.88745,14.60,3.20
2009.08.04 19:03:40.922,0.8871,0.8875,17.80,3.20
2009.08.04 19:03:41.382,0.8871,0.88755,18.60,33.80
2009.08.04 19:03:41.662,0.88715,0.88745,1.60,3.20
2009.08.04 19:03:41.772,0.88715,0.8875,22.60,3.20
2009.08.04 19:03:43.372,0.88715,0.8875,6.60,3.20
2009.08.04 19:03:45.382,0.88715,0.88755,9.80,16.00
2009.08.04 19:03:46.671,0.88715,0.88755,25.80,16.00
2009.08.04 19:03:47.071,0.88715,0.88755,9.80,16.00
2009.08.04 19:03:48.401,0.88715,0.88755,17.80,8.00
2009.08.04 19:03:48.741,0.8872,0.8876,9.60,9.00
2009.08.04 19:03:49.021,0.8872,0.8875,8.00,3.20
2009.08.04 19:03:49.140,0.88715,0.8875,16.00,3.20
2009.08.04 19:03:49.940,0.8871,0.8875,30.60,3.20
2009.08.04 19:03:50.510,0.88715,0.88755,17.80,8.00
2009.08.04 19:03:50.680,0.88715,0.8876,33.80,25.80
2009.08.04 19:03:50.900,0.88715,0.8876,33.80,17.80
2009.08.04 19:03:51.020,0.8872,0.8876,8.00,9.80
2009.08.04 19:03:52.240,0.88715,0.8876,33.80,25.80
2009.08.04 19:03:52.590,0.88715,0.88755,32.20,1.60
2009.08.04 19:03:53.340,0.88715,0.88755,8.20,17.60
2009.08.04 19:03:55.189,0.88715,0.88755,3.20,25.80
2009.08.04 19:03:55.469,0.88715,0.88755,8.20,20.80
2009.08.04 19:03:55.529,0.88715,0.88755,5.00,20.80
2009.08.04 19:03:55.749,0.88715,0.88755,9.80,16.00
2009.08.04 19:03:56.159,0.88715,0.88755,17.80,8.00
2009.08.04 19:03:56.380,0.88715,0.88755,32.20,1.60
2009.08.04 19:03:56.779,0.8871,0.88755,25.80,20.80
2009.08.04 19:03:56.999,0.88715,0.88755,6.60,19.20
2009.08.04 19:03:57.168,0.88715,0.88755,9.80,19.20
2009.08.04 19:03:57.499,0.88715,0.88755,4.80,19.20
2009.08.04 19:03:57.909,0.8871,0.88755,26.60,20.80
2009.08.04 19:03:58.438,0.8871,0.88755,25.80,20.80
2009.08.04 19:03:58.769,0.8871,0.88745,16.00,6.60
2009.08.04 19:03:59.118,0.887,0.88735,8.00,3.20
2009.08.04 19:03:59.408,0.88695,0.88735,20.80,3.20
2009.08.04 19:04:04.087,0.887,0.8874,11.20,3.20
2009.08.04 19:04:04.147,0.887,0.8874,16.20,3.20
2009.08.04 19:04:04.267,0.8871,0.88735,11.20,8.00
2009.08.04 19:04:04.607,0.8871,0.8875,11.20,19.20
2009.08.04 19:04:08.246,0.8871,0.8875,3.20,17.60
2009.08.04 19:04:14.224,0.8871,0.8875,9.80,16.00
2009.08.04 19:04:14.505,0.88715,0.88755,3.20,29.60
2009.08.04 19:04:14.735,0.8871,0.8875,17.60,19.20
2009.08.04 19:04:14.794,0.8871,0.8875,19.20,20.80
2009.08.04 19:04:14.964,0.8871,0.8875,16.00,20.80
2009.08.04 19:04:15.084,0.8871,0.8875,8.00,20.80
2009.08.04 19:04:15.204,0.88705,0.8875,17.80,20.80
2009.08.04 19:04:15.434,0.88705,0.8875,9.80,20.80
2009.08.04 19:04:16.394,0.8871,0.8875,1.60,20.80
2009.08.04 19:04:20.193,0.88705,0.88745,3.20,27.20
2009.08.04 19:04:20.363,0.88705,0.88745,3.20,19.20
2009.08.04 19:04:20.933,0.887,0.8874,3.20,16.00
2009.08.04 19:04:21.273,0.88695,0.8873,8.00,8.00
2009.08.04 19:04:21.563,0.88685,0.8873,3.20,19.20
2009.08.04 19:04:22.243,0.8869,0.88725,3.20,16.00
2009.08.04 19:04:22.763,0.8869,0.88725,3.20,8.00
2009.08.04 19:04:23.282,0.8869,0.8873,3.20,16.00
2009.08.04 19:04:24.712,0.8869,0.88735,19.20,19.20
2009.08.04 19:04:25.402,0.8869,0.88735,20.80,20.80
2009.08.04 19:04:25.693,0.8869,0.88735,25.80,29.80
2009.08.04 19:04:25.802,0.8869,0.88735,17.80,28.80
2009.08.04 19:04:25.971,0.8869,0.88735,17.80,37.80
2009.08.04 19:04:28.271,0.8869,0.8873,11.20,22.60
2009.08.04 19:04:28.781,0.88685,0.88725,33.80,16.00
2009.08.04 19:04:29.131,0.8869,0.88725,8.20,16.00
2009.08.04 19:04:29.231,0.8869,0.8873,16.20,25.60
2009.08.04 19:04:29.451,0.8869,0.8873,16.20,20.80
2009.08.04 19:04:31.390,0.8869,0.8873,8.00,20.80
2009.08.04 19:04:31.660,0.8869,0.8873,8.20,20.80
2009.08.04 19:04:32.070,0.8869,0.8873,16.20,20.80
2009.08.04 19:04:32.590,0.8869,0.8873,8.20,20.80
2009.08.04 19:04:32.880,0.8869,0.8873,16.20,20.80
2009.08.04 19:04:33.990,0.8869,0.8873,16.20,17.60
2009.08.04 19:04:35.140,0.8869,0.8873,8.20,17.60
2009.08.04 19:04:36.309,0.88685,0.88725,33.80,3.20
2009.08.04 19:04:36.639,0.88695,0.8873,5.00,16.00
2009.08.04 19:04:36.929,0.8869,0.88735,17.80,39.20
2009.08.04 19:04:37.395,0.88695,0.88735,5.00,27.20
2009.08.04 19:04:37.789,0.88695,0.8874,25.80,33.60
2009.08.04 19:04:38.139,0.887,0.8874,9.60,11.20
2009.08.04 19:04:38.539,0.88695,0.8874,33.80,20.80
2009.08.04 19:04:38.929,0.88695,0.8874,25.80,28.80
2009.08.04 19:04:39.738,0.88695,0.88735,8.20,27.20
2009.08.04 19:04:40.168,0.88695,0.88725,17.80,8.00
2009.08.04 19:04:40.278,0.88695,0.88725,25.80,8.00
2009.08.04 19:04:40.388,0.88695,0.8874,25.80,28.80
2009.08.04 19:04:41.678,0.88695,0.88735,9.80,16.00
2009.08.04 19:04:42.038,0.88695,0.8873,16.00,3.20
2009.08.04 19:04:42.368,0.8869,0.8873,3.20,20.80
2009.08.04 19:04:42.717,0.88685,0.88725,33.80,19.20
2009.08.04 19:04:43.238,0.88685,0.88725,25.80,16.00
2009.08.04 19:04:44.047,0.88685,0.88725,25.80,19.20
2009.08.04 19:04:44.547,0.88685,0.8872,8.00,12.80
2009.08.04 19:04:44.847,0.8869,0.88715,8.00,3.20
2009.08.04 19:04:44.907,0.8868,0.88715,1.60,3.20
2009.08.04 19:04:45.137,0.88685,0.88715,3.20,9.20
2009.08.04 19:04:45.417,0.88685,0.88725,3.20,35.20
2009.08.04 19:04:45.657,0.88685,0.88725,3.20,33.80
2009.08.04 19:04:49.027,0.88685,0.8872,21.00,3.20
2009.08.04 19:04:49.378,0.8868,0.8872,16.20,20.80
2009.08.04 19:04:49.716,0.88675,0.88715,27.20,4.80
2009.08.04 19:04:50.006,0.88675,0.88715,3.20,29.80
2009.08.04 19:04:50.176,0.88675,0.88715,3.20,37.80
2009.08.04 19:04:50.406,0.8867,0.8871,11.20,3.20
2009.08.04 19:04:50.626,0.8867,0.8871,16.20,4.80
2009.08.04 19:04:50.865,0.8867,0.8871,16.20,1.60
2009.08.04 19:04:53.375,0.88675,0.88715,1.60,29.20
2009.08.04 19:04:53.605,0.88675,0.88715,25.80,11.20
2009.08.04 19:04:53.885,0.88675,0.88715,9.80,19.20
2009.08.04 19:04:54.105,0.88675,0.88715,9.80,27.20
2009.08.04 19:04:56.005,0.88675,0.88715,25.80,11.20
2009.08.04 19:04:56.184,0.88675,0.88715,25.80,3.20
2009.08.04 19:04:56.575,0.88675,0.88715,9.80,27.20
2009.08.04 19:04:58.134,0.88675,0.88715,8.20,24.00
2009.08.04 19:04:58.514,0.88685,0.88715,3.20,24.00
2009.08.04 19:04:58.734,0.88685,0.8872,3.20,24.00
2009.08.04 19:04:59.083,0.8868,0.8872,9.80,24.00
2009.08.04 19:04:59.484,0.8868,0.8872,9.80,27.20
2009.08.04 19:04:59.654,0.88675,0.88715,25.80,3.20
2009.08.04 19:04:59.824,0.88675,0.88715,9.80,19.20
2009.08.04 19:04:59.883,0.8868,0.88715,3.20,24.00
2009.08.04 19:05:00.173,0.8867,0.8871,9.80,16.00
2009.08.04 19:05:00.333,0.8867,0.8871,17.80,8.00
2009.08.04 19:05:00.624,0.8867,0.8871,9.80,16.00
2009.08.04 19:05:00.983,0.8867,0.88715,17.80,28.80
2009.08.04 19:05:01.153,0.88675,0.88715,16.00,3.20
2009.08.04 19:05:01.213,0.88675,0.8871,19.20,8.00
2009.08.04 19:05:01.713,0.88685,0.8872,3.20,24.00
2009.08.04 19:05:06.452,0.88685,0.8872,3.20,16.00
2009.08.04 19:05:07.802,0.8869,0.8872,4.80,16.00
2009.08.04 19:05:08.262,0.8869,0.8873,9.80,27.20
2009.08.04 19:05:08.601,0.8869,0.8873,17.80,3.20
2009.08.04 19:05:08.941,0.88695,0.88735,3.20,25.60
2009.08.04 19:05:09.591,0.8869,0.8873,17.80,3.20
2009.08.04 19:05:10.801,0.8869,0.8873,4.80,12.80
2009.08.04 19:05:10.971,0.88695,0.8873,1.60,19.20
2009.08.04 19:05:11.201,0.88705,0.8872,3.20,8.00
2009.08.04 19:05:11.481,0.887,0.8872,3.20,8.00
2009.08.04 19:05:11.581,0.887,0.8874,3.20,25.60
2009.08.04 19:05:16.699,0.88705,0.8874,3.20,24.00
2009.08.04 19:05:17.289,0.88705,0.8874,3.20,16.00
2009.08.04 19:05:18.859,0.88705,0.8874,3.20,17.60
2009.08.04 19:05:19.039,0.88695,0.88735,11.20,9.60
2009.08.04 19:05:19.269,0.88695,0.88735,3.20,17.60
2009.08.04 19:05:19.439,0.88695,0.88735,3.20,25.60
2009.08.04 19:05:20.928,0.887,0.88735,3.20,25.60
2009.08.04 19:05:21.209,0.887,0.88735,3.20,1.60
2009.08.04 19:05:21.959,0.887,0.88735,3.20,17.60
2009.08.04 19:05:27.177,0.88695,0.88735,12.80,9.60
2009.08.04 19:05:27.527,0.88695,0.88735,20.80,1.60
2009.08.04 19:05:27.917,0.887,0.88725,8.00,3.20
2009.08.04 19:05:28.247,0.88685,0.88725,17.60,3.20
2009.08.04 19:05:28.647,0.88695,0.8872,3.20,8.00
2009.08.04 19:05:29.037,0.8869,0.8872,3.20,8.00
2009.08.04 19:05:29.317,0.8869,0.88725,14.60,3.20
2009.08.04 19:05:29.716,0.8869,0.8873,8.00,8.20
2009.08.04 19:05:30.106,0.8869,0.88725,6.60,3.20
2009.08.04 19:05:30.346,0.8869,0.8872,17.80,8.00
2009.08.04 19:05:30.816,0.8869,0.88735,17.80,39.20
2009.08.04 19:05:30.996,0.8869,0.8873,17.80,3.20
2009.08.04 19:05:31.396,0.8869,0.88735,17.80,39.20
2009.08.04 19:05:33.525,0.88695,0.88735,20.80,6.00
2009.08.04 19:05:33.765,0.88695,0.88735,20.80,20.80
2009.08.04 19:05:33.935,0.88695,0.88735,20.80,9.60
2009.08.04 19:05:34.175,0.887,0.8874,1.60,28.80
2009.08.04 19:05:34.385,0.887,0.8874,4.80,25.60
2009.08.04 19:05:34.615,0.887,0.88735,3.20,1.60
2009.08.04 19:05:35.035,0.88695,0.88735,28.80,4.80
2009.08.04 19:05:35.145,0.88695,0.88735,20.80,4.80
2009.08.04 19:05:35.315,0.88695,0.88735,20.80,20.80
2009.08.04 19:05:36.235,0.88695,0.88735,21.60,20.80
2009.08.04 19:05:36.285,0.887,0.88735,1.60,19.20
2009.08.04 19:05:36.405,0.887,0.88735,1.60,16.00
2009.08.04 19:05:36.625,0.887,0.8874,9.60,28.80
2009.08.04 19:05:36.735,0.887,0.8874,12.80,17.60
2009.08.04 19:05:38.964,0.887,0.88735,11.20,1.60
2009.08.04 19:05:40.144,0.88705,0.8874,3.20,18.80
2009.08.04 19:05:40.314,0.88705,0.8874,3.20,17.60
2009.08.04 19:05:42.873,0.8871,0.88735,3.20,8.00
2009.08.04 19:05:43.203,0.8871,0.8875,3.20,28.80
2009.08.04 19:05:45.112,0.8871,0.8875,4.80,27.20
2009.08.04 19:05:45.283,0.88715,0.8875,3.20,16.00
2009.08.04 19:05:45.502,0.88715,0.88755,3.20,35.20
2009.08.04 19:05:45.723,0.8871,0.88745,14.60,3.20
2009.08.04 19:05:46.354,0.8871,0.8875,14.60,3.20
2009.08.04 19:05:47.522,0.8871,0.88745,14.60,3.20
2009.08.04 19:05:50.062,0.88715,0.88755,3.20,33.80
2009.08.04 19:05:51.381,0.8871,0.8875,17.80,3.20
2009.08.04 19:05:54.931,0.8871,0.8875,16.20,4.80
2009.08.04 19:05:54.990,0.8871,0.8875,17.80,3.20
2009.08.04 19:05:55.100,0.8871,0.88755,17.80,35.20
2009.08.04 19:05:55.160,0.8871,0.88755,17.80,33.80
2009.08.04 19:05:55.720,0.8871,0.8875,17.80,3.20
2009.08.04 19:06:02.398,0.8872,0.88755,1.60,29.00
2009.08.04 19:06:02.738,0.8872,0.8876,14.60,11.20
2009.08.04 19:06:03.088,0.8872,0.88765,17.80,34.60
2009.08.04 19:06:03.468,0.8872,0.88755,17.80,8.00
2009.08.04 19:06:03.698,0.8872,0.8876,14.60,3.20
2009.08.04 19:06:12.836,0.88725,0.8876,21.00,3.20
2009.08.04 19:06:13.116,0.8872,0.8876,22.60,3.20
2009.08.04 19:06:13.356,0.88725,0.88765,8.20,32.80
2009.08.04 19:06:13.596,0.8873,0.88765,3.20,9.60
2009.08.04 19:06:13.886,0.8873,0.88765,3.20,1.60
2009.08.04 19:06:18.934,0.8873,0.8877,3.20,32.80
2009.08.04 19:06:19.165,0.8873,0.8876,4.80,8.00
2009.08.04 19:06:19.504,0.8873,0.8877,6.60,28.80
2009.08.04 19:06:20.024,0.88735,0.8877,16.00,4.80
2009.08.04 19:06:20.474,0.88735,0.8877,16.00,3.20
2009.08.04 19:06:20.824,0.88735,0.8877,17.60,3.20
2009.08.04 19:06:21.064,0.88735,0.8877,31.40,3.20
2009.08.04 19:06:21.454,0.88735,0.88775,33.80,19.20
2009.08.04 19:06:21.634,0.88735,0.88775,33.80,3.20
2009.08.04 19:06:21.924,0.88735,0.88775,30.60,3.20
2009.08.04 19:06:23.993,0.88735,0.88775,33.80,3.20
2009.08.04 19:06:24.463,0.8874,0.88775,1.60,3.20
2009.08.04 19:06:26.182,0.88735,0.88775,33.80,3.20
2009.08.04 19:06:26.523,0.8874,0.88775,8.00,3.20
2009.08.04 19:06:27.372,0.88735,0.88775,30.60,3.20
2009.08.04 19:06:27.552,0.8874,0.8878,3.20,20.80
2009.08.04 19:06:28.262,0.88735,0.88775,33.80,3.20
2009.08.04 19:06:32.091,0.88735,0.8877,30.60,3.20
2009.08.04 19:06:32.494,0.88735,0.8877,25.60,3.20
2009.08.04 19:06:32.841,0.88735,0.8877,17.60,3.20
2009.08.04 19:06:33.135,0.88735,0.8877,8.00,17.80
2009.08.04 19:06:33.471,0.8873,0.8877,12.80,44.80
2009.08.04 19:06:33.771,0.8873,0.8877,9.60,28.80
2009.08.04 19:06:34.241,0.8873,0.8877,9.60,20.80
2009.08.04 19:06:34.541,0.88735,0.88775,3.20,31.60
2009.08.04 19:06:34.951,0.88745,0.88765,8.00,3.20
2009.08.04 19:06:35.421,0.88745,0.8877,16.00,3.20
2009.08.04 19:06:37.970,0.88745,0.88775,16.00,4.80
2009.08.04 19:06:38.271,0.8874,0.8877,8.00,4.80
2009.08.04 19:06:38.550,0.88735,0.88765,16.00,1.60
2009.08.04 19:06:38.940,0.88735,0.8876,16.00,3.20
2009.08.04 19:06:40.669,0.88725,0.88765,17.60,4.80
2009.08.04 19:06:40.949,0.8873,0.8875,8.00,3.20
2009.08.04 19:06:42.119,0.8873,0.88765,8.00,3.20
2009.08.04 19:06:44.918,0.88725,0.88765,33.80,3.20
2009.08.04 19:06:45.558,0.8873,0.88765,8.00,3.20
2009.08.04 19:06:48.597,0.8873,0.88765,3.20,1.60
2009.08.04 19:06:48.947,0.88725,0.88765,20.80,1.60
2009.08.04 19:06:49.757,0.88725,0.88765,19.20,1.60
2009.08.04 19:06:49.987,0.88725,0.8876,16.00,3.20
2009.08.04 19:06:50.037,0.88725,0.8876,16.00,4.80
2009.08.04 19:06:54.646,0.8872,0.8876,11.20,20.80
2009.08.04 19:06:54.866,0.8872,0.88755,8.00,3.20
2009.08.04 19:06:55.157,0.88715,0.88755,28.80,3.20
2009.08.04 19:06:55.216,0.88715,0.88755,20.80,3.20
2009.08.04 19:06:55.735,0.88715,0.8876,20.80,28.80
2009.08.04 19:06:55.956,0.8872,0.8876,1.60,30.00
2009.08.04 19:06:56.006,0.8872,0.88755,8.00,4.80
2009.08.04 19:06:56.115,0.8872,0.88755,8.00,3.20
2009.08.04 19:06:56.235,0.88715,0.88755,17.60,3.20
2009.08.04 19:06:56.506,0.88715,0.8875,17.60,3.20
2009.08.04 19:06:56.616,0.8872,0.8875,8.00,3.20
2009.08.04 19:06:56.955,0.88715,0.8875,25.60,3.20
2009.08.04 19:06:57.065,0.88715,0.8875,17.60,3.20
2009.08.04 19:06:57.406,0.8872,0.8876,11.20,30.00
2009.08.04 19:06:57.795,0.8872,0.8876,11.20,20.80
2009.08.04 19:07:03.634,0.887,0.8873,11.20,1.60
2009.08.04 19:07:03.854,0.887,0.8873,8.00,1.60
2009.08.04 19:07:04.136,0.88695,0.8873,27.20,1.60
2009.08.04 19:07:04.314,0.88695,0.8873,19.20,1.60
2009.08.04 19:07:05.293,0.88695,0.88735,19.20,19.60
2009.08.04 19:07:05.393,0.88695,0.88735,19.20,18.80
2009.08.04 19:07:05.453,0.88695,0.88735,19.20,17.60
2009.08.04 19:07:05.633,0.88695,0.8873,8.00,3.20
2009.08.04 19:07:05.693,0.8869,0.88725,27.40,3.20
2009.08.04 19:07:05.813,0.8869,0.8873,27.40,3.20
2009.08.04 19:07:05.973,0.8869,0.8873,27.40,4.80
2009.08.04 19:07:09.782,0.88695,0.88735,19.20,18.40
2009.08.04 19:07:12.292,0.8871,0.88745,3.20,1.60
2009.08.04 19:07:12.753,0.88705,0.8874,30.60,3.20
2009.08.04 19:07:13.282,0.88705,0.8875,25.80,28.80
2009.08.04 19:07:13.571,0.88705,0.8874,22.60,3.20
2009.08.04 19:07:14.621,0.8871,0.8874,6.60,3.20
2009.08.04 19:07:14.681,0.88715,0.8875,3.20,24.00
2009.08.04 19:07:14.741,0.88715,0.8875,3.20,16.00
2009.08.04 19:07:14.791,0.88715,0.8875,3.20,9.60
2009.08.04 19:07:15.091,0.8871,0.8875,3.20,25.60
2009.08.04 19:07:15.151,0.88715,0.8875,4.80,24.00
2009.08.04 19:07:15.201,0.88715,0.8875,9.80,16.00
2009.08.04 19:07:15.261,0.88715,0.8874,9.80,8.00
2009.08.04 19:07:15.381,0.88715,0.88755,17.80,19.20
2009.08.04 19:07:15.601,0.88715,0.88745,25.80,8.00
2009.08.04 19:07:15.721,0.88715,0.88755,25.80,3.20
2009.08.04 19:07:16.061,0.88715,0.8876,25.80,33.80
2009.08.04 19:07:16.241,0.88715,0.88755,25.80,3.20
2009.08.04 19:07:17.391,0.88715,0.88755,20.80,8.20
2009.08.04 19:07:17.620,0.88715,0.88755,4.80,28.20
2009.08.04 19:07:17.860,0.88715,0.88755,3.20,37.80
2009.08.04 19:07:24.249,0.88735,0.8877,3.20,17.60
2009.08.04 19:07:25.178,0.88735,0.88765,3.20,1.60
2009.08.04 19:07:25.400,0.8873,0.88765,11.20,1.60
2009.08.04 19:07:25.578,0.8873,0.88765,3.20,1.60
2009.08.04 19:07:26.878,0.8873,0.8877,3.20,26.40
2009.08.04 19:07:27.118,0.88725,0.88765,24.20,4.80
2009.08.04 19:07:27.398,0.88725,0.8876,19.20,6.60
2009.08.04 19:07:27.918,0.88725,0.8876,12.80,8.00
2009.08.04 19:07:28.328,0.88725,0.88765,9.80,17.60
2009.08.04 19:07:28.508,0.8873,0.88765,3.20,9.60
2009.08.04 19:07:28.748,0.8873,0.88765,3.20,1.60
2009.08.04 19:07:29.088,0.88735,0.8877,3.20,25.60
2009.08.04 19:07:29.618,0.8873,0.8877,16.20,1.60
2009.08.04 19:07:29.967,0.88735,0.8877,8.00,1.60
2009.08.04 19:07:30.197,0.88735,0.88775,16.00,28.80
2009.08.04 19:07:30.307,0.88735,0.88775,16.00,20.80
2009.08.04 19:07:30.707,0.88735,0.88775,20.80,17.60
2009.08.04 19:07:30.827,0.88735,0.88775,20.80,16.00
2009.08.04 19:07:30.947,0.8874,0.88775,3.20,16.00
2009.08.04 19:07:31.127,0.8874,0.8878,3.20,30.00
2009.08.04 19:07:31.297,0.8874,0.8878,3.20,20.80
2009.08.04 19:07:32.907,0.88735,0.88775,28.80,4.80
2009.08.04 19:07:33.248,0.88745,0.8877,8.00,2.40
2009.08.04 19:07:33.607,0.8873,0.88765,11.20,1.60
2009.08.04 19:07:34.118,0.88735,0.8876,8.00,16.00
2009.08.04 19:07:34.686,0.8872,0.8876,8.20,16.00
2009.08.04 19:07:34.806,0.8873,0.8876,3.20,16.00
2009.08.04 19:07:35.076,0.8873,0.8876,8.20,16.00
2009.08.04 19:07:35.246,0.88735,0.8876,5.00,16.00
2009.08.04 19:07:35.426,0.88735,0.88775,21.00,28.80
2009.08.04 19:07:35.586,0.88735,0.88775,24.20,17.60
2009.08.04 19:07:36.966,0.88735,0.8877,21.00,3.20
2009.08.04 19:07:37.245,0.88735,0.8877,16.00,4.80
2009.08.04 19:07:37.586,0.8873,0.8877,16.00,4.80
2009.08.04 19:07:37.915,0.8873,0.8877,16.00,20.80
2009.08.04 19:07:38.206,0.8873,0.8877,8.00,20.80
2009.08.04 19:07:38.912,0.8873,0.8877,13.00,4.80
2009.08.04 19:07:39.205,0.8873,0.8877,14.60,3.20
2009.08.04 19:07:39.495,0.88735,0.88775,8.00,28.80
2009.08.04 19:07:39.605,0.88735,0.88775,16.00,20.80
2009.08.04 19:07:39.895,0.88735,0.88775,8.00,20.80
2009.08.04 19:07:40.015,0.8873,0.88775,25.80,20.80
2009.08.04 19:07:40.305,0.88735,0.88775,8.00,28.80
2009.08.04 19:07:40.535,0.8873,0.88775,17.80,28.80
2009.08.04 19:07:40.805,0.88735,0.88775,16.00,20.80
2009.08.04 19:07:42.185,0.88735,0.88775,8.00,20.80
2009.08.04 19:07:42.724,0.8873,0.88775,17.80,28.80
2009.08.04 19:07:43.064,0.88735,0.88775,19.20,17.60
2009.08.04 19:07:43.394,0.8873,0.88775,25.80,20.80
2009.08.04 19:07:43.964,0.8874,0.88775,3.20,24.00
2009.08.04 19:07:44.434,0.88735,0.88775,33.80,3.20
2009.08.04 19:07:45.114,0.88735,0.88775,33.80,11.20
2009.08.04 19:07:45.393,0.88735,0.88775,33.80,19.20
2009.08.04 19:07:45.834,0.88735,0.88775,20.80,3.20
2009.08.04 19:07:45.954,0.88735,0.88775,27.20,20.80
2009.08.04 19:07:46.063,0.88735,0.88775,16.00,20.80
2009.08.04 19:07:46.353,0.88735,0.88775,8.00,20.80
2009.08.04 19:07:46.473,0.8873,0.88775,25.80,20.80
2009.08.04 19:07:46.583,0.8873,0.88775,17.80,28.80
2009.08.04 19:07:48.473,0.88735,0.88775,16.00,12.80
2009.08.04 19:07:48.653,0.88735,0.88775,16.00,4.80
2009.08.04 19:07:49.173,0.88735,0.88775,8.00,12.80
2009.08.04 19:07:49.532,0.8873,0.88775,17.80,28.80
2009.08.04 19:07:53.432,0.8873,0.88775,25.80,20.80
2009.08.04 19:07:55.871,0.8873,0.88775,17.80,28.80
2009.08.04 19:07:56.491,0.8873,0.8877,13.00,4.80
2009.08.04 19:07:56.601,0.8873,0.88765,8.00,3.20
2009.08.04 19:07:57.171,0.8873,0.88765,9.60,3.20
2009.08.04 19:07:57.681,0.8873,0.8877,12.80,1.60
2009.08.04 19:07:58.901,0.8873,0.88775,12.80,40.00
2009.08.04 19:07:59.250,0.88735,0.88775,19.20,6.00
2009.08.04 19:07:59.310,0.88735,0.88775,19.20,4.80
2009.08.04 19:07:59.540,0.88735,0.88775,24.20,4.80
2009.08.04 19:08:00.060,0.88735,0.8877,21.00,3.20
2009.08.04 19:08:00.680,0.88735,0.8877,16.00,3.20
2009.08.04 19:08:01.130,0.88735,0.8877,21.00,3.20
2009.08.04 19:08:04.701,0.8874,0.88775,8.00,4.80
2009.08.04 19:08:04.809,0.88735,0.8877,29.00,3.20
2009.08.04 19:08:05.239,0.88735,0.8877,21.00,3.20
2009.08.04 19:08:15.216,0.88735,0.8877,22.60,3.20
2009.08.04 19:08:15.456,0.8874,0.8878,5.00,30.00
2009.08.04 19:08:15.517,0.8874,0.88775,13.00,1.60
2009.08.04 19:08:15.636,0.8874,0.88775,8.00,1.60
2009.08.04 19:08:15.816,0.88735,0.88775,24.20,1.60
2009.08.04 19:08:15.926,0.88735,0.8877,21.00,3.20
2009.08.04 19:08:17.536,0.88735,0.8877,22.60,3.20
2009.08.04 19:08:17.716,0.8874,0.88775,5.00,3.20
2009.08.04 19:08:19.426,0.88735,0.88775,8.20,20.80
2009.08.04 19:08:20.006,0.88735,0.88775,5.00,20.80
2009.08.04 19:08:20.685,0.88735,0.8877,5.00,1.60
2009.08.04 19:08:20.905,0.88735,0.88765,5.00,3.20
2009.08.04 19:08:21.235,0.8873,0.88765,16.00,3.20
2009.08.04 19:08:21.465,0.8873,0.88765,22.60,3.20
2009.08.04 19:08:21.745,0.8873,0.88765,6.60,8.00
2009.08.04 19:08:21.985,0.8873,0.8877,6.60,19.20
2009.08.04 19:08:22.685,0.88725,0.88765,29.00,20.80
2009.08.04 19:08:23.085,0.88725,0.88765,29.00,12.80
2009.08.04 19:08:23.435,0.88725,0.88765,29.00,20.80
2009.08.04 19:08:23.944,0.88725,0.88765,21.00,20.80
2009.08.04 19:08:24.574,0.8873,0.8877,6.60,27.20
2009.08.04 19:08:24.695,0.8873,0.8877,6.60,19.20
2009.08.04 19:08:25.094,0.88735,0.8877,8.00,3.20
2009.08.04 19:08:25.324,0.88735,0.8877,16.00,3.20
2009.08.04 19:08:25.724,0.88745,0.8877,8.00,3.20
2009.08.04 19:08:26.124,0.88735,0.8877,8.00,3.20
2009.08.04 19:08:26.354,0.8873,0.8877,21.00,3.20
2009.08.04 19:08:26.524,0.8873,0.8877,5.00,11.20
2009.08.04 19:08:26.934,0.88735,0.8877,5.00,16.00
2009.08.04 19:08:27.154,0.88735,0.8877,5.00,8.00
2009.08.04 19:08:27.334,0.88735,0.88775,5.00,28.80
2009.08.04 19:08:27.674,0.88735,0.8877,5.00,8.00
2009.08.04 19:08:28.004,0.88735,0.88775,5.00,28.80
2009.08.04 19:08:29.303,0.8874,0.8877,5.00,3.20
2009.08.04 19:08:29.693,0.8874,0.8878,5.00,28.80
2009.08.04 19:08:30.263,0.8874,0.88775,5.00,16.00
2009.08.04 19:08:36.292,0.8874,0.88765,8.00,1.60
2009.08.04 19:08:36.461,0.88725,0.88765,3.20,1.60
2009.08.04 19:08:37.041,0.88725,0.8875,3.20,8.00
2009.08.04 19:08:37.161,0.8873,0.8875,13.00,8.00
2009.08.04 19:08:37.331,0.8873,0.8876,13.00,1.20
2009.08.04 19:08:37.441,0.88725,0.88765,32.20,4.80
2009.08.04 19:08:37.801,0.8873,0.88765,13.00,12.80
2009.08.04 19:08:38.141,0.88725,0.88765,24.20,4.80
2009.08.04 19:08:38.491,0.88725,0.88765,8.20,20.80
2009.08.04 19:08:42.440,0.8872,0.8876,17.80,17.60
2009.08.04 19:08:43.610,0.8872,0.8876,8.00,20.80
2009.08.04 19:08:44.079,0.88715,0.8876,25.80,28.80
2009.08.04 19:08:44.981,0.88715,0.8876,24.20,27.20
2009.08.04 19:08:45.089,0.88715,0.8876,25.80,28.80
2009.08.04 19:08:45.319,0.8872,0.8876,8.00,28.80
2009.08.04 19:08:45.429,0.8872,0.8876,8.20,27.20
2009.08.04 19:08:45.539,0.8872,0.88755,13.00,3.20
2009.08.04 19:08:45.889,0.8872,0.8876,16.20,3.20
2009.08.04 19:08:46.459,0.8872,0.8876,16.20,11.20
2009.08.04 19:08:46.629,0.8872,0.8876,16.20,19.20
2009.08.04 19:08:47.169,0.8872,0.8876,17.80,19.20
2009.08.04 19:08:47.449,0.8873,0.88765,5.00,12.80
2009.08.04 19:08:47.689,0.8873,0.88765,5.00,4.80
2009.08.04 19:08:48.349,0.88735,0.88755,8.00,1.60
2009.08.04 19:08:48.768,0.8872,0.8875,16.00,3.20
2009.08.04 19:08:49.048,0.88725,0.8875,8.00,1.60
2009.08.04 19:08:49.108,0.88715,0.8875,3.20,1.60
2009.08.04 19:08:49.548,0.88715,0.8875,3.20,9.60
2009.08.04 19:08:49.778,0.88715,0.8875,3.20,25.60
2009.08.04 19:08:55.447,0.88705,0.8874,20.80,9.20
2009.08.04 19:08:55.737,0.88705,0.8874,21.00,4.80
2009.08.04 19:08:59.446,0.88705,0.8874,3.20,17.60
2009.08.04 19:09:00.086,0.88695,0.88735,32.20,4.80
2009.08.04 19:09:00.376,0.88695,0.88735,9.80,19.20
2009.08.04 19:09:01.765,0.88695,0.88735,8.20,20.80
2009.08.04 19:09:02.055,0.88695,0.8873,8.20,16.00
2009.08.04 19:09:02.345,0.88695,0.8873,16.20,8.00
2009.08.04 19:09:02.455,0.88695,0.88735,24.20,20.80
2009.08.04 19:09:02.805,0.88695,0.88735,8.20,20.80
2009.08.04 19:09:04.005,0.88695,0.88735,9.80,19.20
2009.08.04 19:09:04.335,0.88695,0.88735,6.60,19.20
2009.08.04 19:09:04.796,0.88695,0.8873,22.60,3.20
2009.08.04 19:09:04.905,0.88695,0.8873,6.60,3.20
2009.08.04 19:09:06.904,0.88695,0.8873,22.60,3.20
2009.08.04 19:09:07.014,0.88695,0.8873,14.60,3.20
2009.08.04 19:09:07.074,0.88695,0.8873,6.60,3.20
2009.08.04 19:09:10.073,0.88695,0.88735,9.80,19.20
2009.08.04 19:09:10.313,0.88695,0.88735,17.80,19.20
2009.08.04 19:09:10.433,0.88695,0.88735,25.80,19.20
2009.08.04 19:09:18.961,0.887,0.88735,8.20,16.00
2009.08.04 19:09:19.301,0.88705,0.8874,5.00,20.80
2009.08.04 19:09:19.471,0.887,0.88735,5.00,3.20
2009.08.04 19:09:20.311,0.887,0.88735,5.00,19.20
2009.08.04 19:09:25.500,0.887,0.8874,13.00,28.80
2009.08.04 19:09:25.730,0.887,0.8874,13.00,20.80
2009.08.04 19:09:26.140,0.887,0.88735,5.00,3.20
2009.08.04 19:09:26.200,0.88705,0.88735,5.00,3.20
2009.08.04 19:09:26.429,0.88705,0.8874,5.00,28.80
2009.08.04 19:09:26.949,0.88705,0.88735,5.00,16.00
2009.08.04 19:09:27.359,0.88705,0.8874,5.00,27.20
2009.08.04 19:09:27.529,0.88705,0.88735,5.00,16.00
2009.08.04 19:09:27.639,0.88705,0.8874,5.00,27.20
2009.08.04 19:09:27.939,0.88705,0.8874,5.00,19.20
2009.08.04 19:09:29.970,0.88705,0.8874,5.00,20.80
2009.08.04 19:09:30.318,0.887,0.8874,16.20,20.80
2009.08.04 19:09:30.488,0.887,0.88735,5.00,3.20
2009.08.04 19:09:31.108,0.887,0.88735,5.00,19.20
2009.08.04 19:09:32.888,0.887,0.8873,5.00,1.60
2009.08.04 19:09:33.128,0.887,0.88725,5.00,16.00
2009.08.04 19:09:33.368,0.887,0.88725,5.00,8.00
2009.08.04 19:09:33.648,0.887,0.88735,5.00,19.20
2009.08.04 19:09:37.786,0.887,0.8873,5.00,1.60
2009.08.04 19:09:38.077,0.88695,0.8873,5.00,4.80
2009.08.04 19:09:38.566,0.88695,0.8873,21.00,3.20
2009.08.04 19:09:38.926,0.887,0.88735,5.00,4.80
2009.08.04 19:09:44.075,0.88685,0.8871,8.00,3.20
2009.08.04 19:09:44.185,0.8868,0.8871,9.60,3.20
2009.08.04 19:09:44.545,0.8868,0.8871,1.60,3.20
2009.08.04 19:09:45.565,0.88675,0.8871,25.60,3.20
2009.08.04 19:09:45.866,0.88675,0.8871,9.60,3.20
2009.08.04 19:09:46.275,0.88675,0.8871,1.60,3.20
2009.08.04 19:09:48.694,0.8868,0.88715,1.60,16.00
2009.08.04 19:09:49.034,0.8868,0.8871,9.80,8.00
2009.08.04 19:09:49.324,0.8868,0.8872,8.00,16.20
2009.08.04 19:09:49.734,0.88675,0.8872,33.80,16.20
2009.08.04 19:09:50.014,0.88675,0.8872,25.80,32.20
2009.08.04 19:09:50.234,0.8868,0.8872,5.00,19.20
2009.08.04 19:09:50.444,0.88685,0.88725,16.00,12.40
2009.08.04 19:09:50.623,0.88685,0.88725,16.00,4.40
2009.08.04 19:09:50.843,0.88685,0.88725,16.00,3.20
2009.08.04 19:09:51.004,0.8869,0.88725,1.60,3.20
2009.08.04 19:09:53.373,0.8869,0.88725,9.60,3.20
2009.08.04 19:09:54.063,0.8869,0.88725,1.60,19.20
2009.08.04 19:09:55.662,0.8869,0.88725,13.00,8.00
2009.08.04 19:09:55.893,0.8869,0.8873,5.00,20.80
2009.08.04 19:09:56.002,0.8869,0.8873,8.20,17.60
2009.08.04 19:09:56.222,0.8869,0.8873,9.80,16.00
2009.08.04 19:09:56.342,0.8869,0.8873,9.80,24.00
2009.08.04 19:09:57.922,0.8869,0.8873,8.20,25.60
2009.08.04 19:09:58.152,0.8869,0.8873,6.60,28.80
2009.08.04 19:09:58.392,0.88695,0.88725,3.20,16.00
2009.08.04 19:09:58.971,0.88695,0.88725,3.20,8.00
2009.08.04 19:09:59.432,0.88695,0.8873,3.20,25.60
2009.08.04 19:09:59.661,0.88695,0.8873,3.20,17.60
2009.08.04 19:10:01.021,0.88705,0.88725,3.20,8.00
2009.08.04 19:10:01.251,0.88705,0.8874,3.20,25.60
2009.08.04 19:10:01.531,0.88705,0.8874,3.20,17.60
2009.08.04 19:10:01.761,0.88705,0.8874,3.20,9.60
2009.08.04 19:10:01.821,0.88705,0.8874,3.20,1.60
2009.08.04 19:10:02.171,0.88705,0.8874,3.20,17.60
2009.08.04 19:10:02.731,0.887,0.88735,16.00,3.20
2009.08.04 19:10:03.081,0.887,0.8874,22.60,3.20
2009.08.04 19:10:04.650,0.88705,0.8874,16.00,3.20
2009.08.04 19:10:05.040,0.887,0.88735,16.00,4.80
2009.08.04 19:10:05.160,0.88695,0.8873,21.00,3.20
2009.08.04 19:10:05.390,0.88695,0.8873,21.00,4.80
2009.08.04 19:10:05.500,0.88695,0.8873,16.00,1.60
2009.08.04 19:10:05.560,0.88695,0.8873,16.00,4.80
2009.08.04 19:10:05.860,0.8869,0.88725,22.60,3.20
2009.08.04 19:10:06.090,0.8869,0.88725,9.60,3.20
2009.08.04 19:10:06.540,0.8869,0.88725,1.60,3.20
2009.08.04 19:10:06.980,0.8869,0.8873,1.60,28.80
2009.08.04 19:10:07.200,0.8869,0.88725,1.60,3.20
2009.08.04 19:10:07.609,0.8869,0.8873,3.20,17.60
2009.08.04 19:10:07.889,0.8869,0.8873,14.60,3.20
2009.08.04 19:10:08.219,0.8869,0.8873,17.80,16.00
2009.08.04 19:10:08.569,0.8869,0.8873,16.20,17.60
2009.08.04 19:10:09.649,0.8869,0.8873,12.80,17.60
2009.08.04 19:10:09.879,0.8869,0.88725,1.60,3.20
2009.08.04 19:10:10.449,0.8869,0.88725,9.60,3.20
2009.08.04 19:10:10.678,0.8869,0.88725,8.00,3.20
2009.08.04 19:10:10.909,0.8869,0.8872,8.00,3.20
2009.08.04 19:10:11.128,0.88685,0.8872,17.60,3.20
2009.08.04 19:10:11.659,0.8869,0.8873,9.80,27.20
2009.08.04 19:10:11.769,0.8869,0.8873,17.80,11.20
2009.08.04 19:10:11.948,0.8869,0.8873,17.80,3.20
2009.08.04 19:10:12.408,0.8871,0.88735,1.60,27.20
2009.08.04 19:10:12.638,0.8871,0.88735,6.60,24.00
2009.08.04 19:10:12.978,0.88715,0.8875,1.60,19.20
2009.08.04 19:10:13.308,0.88715,0.8875,1.60,3.20
2009.08.04 19:10:14.128,0.8871,0.88745,2.40,3.20
2009.08.04 19:10:14.708,0.88715,0.8874,8.00,26.40
2009.08.04 19:10:15.038,0.887,0.8873,5.00,3.20
2009.08.04 19:10:15.278,0.88695,0.8874,24.20,28.40
2009.08.04 19:10:15.678,0.88695,0.8874,24.20,27.20
2009.08.04 19:10:16.078,0.88695,0.8874,20.80,27.20
2009.08.04 19:10:16.597,0.887,0.8874,5.00,27.20
2009.08.04 19:10:17.137,0.887,0.8874,16.20,16.00
2009.08.04 19:10:19.747,0.88705,0.8874,1.60,16.00
2009.08.04 19:10:19.917,0.88705,0.8874,9.80,16.00
2009.08.04 19:10:22.067,0.8871,0.8875,14.60,12.80
2009.08.04 19:10:22.186,0.88715,0.8875,3.20,9.60
2009.08.04 19:10:22.406,0.88715,0.88755,3.20,40.00
2009.08.04 19:10:22.756,0.88715,0.88755,3.20,39.20
2009.08.04 19:10:23.096,0.88715,0.88755,11.20,29.80
2009.08.04 19:10:23.456,0.88715,0.88755,3.20,37.80
2009.08.04 19:10:23.926,0.88705,0.88745,25.80,3.20
2009.08.04 19:10:24.806,0.8871,0.8875,3.20,25.80
2009.08.04 19:10:24.865,0.88715,0.8875,6.60,16.00
2009.08.04 19:10:25.105,0.88715,0.8874,14.60,8.00
2009.08.04 19:10:25.225,0.88715,0.88755,22.60,4.40
2009.08.04 19:10:25.515,0.88715,0.88755,21.00,4.80
2009.08.04 19:10:25.635,0.8871,0.8875,25.80,3.20
2009.08.04 19:10:25.805,0.8871,0.8875,17.80,3.20
2009.08.04 19:10:26.315,0.8871,0.8875,16.20,12.80
2009.08.04 19:10:26.485,0.8871,0.8875,8.20,20.80
2009.08.04 19:10:26.985,0.8871,0.8875,5.00,20.80
2009.08.04 19:10:27.105,0.8871,0.88745,5.00,3.20
2009.08.04 19:10:27.215,0.88705,0.88745,22.60,3.20
2009.08.04 19:10:27.485,0.88705,0.88745,30.60,3.20
2009.08.04 19:10:27.605,0.8871,0.88745,5.00,3.20
2009.08.04 19:10:28.295,0.8871,0.8875,8.20,20.80
2009.08.04 19:10:32.174,0.8871,0.88745,5.00,3.20
2009.08.04 19:10:32.853,0.8871,0.8875,9.80,16.00
2009.08.04 19:10:33.233,0.88715,0.8875,8.20,16.00
2009.08.04 19:10:33.593,0.88715,0.88755,8.20,20.80
2009.08.04 19:10:33.943,0.88725,0.88755,3.20,16.00
2009.08.04 19:10:34.463,0.88725,0.8875,3.20,8.00
2009.08.04 19:10:34.583,0.88715,0.88755,17.80,12.80
2009.08.04 19:10:34.873,0.88715,0.88755,8.20,20.80
2009.08.04 19:10:35.863,0.88715,0.88755,6.60,20.80
2009.08.04 19:10:36.303,0.8871,0.8875,9.60,19.20
2009.08.04 19:10:36.763,0.88705,0.88735,24.00,3.20
2009.08.04 19:10:37.063,0.88715,0.88735,8.00,4.80
2009.08.04 19:10:37.442,0.88695,0.88735,16.00,4.80
2009.08.04 19:10:37.962,0.887,0.8872,8.00,3.20
2009.08.04 19:10:38.322,0.8868,0.8872,11.20,3.20
2009.08.04 19:10:42.121,0.8868,0.88715,16.00,13.80
2009.08.04 19:10:42.401,0.8869,0.88715,8.00,21.60
2009.08.04 19:10:42.631,0.88675,0.88705,24.20,8.00
2009.08.04 19:10:42.981,0.8868,0.8871,3.20,8.00
2009.08.04 19:10:43.371,0.8868,0.8872,9.80,17.20
2009.08.04 19:10:43.721,0.88695,0.88715,3.20,9.20
2009.08.04 19:10:44.001,0.88695,0.88715,3.20,8.00
2009.08.04 19:10:44.401,0.88695,0.8873,3.20,17.60
2009.08.04 19:10:45.370,0.88695,0.8873,3.20,16.00
2009.08.04 19:10:45.931,0.8869,0.8873,12.80,20.80
2009.08.04 19:10:46.230,0.8869,0.8873,13.00,4.80
2009.08.04 19:10:46.340,0.8869,0.8873,8.00,20.80
2009.08.04 19:10:46.560,0.88695,0.8873,3.20,16.00
2009.08.04 19:10:46.860,0.88695,0.8873,3.20,1.60
2009.08.04 19:10:47.100,0.88695,0.8873,9.80,16.00
2009.08.04 19:10:47.390,0.88705,0.8873,3.20,8.00
2009.08.04 19:10:47.690,0.88705,0.8874,3.20,16.00
2009.08.04 19:10:47.930,0.88705,0.8874,3.20,17.60
2009.08.04 19:10:48.290,0.887,0.88735,3.20,1.60
2009.08.04 19:10:48.619,0.887,0.8874,3.20,30.80
2009.08.04 19:10:50.299,0.887,0.8874,3.20,36.00
2009.08.04 19:10:50.419,0.88695,0.88735,16.00,20.80
2009.08.04 19:10:50.529,0.88695,0.88735,19.20,17.60
2009.08.04 19:10:50.759,0.88695,0.88735,19.20,9.60
2009.08.04 19:10:50.869,0.88695,0.88735,19.20,1.60
2009.08.04 19:10:51.229,0.88695,0.88735,24.20,1.60
2009.08.04 19:10:51.399,0.88695,0.8874,25.80,35.60
2009.08.04 19:10:51.519,0.887,0.8874,1.60,33.20
2009.08.04 19:10:51.730,0.88705,0.8873,3.20,12.80
2009.08.04 19:10:51.899,0.88705,0.8874,3.20,16.00
2009.08.04 19:10:52.379,0.88705,0.8874,3.20,17.60
2009.08.04 19:10:53.079,0.88705,0.8874,3.20,25.60
2009.08.04 19:10:54.188,0.88705,0.8873,3.20,1.60
2009.08.04 19:10:54.888,0.8869,0.8873,17.60,20.80
2009.08.04 19:10:55.408,0.8868,0.8872,11.20,3.20
2009.08.04 19:10:56.948,0.8869,0.8872,1.00,3.20
2009.08.04 19:10:56.998,0.8869,0.88725,3.20,25.20
2009.08.04 19:10:57.057,0.8869,0.88715,3.20,8.00
2009.08.04 19:10:57.178,0.88685,0.88725,24.20,11.20
2009.08.04 19:10:57.467,0.88685,0.88725,24.20,20.80
2009.08.04 19:10:57.707,0.8868,0.88725,17.80,39.20
2009.08.04 19:10:57.997,0.88685,0.88725,5.00,20.40
2009.08.04 19:10:58.287,0.88685,0.88725,8.20,20.40
2009.08.04 19:10:58.577,0.88685,0.88725,8.20,19.20
2009.08.04 19:10:59.737,0.88685,0.88725,8.20,16.00
2009.08.04 19:11:03.816,0.88695,0.88735,25.80,3.20
2009.08.04 19:11:04.895,0.88695,0.88735,33.80,3.20
2009.08.04 19:11:05.415,0.88695,0.88735,25.80,3.20
2009.08.04 19:11:05.745,0.88695,0.88735,22.60,3.20
2009.08.04 19:11:05.855,0.88695,0.88735,17.60,3.20
2009.08.04 19:11:06.545,0.88695,0.8873,9.60,3.20
2009.08.04 19:11:06.715,0.88695,0.88735,4.80,17.60
2009.08.04 19:11:06.775,0.88695,0.8873,4.80,8.00
2009.08.04 19:11:07.045,0.88695,0.88735,3.20,30.60
2009.08.04 19:11:07.105,0.8869,0.8873,17.80,3.20
2009.08.04 19:11:07.215,0.8869,0.8873,9.80,19.20
2009.08.04 19:11:07.615,0.8869,0.8873,9.80,27.20
2009.08.04 19:11:08.905,0.8869,0.8873,17.80,3.20
2009.08.04 19:11:12.134,0.88695,0.88735,20.80,18.80
2009.08.04 19:11:12.364,0.88695,0.8873,17.60,3.20
2009.08.04 19:11:15.353,0.88695,0.88735,20.80,20.80
2009.08.04 19:11:18.492,0.8869,0.8873,17.80,3.20
2009.08.04 19:11:19.152,0.8869,0.8873,8.20,20.80
2009.08.04 19:11:19.492,0.88685,0.88725,25.80,11.20
2009.08.04 19:11:19.672,0.88685,0.88725,9.80,19.20
2009.08.04 19:11:20.432,0.88685,0.88715,1.60,3.20
2009.08.04 19:11:21.012,0.8868,0.88715,23.40,3.20
2009.08.04 19:11:21.192,0.8868,0.88715,22.60,3.20
2009.08.04 19:11:21.602,0.8868,0.88715,14.60,3.20
2009.08.04 19:11:22.274,0.88685,0.88725,3.20,30.60
2009.08.04 19:11:22.561,0.8869,0.88725,1.60,16.00
2009.08.04 19:11:23.081,0.8869,0.88725,14.60,3.20
2009.08.04 19:11:27.740,0.8869,0.88735,17.80,28.80
2009.08.04 19:11:28.090,0.88695,0.88735,25.80,8.00
2009.08.04 19:11:28.600,0.88695,0.8874,33.80,20.80
2009.08.04 19:11:29.290,0.88695,0.88735,25.60,4.80
2009.08.04 19:11:29.820,0.88695,0.88735,17.60,20.80
2009.08.04 19:11:29.990,0.88695,0.88735,17.60,4.80
2009.08.04 19:11:30.389,0.88695,0.88735,17.60,20.80
2009.08.04 19:11:34.759,0.8869,0.88735,19.20,29.80
2009.08.04 19:11:35.030,0.88695,0.88725,8.00,19.20
2009.08.04 19:11:35.421,0.88685,0.88725,19.20,11.20
2009.08.04 19:11:35.828,0.88685,0.88725,19.20,3.20
2009.08.04 19:11:38.128,0.8869,0.8872,1.60,8.00
2009.08.04 19:11:38.588,0.88685,0.88725,20.80,3.20
2009.08.04 19:11:39.227,0.88685,0.88725,22.60,3.20
2009.08.04 19:11:39.578,0.88685,0.88725,24.20,3.20
2009.08.04 19:11:39.867,0.88685,0.88725,16.00,13.80
2009.08.04 19:11:40.208,0.8868,0.88725,25.80,29.80
2009.08.04 19:11:40.657,0.8868,0.88725,17.80,39.20
2009.08.04 19:11:44.196,0.88685,0.88725,17.60,3.20
2009.08.04 19:11:44.706,0.887,0.8873,3.20,25.60
2009.08.04 19:11:45.096,0.88705,0.8873,3.20,25.60
2009.08.04 19:11:45.726,0.887,0.8873,3.20,17.60
2009.08.04 19:11:46.596,0.887,0.8873,3.20,16.00
2009.08.04 19:11:47.306,0.88705,0.8873,3.20,16.00
2009.08.04 19:11:47.585,0.887,0.8873,3.20,16.00
2009.08.04 19:11:49.835,0.88705,0.8873,3.20,16.00
2009.08.04 19:11:51.255,0.887,0.8873,3.20,16.00
2009.08.04 19:11:52.464,0.88705,0.8873,3.20,16.00
2009.08.04 19:11:55.153,0.8871,0.8873,3.20,16.00
2009.08.04 19:11:55.604,0.887,0.8873,3.20,16.00
2009.08.04 19:11:55.824,0.88705,0.8873,3.20,16.00
2009.08.04 19:11:57.193,0.88705,0.8873,3.20,17.60
2009.08.04 19:11:58.573,0.88695,0.8873,3.20,22.60
2009.08.04 19:11:59.073,0.88695,0.88725,3.20,9.20
2009.08.04 19:11:59.593,0.88695,0.8873,3.20,17.60
2009.08.04 19:12:01.592,0.88705,0.8873,3.20,17.60
2009.08.04 19:12:01.712,0.88695,0.8873,3.20,16.00
2009.08.04 19:12:02.242,0.887,0.88735,3.20,26.80
2009.08.04 19:12:02.352,0.887,0.8873,3.20,16.00
2009.08.04 19:12:03.092,0.887,0.88735,3.20,17.60
2009.08.04 19:12:03.442,0.88705,0.88735,3.20,17.60
2009.08.04 19:12:03.962,0.887,0.88735,3.20,17.60
2009.08.04 19:12:05.341,0.887,0.88735,3.20,16.00
2009.08.04 19:12:05.511,0.88705,0.88735,3.20,16.00
2009.08.04 19:12:05.621,0.88705,0.8874,3.20,31.60
2009.08.04 19:12:05.801,0.88705,0.8874,3.20,26.80
2009.08.04 19:12:06.021,0.88705,0.8874,3.20,25.60
2009.08.04 19:12:18.328,0.88705,0.88735,3.20,17.60
2009.08.04 19:12:21.127,0.88705,0.8873,3.20,8.00
2009.08.04 19:12:21.307,0.887,0.8873,3.20,12.00
2009.08.04 19:12:21.607,0.887,0.8873,3.20,8.00
2009.08.04 19:12:21.717,0.88695,0.8873,3.20,6.60
2009.08.04 19:12:22.117,0.88695,0.8873,3.20,24.00
2009.08.04 19:12:22.237,0.88695,0.88725,3.20,1.60
2009.08.04 19:12:22.417,0.88695,0.88725,3.20,17.60
2009.08.04 19:12:22.587,0.8868,0.88715,23.20,3.20
2009.08.04 19:12:22.757,0.8868,0.88715,17.60,3.20
2009.08.04 19:12:23.117,0.8868,0.88715,9.60,3.20
2009.08.04 19:12:49.681,0.8868,0.8872,12.80,20.80
2009.08.04 19:12:50.030,0.88685,0.8872,11.20,9.60
2009.08.04 19:12:50.430,0.88695,0.8873,3.20,24.00
2009.08.04 19:12:50.610,0.88695,0.88735,3.20,30.00
2009.08.04 19:12:50.790,0.88695,0.88735,3.20,28.80
2009.08.04 19:12:51.200,0.887,0.88735,3.20,24.00
2009.08.04 19:12:51.810,0.887,0.88725,3.20,8.00
2009.08.04 19:12:51.990,0.887,0.8874,3.20,30.60
2009.08.04 19:12:55.169,0.88705,0.8874,3.20,30.60
2009.08.04 19:12:59.098,0.88695,0.8873,1.60,19.20
2009.08.04 19:12:59.378,0.88695,0.8873,4.80,16.00
2009.08.04 19:13:00.558,0.88695,0.8873,4.80,8.00
2009.08.04 19:13:00.788,0.88695,0.88735,4.80,28.80
2009.08.04 19:13:03.377,0.88695,0.88735,4.80,27.20
2009.08.04 19:13:03.707,0.88705,0.88725,3.20,8.00
2009.08.04 19:13:04.057,0.88705,0.8874,3.20,30.60
2009.08.04 19:13:19.254,0.88705,0.8874,3.20,29.00
2009.08.04 19:13:19.593,0.8871,0.8874,3.20,16.00
2009.08.04 19:13:19.823,0.88705,0.8874,21.00,3.20
2009.08.04 19:13:28.321,0.8871,0.88745,3.20,20.00
2009.08.04 19:13:28.841,0.8871,0.88735,3.20,8.00
2009.08.04 19:13:29.191,0.8871,0.8875,3.20,40.00
2009.08.04 19:13:30.221,0.8871,0.8875,3.20,38.60
2009.08.04 19:13:32.280,0.8871,0.8875,3.20,35.40
2009.08.04 19:13:32.510,0.8871,0.8874,4.80,12.80
2009.08.04 19:13:32.910,0.8872,0.8875,3.20,30.40
2009.08.04 19:13:33.430,0.8872,0.8875,3.20,8.00
2009.08.04 19:13:33.770,0.8871,0.8875,14.60,3.20
2009.08.04 19:13:34.270,0.8871,0.8875,14.60,19.20
2009.08.04 19:13:38.408,0.8871,0.8875,13.00,20.80
2009.08.04 19:13:38.819,0.88705,0.88745,25.80,11.20
2009.08.04 19:13:39.159,0.8871,0.8875,3.20,35.40
2009.08.04 19:13:39.518,0.8871,0.88745,3.20,16.00
2009.08.04 19:13:42.778,0.88705,0.88745,20.80,8.20
2009.08.04 19:13:42.898,0.8871,0.8874,3.20,16.80
2009.08.04 19:13:43.418,0.8871,0.8875,3.20,35.40
2009.08.04 19:13:48.536,0.88705,0.88745,20.80,12.20
2009.08.04 19:13:48.876,0.88705,0.88745,4.80,28.20
2009.08.04 19:13:57.094,0.887,0.88735,8.00,4.80
2009.08.04 19:13:57.384,0.887,0.88735,14.60,3.20
2009.08.04 19:13:57.604,0.88705,0.88735,16.00,3.20
2009.08.04 19:13:58.014,0.88705,0.8874,16.00,8.20
2009.08.04 19:13:58.294,0.887,0.8874,14.60,3.20
2009.08.04 19:13:58.564,0.88705,0.8874,16.00,8.20
2009.08.04 19:13:58.854,0.887,0.8874,8.00,9.80
2009.08.04 19:13:59.204,0.887,0.88735,8.00,3.20
2009.08.04 19:14:02.323,0.88685,0.88725,24.20,4.80
2009.08.04 19:14:03.144,0.88685,0.88715,24.20,1.60
2009.08.04 19:14:03.733,0.8868,0.88715,11.20,1.60
2009.08.04 19:14:04.082,0.8868,0.88715,3.20,1.60
2009.08.04 19:14:04.892,0.88675,0.88715,24.20,3.20
2009.08.04 19:14:05.412,0.88675,0.88715,16.20,11.20
2009.08.04 19:14:05.532,0.88675,0.88715,8.20,19.20
2009.08.04 19:14:08.122,0.8868,0.88715,3.20,1.60
2009.08.04 19:14:09.352,0.88675,0.88715,24.20,1.60
2009.08.04 19:14:09.871,0.88675,0.88715,8.20,17.60
2009.08.04 19:14:11.301,0.8867,0.88715,25.80,29.80
2009.08.04 19:14:11.691,0.8867,0.88715,17.80,37.80
2009.08.04 19:14:11.861,0.88675,0.88715,1.60,37.80
2009.08.04 19:14:12.041,0.88675,0.88715,1.60,28.80
2009.08.04 19:14:12.512,0.88675,0.88715,20.80,28.80
2009.08.04 19:14:12.691,0.88675,0.88715,20.80,20.80
2009.08.04 19:14:16.669,0.88675,0.88715,12.80,20.80
2009.08.04 19:14:16.899,0.88675,0.88715,4.80,20.80
2009.08.04 19:14:17.010,0.88675,0.88715,9.80,19.20
2009.08.04 19:14:17.120,0.88685,0.8872,3.20,30.40
2009.08.04 19:14:17.529,0.88685,0.8872,3.20,17.60
2009.08.04 19:14:19.489,0.88675,0.8872,33.80,20.80
2009.08.04 19:14:29.176,0.88675,0.8871,3.20,1.60
2009.08.04 19:14:29.536,0.88665,0.8871,25.80,33.80
2009.08.04 19:14:31.326,0.8867,0.8871,5.00,28.80
2009.08.04 19:14:31.386,0.88675,0.8871,3.20,25.60
2009.08.04 19:14:31.446,0.88675,0.8871,11.20,17.60
2009.08.04 19:14:31.556,0.88675,0.8871,19.20,9.60
2009.08.04 19:14:31.846,0.88675,0.887,20.80,8.00
2009.08.04 19:14:31.966,0.88675,0.8871,20.80,14.00
2009.08.04 19:14:32.026,0.88675,0.88715,20.80,9.60
2009.08.04 19:14:32.136,0.88675,0.88715,20.80,1.60
2009.08.04 19:14:32.776,0.88675,0.88715,20.80,17.60
2009.08.04 19:14:33.697,0.88675,0.88715,12.80,9.60
2009.08.04 19:14:34.086,0.88685,0.88715,3.20,16.00
2009.08.04 19:14:34.435,0.88695,0.8871,3.20,8.00
2009.08.04 19:14:34.955,0.8869,0.8873,3.20,28.80
2009.08.04 19:14:35.525,0.8869,0.8873,17.80,27.20
2009.08.04 19:14:35.995,0.88695,0.8873,9.80,16.00
2009.08.04 19:14:36.286,0.887,0.8873,3.20,16.00
2009.08.04 19:14:36.625,0.887,0.88725,16.20,8.00
2009.08.04 19:14:36.735,0.887,0.8874,16.20,24.00
2009.08.04 19:14:37.324,0.887,0.8874,17.80,22.40
2009.08.04 19:14:38.064,0.887,0.8874,17.80,19.20
2009.08.04 19:14:40.404,0.887,0.8874,16.20,20.80
2009.08.04 19:14:41.684,0.887,0.88735,13.00,4.80
2009.08.04 19:14:41.973,0.88705,0.88735,8.00,20.80
2009.08.04 19:14:42.373,0.8869,0.88735,16.20,28.80
2009.08.04 19:14:44.263,0.88695,0.88735,24.20,12.80
2009.08.04 19:14:44.703,0.88695,0.88735,24.20,4.80
2009.08.04 19:14:46.063,0.887,0.8874,5.00,34.80
2009.08.04 19:14:46.342,0.887,0.8874,13.00,28.80
2009.08.04 19:14:46.912,0.887,0.8874,13.00,20.80
2009.08.04 19:14:48.002,0.887,0.8874,22.60,3.20
2009.08.04 19:14:48.582,0.887,0.8874,21.00,4.80
2009.08.04 19:14:49.022,0.887,0.8874,16.00,9.80
2009.08.04 19:14:49.372,0.887,0.8874,8.00,9.80
2009.08.04 19:14:51.471,0.887,0.8874,9.60,8.20
2009.08.04 19:14:51.831,0.88705,0.88745,3.20,37.80
2009.08.04 19:14:52.311,0.88705,0.88745,11.20,37.80
2009.08.04 19:14:52.372,0.88705,0.88745,19.20,37.80
2009.08.04 19:14:52.711,0.88705,0.88745,19.20,29.80
2009.08.04 19:14:53.331,0.88705,0.88745,20.80,24.20
2009.08.04 19:14:53.551,0.88705,0.88745,20.80,19.20
2009.08.04 19:14:54.091,0.88705,0.88745,20.80,3.20
2009.08.04 19:14:54.450,0.88705,0.88745,28.80,3.20
2009.08.04 19:14:54.960,0.88705,0.88745,27.20,9.80
2009.08.04 19:14:55.250,0.887,0.8874,16.00,9.80
2009.08.04 19:14:55.530,0.887,0.8874,8.00,25.80
2009.08.04 19:14:58.550,0.88695,0.88735,25.80,3.20
2009.08.04 19:15:03.918,0.88695,0.88735,16.00,3.20
2009.08.04 19:15:04.208,0.8869,0.88735,24.20,19.20
2009.08.04 19:15:04.438,0.8869,0.88735,16.20,27.20
2009.08.04 19:15:07.677,0.88695,0.88735,3.20,27.20
2009.08.04 19:15:07.967,0.88695,0.88725,25.80,8.00
2009.08.04 19:15:08.207,0.88695,0.8874,25.80,33.80
2009.08.04 19:15:08.317,0.88695,0.88735,25.80,3.20
2009.08.04 19:15:08.707,0.8869,0.88735,16.20,27.20
2009.08.04 19:15:13.456,0.88695,0.88735,3.20,27.20
2009.08.04 19:15:18.175,0.887,0.8874,14.60,19.20
2009.08.04 19:15:20.145,0.887,0.8874,17.80,19.20
2009.08.04 19:15:24.123,0.887,0.8874,16.20,20.80
2009.08.04 19:15:24.523,0.88705,0.88735,1.60,3.20
2009.08.04 19:15:24.873,0.88705,0.88745,1.60,20.80
2009.08.04 19:15:25.543,0.8871,0.88745,3.20,17.60
2009.08.04 19:15:26.283,0.887,0.88735,21.00,3.20
2009.08.04 19:15:26.613,0.887,0.88735,16.00,3.20
2009.08.04 19:15:26.903,0.887,0.88735,8.00,11.20
2009.08.04 19:15:27.022,0.88695,0.88735,8.00,19.20
2009.08.04 19:15:27.142,0.8869,0.88735,16.20,27.20
2009.08.04 19:15:30.202,0.88695,0.88735,1.60,27.20
2009.08.04 19:15:30.482,0.88695,0.88725,25.80,8.00
2009.08.04 19:15:30.722,0.88695,0.88735,25.80,3.20
2009.08.04 19:15:34.021,0.88695,0.8874,25.80,33.80
2009.08.04 19:15:36.940,0.88695,0.88735,16.00,4.80
2009.08.04 19:15:37.350,0.8869,0.8873,17.80,3.20
2009.08.04 19:15:37.710,0.88695,0.88735,24.20,12.80
2009.08.04 19:15:38.050,0.88695,0.88735,25.80,11.20
2009.08.04 19:15:38.450,0.887,0.8874,13.00,28.80
2009.08.04 19:15:38.790,0.887,0.8874,13.00,20.80
2009.08.04 19:15:42.809,0.88705,0.8874,3.20,22.60
2009.08.04 19:15:43.139,0.88705,0.8874,3.20,24.00
2009.08.04 19:15:43.439,0.88705,0.8874,3.20,17.60
2009.08.04 19:15:43.798,0.887,0.8874,13.00,20.80
2009.08.04 19:15:45.858,0.88705,0.8874,3.20,22.60
2009.08.04 19:15:46.318,0.88705,0.8874,3.20,30.60
2009.08.04 19:15:47.518,0.887,0.8874,3.20,30.60
2009.08.04 19:15:47.578,0.887,0.88735,3.20,16.00
2009.08.04 19:15:54.836,0.88705,0.88725,3.20,8.00
2009.08.04 19:15:55.116,0.88705,0.88725,3.20,16.00
2009.08.04 19:15:56.215,0.88695,0.88725,3.20,16.00
2009.08.04 19:15:56.486,0.88695,0.8872,3.20,16.00
2009.08.04 19:16:00.794,0.88695,0.88735,3.20,28.80
2009.08.04 19:16:04.284,0.8869,0.88725,9.60,3.20
2009.08.04 19:16:04.583,0.8869,0.8873,4.80,18.80
2009.08.04 19:16:04.913,0.88695,0.8873,3.20,26.80
2009.08.04 19:16:05.993,0.88685,0.8872,19.20,1.60
2009.08.04 19:16:06.113,0.88685,0.8872,16.00,4.80
2009.08.04 19:16:06.393,0.8868,0.8872,17.60,3.20
2009.08.04 19:16:06.503,0.88685,0.8872,3.20,14.80
2009.08.04 19:16:06.563,0.88685,0.8872,11.20,14.80
2009.08.04 19:16:06.843,0.88685,0.8872,16.00,1.60
2009.08.04 19:16:09.122,0.8868,0.88715,11.20,1.60
2009.08.04 19:16:09.622,0.88675,0.88715,25.80,4.80
2009.08.04 19:16:10.442,0.88675,0.8871,17.60,3.20
2009.08.04 19:16:12.922,0.88675,0.88715,17.60,20.80
2009.08.04 19:16:15.511,0.88675,0.88715,9.60,20.80
2009.08.04 19:16:15.861,0.88675,0.88715,1.60,20.80
2009.08.04 19:16:16.481,0.88675,0.8871,1.60,3.20
2009.08.04 19:16:17.860,0.88675,0.8871,6.60,3.20
2009.08.04 19:16:18.080,0.88685,0.8871,3.20,8.00
2009.08.04 19:16:18.301,0.88685,0.8872,3.20,25.60
2009.08.04 19:16:18.530,0.88685,0.8872,3.20,17.60
2009.08.04 19:16:22.869,0.8869,0.88725,3.20,25.60
2009.08.04 19:16:23.109,0.8868,0.88725,25.80,20.80
2009.08.04 19:16:23.689,0.8868,0.8872,25.80,3.20
2009.08.04 19:16:23.969,0.8868,0.88725,25.80,20.80
2009.08.04 19:16:25.118,0.8868,0.8872,24.20,1.60
2009.08.04 19:16:25.519,0.8868,0.8872,11.20,20.80
2009.08.04 19:16:25.758,0.8868,0.8872,3.20,20.80
2009.08.04 19:16:26.448,0.88675,0.88715,33.80,3.20
2009.08.04 19:16:26.558,0.88685,0.8872,3.20,17.60
2009.08.04 19:16:27.348,0.8868,0.8872,3.20,17.60
2009.08.04 19:16:27.888,0.8868,0.8872,4.80,16.00
2009.08.04 19:16:28.238,0.88675,0.88715,31.40,3.20
2009.08.04 19:16:28.478,0.88675,0.88715,1.60,19.20
2009.08.04 19:16:37.336,0.88675,0.88715,1.60,20.80
2009.08.04 19:16:37.626,0.8867,0.8871,26.60,8.00
2009.08.04 19:16:37.676,0.8867,0.88705,17.60,3.20
2009.08.04 19:16:38.126,0.8867,0.88705,1.60,3.20
2009.08.04 19:16:38.425,0.8867,0.887,1.60,3.20
2009.08.04 19:16:39.495,0.88665,0.887,23.40,3.20
2009.08.04 19:16:39.716,0.88665,0.88705,22.60,3.20
2009.08.04 19:16:40.125,0.88665,0.887,22.60,3.20
2009.08.04 19:16:45.554,0.88665,0.88705,22.60,3.20
2009.08.04 19:16:45.734,0.8866,0.887,17.80,3.20
2009.08.04 19:16:47.173,0.8866,0.887,16.20,4.80
2009.08.04 19:16:47.333,0.8866,0.887,11.20,4.80
2009.08.04 19:16:47.383,0.8866,0.88695,8.00,3.20
2009.08.04 19:16:47.843,0.8866,0.8868,8.00,3.20
2009.08.04 19:16:48.073,0.8866,0.8868,6.60,3.20
2009.08.04 19:16:48.423,0.8866,0.88695,6.60,3.20
2009.08.04 19:16:48.773,0.8866,0.88695,14.60,3.20
2009.08.04 19:16:49.233,0.8866,0.887,14.60,3.20
2009.08.04 19:16:49.513,0.8866,0.88695,14.60,3.20
2009.08.04 19:16:50.313,0.8866,0.8869,14.60,3.20
2009.08.04 19:16:50.603,0.8866,0.88685,8.00,3.20
2009.08.04 19:16:50.962,0.8864,0.88675,1.60,3.20
2009.08.04 19:16:51.302,0.8863,0.8867,6.60,19.20
2009.08.04 19:16:51.783,0.8863,0.8867,5.00,20.80
2009.08.04 19:16:52.022,0.88625,0.8867,10.60,20.80
2009.08.04 19:16:54.241,0.88625,0.88665,6.60,19.20
2009.08.04 19:16:54.632,0.8863,0.88665,1.60,8.00
2009.08.04 19:16:54.871,0.88625,0.88665,9.80,17.60
2009.08.04 19:16:55.111,0.88625,0.88665,9.80,16.00
2009.08.04 19:16:55.341,0.8863,0.88665,9.80,16.00
2009.08.04 19:16:55.611,0.8863,0.8867,9.80,17.60
2009.08.04 19:16:56.131,0.88625,0.8867,10.60,20.80
2009.08.04 19:16:56.301,0.88625,0.8867,9.80,20.80
2009.08.04 19:16:56.651,0.88625,0.88665,9.80,17.60
2009.08.04 19:16:56.821,0.88625,0.88665,9.80,25.60
2009.08.04 19:16:57.111,0.88625,0.88665,9.80,17.60
2009.08.04 19:16:57.281,0.8862,0.8866,22.60,3.20
2009.08.04 19:16:57.781,0.8862,0.8866,14.60,3.20
2009.08.04 19:16:59.540,0.88625,0.88665,3.20,28.80
2009.08.04 19:17:00.110,0.88625,0.88665,3.20,29.60
2009.08.04 19:17:00.390,0.8862,0.8866,12.80,3.20
2009.08.04 19:17:00.660,0.88625,0.88665,14.60,28.40
2009.08.04 19:17:01.120,0.88625,0.88665,19.20,1.60
2009.08.04 19:17:01.520,0.88625,0.8867,20.80,36.00
2009.08.04 19:17:01.690,0.88625,0.8867,20.80,35.20
2009.08.04 19:17:02.020,0.88625,0.8867,25.80,28.80
2009.08.04 19:17:02.190,0.8863,0.8867,11.20,17.60
2009.08.04 19:17:04.299,0.88625,0.8866,27.20,1.60
2009.08.04 19:17:04.470,0.88635,0.8866,8.00,20.80
2009.08.04 19:17:04.759,0.8862,0.8866,11.20,20.80
2009.08.04 19:17:08.298,0.8863,0.8866,3.20,16.00
2009.08.04 19:17:08.828,0.88625,0.88655,25.80,8.00
2009.08.04 19:17:09.179,0.88625,0.8866,33.80,1.00
2009.08.04 19:17:09.528,0.88625,0.88665,33.80,3.20
2009.08.04 19:17:09.918,0.88625,0.88665,27.20,4.80
2009.08.04 19:17:10.498,0.88625,0.88665,19.20,4.80
2009.08.04 19:17:14.017,0.88625,0.8866,16.00,3.20
2009.08.04 19:17:20.165,0.8862,0.8866,24.20,4.80
2009.08.04 19:17:20.385,0.8862,0.88655,16.00,3.20
2009.08.04 19:17:20.495,0.8862,0.88655,8.00,3.20
2009.08.04 19:17:20.775,0.88615,0.88655,33.80,3.20
2009.08.04 19:17:23.824,0.8862,0.88655,8.00,3.20
2009.08.04 19:17:24.674,0.8862,0.88655,8.00,16.20
2009.08.04 19:17:25.024,0.88625,0.8865,8.00,4.80
2009.08.04 19:17:25.374,0.8861,0.8865,11.20,1.60
2009.08.04 19:17:27.484,0.8861,0.88645,8.00,3.20
2009.08.04 19:17:31.562,0.8861,0.88645,8.00,4.80
2009.08.04 19:17:31.853,0.88605,0.88645,33.80,4.80
2009.08.04 19:17:32.302,0.88605,0.88645,25.80,4.80
2009.08.04 19:17:35.002,0.8861,0.88645,8.00,4.80
2009.08.04 19:17:35.301,0.88605,0.88645,33.80,4.80
2009.08.04 19:17:35.632,0.88605,0.88645,25.80,4.80
2009.08.04 19:17:36.971,0.8861,0.88645,9.60,3.20
2009.08.04 19:17:37.471,0.8861,0.8865,12.80,12.80
2009.08.04 19:17:37.801,0.8861,0.8865,12.80,4.80
2009.08.04 19:17:38.301,0.88615,0.88645,11.20,8.00
2009.08.04 19:17:38.831,0.88615,0.88655,19.20,20.80
2009.08.04 19:17:45.969,0.88615,0.88655,16.00,20.80
2009.08.04 19:17:46.199,0.88615,0.8865,16.00,3.20
2009.08.04 19:17:47.239,0.88615,0.8865,16.00,4.80
2009.08.04 19:17:47.579,0.88615,0.88645,17.60,3.20
2009.08.04 19:17:47.989,0.88615,0.88655,2.40,20.80
2009.08.04 19:17:48.459,0.88615,0.88655,18.40,3.20
2009.08.04 19:17:48.519,0.88615,0.88655,21.60,27.20
2009.08.04 19:17:48.579,0.88615,0.88655,21.60,19.20
2009.08.04 19:17:49.858,0.88615,0.88655,13.60,19.20
2009.08.04 19:17:50.198,0.88615,0.88655,5.60,19.20
2009.08.04 19:17:53.558,0.88615,0.88655,4.80,19.20
2009.08.04 19:17:53.917,0.88615,0.88655,20.80,3.20
2009.08.04 19:17:55.297,0.8862,0.88655,1.60,3.20
2009.08.04 19:18:02.116,0.88625,0.8866,19.20,1.60
2009.08.04 19:18:02.965,0.88625,0.8866,3.20,1.60
2009.08.04 19:18:03.435,0.8862,0.8866,24.20,1.60
2009.08.04 19:18:03.725,0.8862,0.8866,16.20,17.60
2009.08.04 19:18:04.075,0.8862,0.8866,17.80,16.00
2009.08.04 19:18:05.954,0.8862,0.88665,17.80,28.80
2009.08.04 19:18:06.005,0.8862,0.88665,25.80,20.80
2009.08.04 19:18:10.653,0.8863,0.88665,8.00,3.20
2009.08.04 19:18:14.143,0.8863,0.8867,9.60,20.80
2009.08.04 19:18:15.552,0.8863,0.88665,8.00,4.80
2009.08.04 19:18:15.842,0.88625,0.8866,27.20,1.60
2009.08.04 19:18:16.082,0.8862,0.88655,17.60,3.20
2009.08.04 19:18:16.362,0.8862,0.88655,9.60,3.20
2009.08.04 19:18:16.532,0.8862,0.88655,1.60,3.20
2009.08.04 19:18:17.891,0.8862,0.8866,1.60,20.80
2009.08.04 19:18:18.002,0.8862,0.8866,4.80,20.80
2009.08.04 19:18:18.062,0.88625,0.8866,1.60,19.20
2009.08.04 19:18:18.292,0.8862,0.8866,9.80,20.80
2009.08.04 19:18:18.352,0.8862,0.8866,12.80,4.80
2009.08.04 19:18:18.521,0.8862,0.8866,1.60,20.80
2009.08.04 19:18:29.748,0.88625,0.88665,20.80,19.20
2009.08.04 19:18:32.978,0.88625,0.88665,20.80,11.20
2009.08.04 19:18:33.038,0.88625,0.88665,20.80,3.20
2009.08.04 19:18:33.448,0.88625,0.88665,20.80,11.20
2009.08.04 19:18:33.507,0.88625,0.88665,20.80,19.20
2009.08.04 19:18:34.507,0.8863,0.8867,4.80,28.40
2009.08.04 19:18:34.857,0.8863,0.8867,12.80,19.20
2009.08.04 19:18:36.577,0.8863,0.8867,4.80,19.20
2009.08.04 19:18:37.626,0.88625,0.88665,33.80,3.20
2009.08.04 19:18:37.787,0.88625,0.88665,20.80,11.20
2009.08.04 19:18:38.007,0.88625,0.88665,4.80,19.20
2009.08.04 19:18:38.067,0.88625,0.88665,4.80,27.20
2009.08.04 19:18:38.356,0.88625,0.8866,4.80,16.00
2009.08.04 19:18:41.686,0.88645,0.8866,1.60,16.00
2009.08.04 19:18:41.856,0.88645,0.8866,4.80,16.00
2009.08.04 19:18:42.026,0.88645,0.8866,1.00,16.00
2009.08.04 19:18:42.145,0.88635,0.8866,8.00,8.00
2009.08.04 19:18:42.266,0.88625,0.8866,14.60,16.00
2009.08.04 19:18:42.375,0.88625,0.88665,6.60,27.20
2009.08.04 19:18:42.435,0.88625,0.88665,6.60,19.20
2009.08.04 19:18:47.034,0.88635,0.88665,3.20,16.00
2009.08.04 19:18:47.374,0.8863,0.88665,3.20,16.00
2009.08.04 19:18:47.484,0.88635,0.88665,3.20,16.00
2009.08.04 19:18:47.784,0.8863,0.88665,3.20,16.00
2009.08.04 19:19:01.261,0.8863,0.88665,3.20,8.00
2009.08.04 19:19:01.321,0.8863,0.8867,3.20,27.20
2009.08.04 19:19:01.491,0.8863,0.8867,3.20,19.20
2009.08.04 19:19:04.740,0.88635,0.8867,3.20,16.00
2009.08.04 19:19:05.150,0.88625,0.88665,30.60,3.20
2009.08.04 19:19:05.431,0.88635,0.8867,1.60,16.00
2009.08.04 19:19:05.720,0.88635,0.88675,4.80,27.20
2009.08.04 19:19:08.479,0.88635,0.88675,4.80,31.20
2009.08.04 19:19:08.769,0.88635,0.88675,4.80,36.20
2009.08.04 19:19:15.647,0.88635,0.8867,1.60,3.20
2009.08.04 19:19:15.977,0.88635,0.8867,1.60,19.20
2009.08.04 19:19:18.577,0.88635,0.8867,1.60,3.20
2009.08.04 19:19:18.967,0.8864,0.88675,3.20,25.00
2009.08.04 19:19:19.486,0.8863,0.8867,17.60,16.20
2009.08.04 19:19:19.897,0.8863,0.88665,1.60,3.20
2009.08.04 19:19:29.624,0.88635,0.88665,3.20,16.00
2009.08.04 19:19:29.854,0.8863,0.88665,1.60,3.20
2009.08.04 19:19:36.202,0.8863,0.8865,1.60,3.20
2009.08.04 19:19:38.122,0.88625,0.8865,31.40,3.20
2009.08.04 19:19:38.182,0.88625,0.8865,30.60,3.20
2009.08.04 19:19:38.403,0.88625,0.88645,9.60,3.20
2009.08.04 19:19:38.512,0.88625,0.8865,1.60,3.20
2009.08.04 19:19:43.721,0.8862,0.8865,15.40,3.20
2009.08.04 19:19:44.051,0.8862,0.88645,14.60,3.20
2009.08.04 19:19:44.331,0.8862,0.88655,1.60,3.20
2009.08.04 19:19:46.590,0.88615,0.8864,30.60,3.20
2009.08.04 19:19:46.820,0.88615,0.88655,30.60,3.20
2009.08.04 19:19:47.350,0.88615,0.88655,22.60,3.20
2009.08.04 19:19:48.390,0.8861,0.8864,16.00,3.20
2009.08.04 19:19:48.620,0.8862,0.8863,8.00,3.20
2009.08.04 19:19:49.029,0.88605,0.8863,17.60,3.20
2009.08.04 19:19:49.529,0.88605,0.88625,17.60,3.20
2009.08.04 19:19:52.429,0.8861,0.8863,8.00,3.20
2009.08.04 19:19:52.719,0.8861,0.8863,9.60,3.20
2009.08.04 19:19:53.059,0.88615,0.8863,16.00,3.20
2009.08.04 19:20:00.147,0.88615,0.88635,17.60,3.20
2009.08.04 19:20:00.657,0.8861,0.8863,22.60,3.20
2009.08.04 19:20:00.877,0.8861,0.8863,14.60,3.20
2009.08.04 19:20:04.336,0.8861,0.88635,14.60,3.20
2009.08.04 19:20:09.195,0.8861,0.88635,22.60,3.20
2009.08.04 19:20:09.534,0.8861,0.88635,14.60,3.20
2009.08.04 19:20:09.874,0.88615,0.8864,1.60,3.20
2009.08.04 19:20:10.614,0.88615,0.8864,17.60,3.20
2009.08.04 19:20:24.121,0.8862,0.88645,1.60,3.20
2009.08.04 19:20:24.521,0.88625,0.88645,5.00,3.20
2009.08.04 19:20:24.851,0.8863,0.8865,1.60,3.20
2009.08.04 19:20:25.371,0.88625,0.8865,21.00,3.20
2009.08.04 19:20:25.871,0.8864,0.8865,8.00,3.20
2009.08.04 19:20:26.091,0.88625,0.8865,29.00,3.20
2009.08.04 19:20:30.819,0.88625,0.88645,24.00,3.20
2009.08.04 19:20:31.100,0.88635,0.88645,8.00,3.20
2009.08.04 19:20:31.509,0.8862,0.88645,8.00,3.20
2009.08.04 19:20:32.889,0.8862,0.8864,16.00,3.20
2009.08.04 19:20:33.129,0.8862,0.8864,17.60,3.20
2009.08.04 19:20:33.709,0.8862,0.8864,9.60,3.20
2009.08.04 19:20:36.058,0.8862,0.8864,8.00,3.20
2009.08.04 19:20:36.278,0.8862,0.8864,16.00,3.20
2009.08.04 19:20:44.146,0.8862,0.8864,8.00,3.20
2009.08.04 19:20:44.436,0.8862,0.8864,16.00,3.20
2009.08.04 19:20:44.836,0.88625,0.88645,5.00,3.20
2009.08.04 19:20:44.956,0.88625,0.88645,21.00,3.20
2009.08.04 19:20:45.197,0.88625,0.8865,21.00,3.20
2009.08.04 19:20:45.256,0.88625,0.88655,21.00,3.20
2009.08.04 19:20:45.496,0.88625,0.88655,29.00,3.20
2009.08.04 19:20:45.786,0.88625,0.88655,21.00,3.20
2009.08.04 19:20:46.116,0.88625,0.88655,30.60,3.20
2009.08.04 19:20:55.314,0.88635,0.88655,1.60,3.20
2009.08.04 19:20:56.243,0.8863,0.8865,9.60,3.20
2009.08.04 19:20:56.303,0.8863,0.8865,1.60,3.20
2009.08.04 19:20:56.763,0.8863,0.88655,1.60,3.20
2009.08.04 19:20:57.283,0.88625,0.88655,30.60,3.20
2009.08.04 19:20:58.174,0.8863,0.88655,1.60,3.20
2009.08.04 19:20:59.453,0.8863,0.88655,9.60,3.20
2009.08.04 19:21:00.032,0.8863,0.88655,1.60,3.20
2009.08.04 19:21:00.772,0.88625,0.8865,26.40,3.20
2009.08.04 19:21:01.233,0.88625,0.88655,22.60,3.20
2009.08.04 19:21:01.762,0.88625,0.88655,29.00,3.20
2009.08.04 19:21:01.882,0.8863,0.88655,14.60,3.20
2009.08.04 19:21:02.112,0.8863,0.88655,22.60,3.20
2009.08.04 19:21:06.241,0.88635,0.8866,17.60,3.20
2009.08.04 19:21:06.541,0.88635,0.8866,22.60,3.20
2009.08.04 19:21:13.059,0.8864,0.8866,5.00,3.20
2009.08.04 19:21:13.289,0.8864,0.8866,13.00,3.20
2009.08.04 19:21:13.470,0.8864,0.8866,14.60,3.20
2009.08.04 19:21:31.475,0.88655,0.8867,1.60,3.20
2009.08.04 19:21:31.655,0.88655,0.88675,1.60,3.20
2009.08.04 19:21:31.935,0.88655,0.8868,1.60,3.20
2009.08.04 19:21:32.255,0.88655,0.88685,17.60,3.20
2009.08.04 19:21:32.315,0.8866,0.88685,9.60,3.20
2009.08.04 19:21:32.785,0.8866,0.88685,8.00,3.20
2009.08.04 19:21:42.962,0.88655,0.88685,29.00,3.20
2009.08.04 19:21:43.522,0.88655,0.88685,30.60,3.20
2009.08.04 19:21:43.972,0.88655,0.8868,8.00,3.20
2009.08.04 19:21:44.272,0.8865,0.8868,22.60,3.20
2009.08.04 19:21:44.672,0.8865,0.8868,14.60,3.20
2009.08.04 19:21:45.012,0.8865,0.8868,6.60,3.20
2009.08.04 19:21:45.352,0.8866,0.8869,6.60,3.20
2009.08.04 19:21:46.841,0.88665,0.887,3.20,16.00
2009.08.04 19:21:52.120,0.88665,0.887,3.20,8.00
2009.08.04 19:21:52.300,0.88665,0.88705,3.20,17.60
2009.08.04 19:21:58.648,0.8866,0.8869,22.60,3.20
2009.08.04 19:21:59.049,0.8866,0.8869,17.60,3.20
2009.08.04 19:21:59.278,0.8866,0.88675,17.60,3.20
2009.08.04 19:21:59.458,0.8866,0.88675,9.60,3.20
2009.08.04 19:21:59.688,0.8866,0.88675,8.00,3.20
2009.08.04 19:22:03.987,0.8866,0.8868,8.00,3.20
2009.08.04 19:22:12.065,0.8866,0.8868,9.60,3.20
2009.08.04 19:22:15.694,0.8866,0.887,17.80,3.20
2009.08.04 19:22:15.864,0.8866,0.887,25.80,3.20
2009.08.04 19:22:19.583,0.8866,0.887,19.20,4.80
2009.08.04 19:22:19.913,0.8866,0.887,11.20,12.80
2009.08.04 19:22:19.973,0.88665,0.887,3.20,1.60
2009.08.04 19:22:24.392,0.88675,0.88705,3.20,18.80
2009.08.04 19:22:24.733,0.88675,0.88705,3.20,1.60
2009.08.04 19:22:29.541,0.88665,0.88705,4.80,24.20
2009.08.04 19:22:30.061,0.88675,0.8871,3.20,30.60
2009.08.04 19:22:33.430,0.88675,0.8871,3.20,29.00
2009.08.04 19:22:33.780,0.88675,0.8871,4.80,24.00
2009.08.04 19:22:34.010,0.8868,0.887,3.20,8.00
2009.08.04 19:22:34.241,0.88675,0.88715,11.20,29.80
2009.08.04 19:22:34.580,0.88675,0.88715,3.20,37.80
2009.08.04 19:22:40.888,0.8868,0.8871,4.80,8.00
2009.08.04 19:22:40.948,0.8868,0.8871,18.60,8.00
2009.08.04 19:22:41.298,0.8868,0.8872,17.80,3.20
2009.08.04 19:22:41.698,0.8868,0.8872,18.60,3.20
2009.08.04 19:22:42.048,0.8869,0.88715,1.60,8.00
2009.08.04 19:22:42.398,0.8869,0.88715,9.80,8.00
2009.08.04 19:22:42.668,0.88695,0.88735,3.20,33.80
2009.08.04 19:22:43.068,0.88695,0.88735,3.20,25.80
2009.08.04 19:22:44.007,0.887,0.88725,5.00,3.20
2009.08.04 19:22:46.847,0.887,0.8873,12.80,3.20
2009.08.04 19:22:47.188,0.8871,0.8874,8.00,3.20
2009.08.04 19:22:47.537,0.88705,0.8874,29.00,3.20
2009.08.04 19:22:47.886,0.88705,0.8873,21.00,3.20
2009.08.04 19:22:47.947,0.88715,0.8873,8.00,3.20
2009.08.04 19:22:48.116,0.88715,0.8873,16.00,3.20
2009.08.04 19:22:48.346,0.8872,0.8873,8.00,3.20
2009.08.04 19:22:48.566,0.88705,0.8873,21.00,3.20
2009.08.04 19:22:50.536,0.8871,0.8874,13.00,3.20
2009.08.04 19:22:50.926,0.88715,0.88745,22.60,3.20
2009.08.04 19:22:51.036,0.8872,0.88745,1.60,3.20
2009.08.04 19:22:51.556,0.88725,0.8875,16.00,3.20
2009.08.04 19:22:51.785,0.88725,0.88745,16.00,3.20
2009.08.04 19:22:52.875,0.8872,0.88745,21.00,3.20
2009.08.04 19:22:52.935,0.8872,0.8874,16.00,3.20
2009.08.04 19:22:53.197,0.8873,0.8874,8.00,3.20
2009.08.04 19:22:53.485,0.88715,0.8874,30.60,3.20
2009.08.04 19:22:53.885,0.88725,0.8874,8.00,3.20
2009.08.04 19:22:54.225,0.8871,0.8873,22.60,3.20
2009.08.04 19:22:55.035,0.8871,0.8873,14.60,3.20
2009.08.04 19:22:57.594,0.8871,0.8873,8.00,3.20
2009.08.04 19:22:57.826,0.88705,0.8873,22.60,3.20
2009.08.04 19:23:02.213,0.88705,0.8873,17.60,3.20
2009.08.04 19:23:02.453,0.88705,0.8873,22.60,3.20
2009.08.04 19:23:05.132,0.8871,0.88735,13.00,3.20
2009.08.04 19:23:07.262,0.8871,0.8873,8.00,3.20
2009.08.04 19:23:07.542,0.8871,0.88735,8.00,3.20
2009.08.04 19:23:07.602,0.88705,0.88735,17.60,3.20
2009.08.04 19:23:07.942,0.88705,0.8873,17.60,3.20
2009.08.04 19:23:08.292,0.88705,0.8873,16.00,3.20
2009.08.04 19:23:08.761,0.887,0.8873,17.60,3.20
2009.08.04 19:23:08.981,0.887,0.8873,9.60,3.20
2009.08.04 19:23:13.280,0.88705,0.8873,1.60,3.20
2009.08.04 19:23:14.020,0.88705,0.8873,17.60,3.20
2009.08.04 19:23:15.510,0.88705,0.8873,25.60,3.20
2009.08.04 19:23:16.519,0.8871,0.8873,1.60,3.20
2009.08.04 19:23:16.629,0.8871,0.88735,1.60,3.20
2009.08.04 19:23:16.929,0.8871,0.88735,8.00,3.20
2009.08.04 19:23:17.250,0.8871,0.8874,8.00,3.20
2009.08.04 19:23:17.309,0.8871,0.8874,16.00,3.20
2009.08.04 19:23:17.699,0.8872,0.8874,8.00,3.20
2009.08.04 19:23:17.819,0.88705,0.8874,24.00,3.20
2009.08.04 19:23:20.139,0.8871,0.8874,1.60,3.20
2009.08.04 19:23:20.589,0.8871,0.88735,1.60,3.20
2009.08.04 19:23:20.818,0.8871,0.88735,9.60,3.20
2009.08.04 19:23:21.219,0.8871,0.88735,17.60,3.20
2009.08.04 19:23:24.318,0.8871,0.88735,9.60,3.20
2009.08.04 19:23:24.668,0.8871,0.88735,17.60,3.20
2009.08.04 19:23:27.277,0.8873,0.88755,1.60,20.40
2009.08.04 19:23:27.777,0.8873,0.8876,1.60,27.20
2009.08.04 19:23:27.827,0.88735,0.8876,1.60,3.20
2009.08.04 19:23:28.127,0.88735,0.8876,16.00,3.20
2009.08.04 19:23:28.177,0.88735,0.88755,16.00,3.20
2009.08.04 19:23:28.237,0.8873,0.88755,16.00,3.20
2009.08.04 19:23:28.867,0.8873,0.8875,8.00,3.20
2009.08.04 19:23:29.536,0.8872,0.88745,8.00,3.20
2009.08.04 19:23:34.165,0.8871,0.88735,9.60,3.20
2009.08.04 19:23:34.566,0.8871,0.88735,5.00,3.20
2009.08.04 19:23:34.966,0.8871,0.8874,5.00,3.20
2009.08.04 19:23:35.595,0.8871,0.8874,21.00,3.20
2009.08.04 19:23:36.765,0.8872,0.8874,1.60,3.20
2009.08.04 19:23:38.644,0.88715,0.8874,26.40,3.20
2009.08.04 19:23:38.934,0.88715,0.8874,25.60,3.20
2009.08.04 19:23:39.054,0.88715,0.8874,17.60,3.20
2009.08.04 19:23:40.494,0.88715,0.8874,16.00,3.20
2009.08.04 19:23:40.714,0.88715,0.88735,9.60,3.20
2009.08.04 19:23:40.934,0.88715,0.88735,1.60,3.20
2009.08.04 19:23:41.713,0.8871,0.88735,16.00,3.20
2009.08.04 19:23:41.953,0.8871,0.8873,8.00,3.20
2009.08.04 19:23:42.054,0.88705,0.8873,24.00,3.20
2009.08.04 19:23:42.633,0.8871,0.8873,8.00,3.20
2009.08.04 19:23:42.753,0.8871,0.88735,8.00,3.20
2009.08.04 19:23:44.173,0.88705,0.8873,24.00,3.20
2009.08.04 19:23:45.932,0.88705,0.8873,16.00,3.20
2009.08.04 19:23:46.562,0.88705,0.8873,24.00,3.20
2009.08.04 19:23:47.872,0.88715,0.88725,8.00,3.20
2009.08.04 19:23:48.102,0.887,0.88725,8.00,3.20
2009.08.04 19:23:54.280,0.88695,0.8872,16.00,3.20
2009.08.04 19:23:57.510,0.8869,0.8871,14.60,3.20
2009.08.04 19:23:57.910,0.8869,0.88715,14.60,3.20
2009.08.04 19:23:58.490,0.8869,0.88715,13.00,3.20
2009.08.04 19:23:58.779,0.8869,0.8871,13.00,3.20
2009.08.04 19:23:58.839,0.8869,0.8871,5.00,3.20
2009.08.04 19:24:01.519,0.8869,0.88705,5.00,3.20
2009.08.04 19:24:02.078,0.88685,0.88705,29.00,3.20
2009.08.04 19:24:02.369,0.88685,0.887,13.00,3.20
2009.08.04 19:24:02.489,0.88685,0.88705,5.00,3.20
2009.08.04 19:24:02.729,0.88685,0.887,5.00,3.20
2009.08.04 19:24:03.808,0.88695,0.88715,5.00,3.20
2009.08.04 19:24:04.838,0.88695,0.88735,5.00,28.80
2009.08.04 19:24:05.178,0.88695,0.8872,5.00,1.60
2009.08.04 19:24:05.578,0.88695,0.8872,5.00,16.00
2009.08.04 19:24:05.978,0.88695,0.88715,5.00,8.00
2009.08.04 19:24:06.198,0.88695,0.88735,5.00,28.80
2009.08.04 19:24:10.546,0.88695,0.88735,9.80,24.00
2009.08.04 19:24:10.836,0.88695,0.88735,9.80,27.20
2009.08.04 19:24:11.296,0.88695,0.88735,17.80,19.20
2009.08.04 19:24:11.596,0.887,0.88735,5.00,3.20
2009.08.04 19:24:11.986,0.88695,0.8874,25.80,28.80
2009.08.04 19:24:12.436,0.88695,0.88735,25.80,3.20
2009.08.04 19:24:12.836,0.887,0.88735,8.00,3.20
2009.08.04 19:24:13.586,0.887,0.8874,8.00,20.80
2009.08.04 19:24:14.436,0.887,0.8874,8.00,25.80
2009.08.04 19:24:16.485,0.887,0.88735,9.60,8.00
2009.08.04 19:24:16.765,0.887,0.8874,17.80,20.80
2009.08.04 19:24:18.125,0.887,0.8874,14.60,20.80
2009.08.04 19:24:18.684,0.88705,0.8874,1.60,19.20
2009.08.04 19:24:19.024,0.88705,0.8874,9.80,16.00
2009.08.04 19:24:19.304,0.88705,0.88735,1.60,3.20
2009.08.04 19:24:19.704,0.88705,0.8874,1.60,19.20
2009.08.04 19:24:21.434,0.88705,0.88725,1.60,3.20
2009.08.04 19:24:21.904,0.88705,0.8872,1.60,3.20
2009.08.04 19:24:22.124,0.88695,0.8872,22.60,3.20
2009.08.04 19:24:25.333,0.88695,0.8872,8.00,3.20
2009.08.04 19:24:25.733,0.8869,0.88725,19.40,3.20
2009.08.04 19:24:26.083,0.8869,0.88725,14.60,3.20
2009.08.04 19:24:26.603,0.8869,0.88715,8.00,3.20
2009.08.04 19:24:26.943,0.88685,0.88715,30.60,3.20
2009.08.04 19:24:32.021,0.8869,0.8871,6.60,3.20
2009.08.04 19:24:32.541,0.887,0.88715,1.60,3.20
2009.08.04 19:24:32.781,0.887,0.88735,9.80,24.00
2009.08.04 19:24:33.061,0.887,0.88725,17.80,8.00
2009.08.04 19:24:33.341,0.887,0.8874,17.80,19.20
2009.08.04 19:24:35.820,0.88695,0.88725,20.80,5.00
2009.08.04 19:24:51.077,0.88695,0.88725,19.20,5.00
2009.08.04 19:24:51.427,0.8869,0.8872,28.80,5.00
2009.08.04 19:24:51.776,0.8869,0.8872,17.60,5.00
2009.08.04 19:24:54.886,0.8869,0.8872,12.80,5.00
2009.08.04 19:25:00.205,0.8869,0.8872,8.00,5.00
2009.08.04 19:25:00.615,0.88685,0.88715,12.80,5.00
2009.08.04 19:25:01.074,0.88685,0.8871,3.20,5.00
2009.08.04 19:25:01.534,0.8868,0.8871,8.00,9.00
2009.08.04 19:25:06.823,0.88685,0.8871,3.20,9.00
2009.08.04 19:25:07.163,0.88685,0.88715,4.80,5.00
2009.08.04 19:25:08.083,0.88685,0.88715,12.80,5.00
2009.08.04 19:25:08.473,0.8869,0.88715,3.20,5.00
2009.08.04 19:25:14.811,0.88705,0.88735,27.20,5.00
2009.08.04 19:25:15.211,0.88705,0.88735,19.20,5.00
2009.08.04 19:25:16.730,0.88705,0.8873,16.00,9.00
2009.08.04 19:25:17.111,0.887,0.8873,16.00,9.00
2009.08.04 19:25:17.350,0.887,0.8873,17.60,9.00
2009.08.04 19:25:17.470,0.88705,0.88735,3.20,5.00
2009.08.04 19:25:23.379,0.88695,0.8872,24.00,5.00
2009.08.04 19:25:23.739,0.88695,0.8872,16.00,5.00
2009.08.04 19:25:27.378,0.8869,0.8872,22.40,5.00
2009.08.04 19:25:27.618,0.8869,0.88715,22.40,5.00
2009.08.04 19:25:28.018,0.8869,0.88715,9.60,5.00
2009.08.04 19:25:29.767,0.88695,0.88715,8.00,5.00
2009.08.04 19:25:30.227,0.88695,0.8872,19.20,5.00
2009.08.04 19:25:31.647,0.88695,0.8873,19.20,13.20
2009.08.04 19:25:32.107,0.8871,0.8873,3.20,17.00
2009.08.04 19:25:32.577,0.8871,0.88735,3.20,8.00
2009.08.04 19:25:32.927,0.8871,0.88745,3.20,13.00
2009.08.04 19:25:33.787,0.8871,0.88735,3.20,5.00
2009.08.04 19:25:34.146,0.88715,0.88745,16.00,9.20
2009.08.04 19:25:34.477,0.88715,0.8875,24.00,17.00
2009.08.04 19:25:35.356,0.88715,0.8875,24.00,12.00
2009.08.04 19:25:35.696,0.8872,0.8875,3.20,8.00
2009.08.04 19:25:35.996,0.8872,0.8875,8.00,8.00
2009.08.04 19:25:36.326,0.88725,0.8876,17.60,17.00
2009.08.04 19:25:37.565,0.88725,0.8876,17.60,18.40
2009.08.04 19:25:40.885,0.88725,0.8876,17.60,17.00
2009.08.04 19:25:41.585,0.88725,0.8876,17.60,18.40
2009.08.04 19:25:41.995,0.88725,0.8876,1.60,18.40
2009.08.04 19:25:42.165,0.88725,0.88755,1.60,8.00
2009.08.04 19:25:42.495,0.88725,0.8876,17.60,17.00
2009.08.04 19:25:44.674,0.88725,0.88755,17.60,5.00
2009.08.04 19:25:52.782,0.88725,0.88755,1.60,14.40
2009.08.04 19:25:53.122,0.88725,0.8875,16.00,9.00
2009.08.04 19:25:53.452,0.8872,0.88745,16.00,5.00
2009.08.04 19:25:53.632,0.88715,0.88745,28.80,5.00
2009.08.04 19:25:53.802,0.8872,0.88745,12.80,5.00
2009.08.04 19:25:54.141,0.8873,0.88745,8.00,5.00
2009.08.04 19:25:54.312,0.8872,0.88745,4.80,5.00
2009.08.04 19:25:54.371,0.8872,0.8875,12.80,9.00
2009.08.04 19:25:54.711,0.8872,0.8875,20.80,9.00
2009.08.04 19:25:55.183,0.88725,0.88755,12.80,5.00
2009.08.04 19:25:55.471,0.88725,0.8875,3.20,9.00
2009.08.04 19:25:55.811,0.8873,0.8874,8.00,9.00
2009.08.04 19:25:56.171,0.88715,0.8874,17.60,9.00
2009.08.04 19:25:56.511,0.88715,0.8874,16.00,9.00
2009.08.04 19:25:57.041,0.88715,0.8874,17.60,9.00
2009.08.04 19:26:02.760,0.88715,0.8875,19.20,18.40
2009.08.04 19:26:03.049,0.88715,0.8875,19.20,17.00
2009.08.04 19:26:05.439,0.88715,0.8875,3.20,17.00
2009.08.04 19:26:10.938,0.88715,0.8874,1.60,9.00
2009.08.04 19:26:12.058,0.88715,0.8874,9.60,9.00
2009.08.04 19:26:12.117,0.88715,0.8874,17.60,9.00
2009.08.04 19:26:16.746,0.88715,0.8874,19.20,4.00
2009.08.04 19:26:17.256,0.88715,0.8875,19.20,17.00
2009.08.04 19:26:18.506,0.88715,0.8875,19.20,18.40
2009.08.04 19:26:18.616,0.88715,0.88745,16.00,3.20
2009.08.04 19:26:40.261,0.88725,0.88745,16.00,8.20
2009.08.04 19:26:40.620,0.8872,0.88745,8.00,5.00
2009.08.04 19:26:49.138,0.8872,0.88745,9.60,5.00
2009.08.04 19:26:52.277,0.8872,0.8875,14.40,8.20
2009.08.04 19:26:52.608,0.8872,0.8875,22.40,8.20
2009.08.04 19:26:54.217,0.8872,0.8875,25.60,8.20
2009.08.04 19:26:55.917,0.88725,0.8875,1.60,8.20
2009.08.04 19:26:56.247,0.88725,0.88755,1.60,8.20
2009.08.04 19:26:58.286,0.88725,0.88755,17.60,8.20
2009.08.04 19:26:59.676,0.88725,0.8875,16.00,3.20
2009.08.04 19:27:00.076,0.88725,0.88755,1.60,12.20
2009.08.04 19:27:00.426,0.88725,0.88755,9.60,8.20
2009.08.04 19:27:00.715,0.88725,0.88755,1.60,8.20
2009.08.04 19:27:01.126,0.8872,0.8875,6.40,8.20
2009.08.04 19:27:01.415,0.8872,0.8875,17.60,8.20
2009.08.04 19:27:01.765,0.8872,0.8875,9.60,8.20
2009.08.04 19:27:01.935,0.8872,0.8875,8.00,8.20
2009.08.04 19:27:02.275,0.8872,0.8874,8.00,8.20
2009.08.04 19:27:02.505,0.8871,0.88735,14.40,3.20
2009.08.04 19:27:02.855,0.8871,0.88745,14.40,8.20
2009.08.04 19:27:03.085,0.8871,0.88745,22.40,8.20
2009.08.04 19:27:05.555,0.88715,0.88745,17.60,8.20
2009.08.04 19:27:05.734,0.88715,0.88745,17.60,5.00
2009.08.04 19:27:06.254,0.88715,0.88745,16.00,5.00
2009.08.04 19:27:06.484,0.8872,0.8874,1.60,3.20
2009.08.04 19:27:06.764,0.88715,0.8874,1.60,3.20
2009.08.04 19:27:07.124,0.8872,0.88745,1.60,3.20
2009.08.04 19:27:07.424,0.88715,0.88745,25.60,3.20
2009.08.04 19:27:07.664,0.88715,0.88745,17.60,3.20
2009.08.04 19:27:07.894,0.88715,0.8875,17.60,8.20
2009.08.04 19:27:08.134,0.88715,0.8875,25.60,8.20
2009.08.04 19:27:08.404,0.8872,0.8875,1.60,8.20
2009.08.04 19:27:08.754,0.8872,0.8875,1.60,3.20
2009.08.04 19:27:08.874,0.88715,0.8874,25.60,3.20
2009.08.04 19:27:10.943,0.88715,0.88735,25.60,3.20
2009.08.04 19:27:11.933,0.88715,0.88735,17.60,3.20
2009.08.04 19:27:13.302,0.88715,0.88735,16.00,3.20
2009.08.04 19:27:13.513,0.88715,0.88735,17.60,3.20
2009.08.04 19:27:14.012,0.88715,0.88735,25.60,3.20
2009.08.04 19:27:19.641,0.88715,0.88735,24.00,3.20
2009.08.04 19:27:19.971,0.88715,0.88745,24.00,8.20
2009.08.04 19:27:20.261,0.88715,0.8874,16.00,12.20
2009.08.04 19:27:20.651,0.8871,0.8874,16.00,12.20
2009.08.04 19:27:21.001,0.8871,0.88735,8.00,3.20
2009.08.04 19:27:24.430,0.8871,0.8874,11.20,9.00
2009.08.04 19:27:34.458,0.8871,0.8874,12.80,9.00
2009.08.04 19:27:34.758,0.8871,0.8874,12.80,4.00
2009.08.04 19:27:35.287,0.88715,0.88745,19.20,5.00
2009.08.04 19:27:35.857,0.8872,0.88745,1.60,5.00
2009.08.04 19:27:36.207,0.8872,0.8875,8.00,9.00
2009.08.04 19:27:37.087,0.88715,0.8875,28.80,9.00
2009.08.04 19:27:37.317,0.88715,0.8875,20.80,17.00
2009.08.04 19:27:39.656,0.88715,0.88745,16.00,5.00
2009.08.04 19:27:40.186,0.88715,0.88745,19.20,5.00
2009.08.04 19:27:40.246,0.88715,0.88745,16.00,5.00
2009.08.04 19:27:40.476,0.88715,0.8875,20.80,17.00
2009.08.04 19:27:40.587,0.88715,0.88745,19.20,5.00
2009.08.04 19:27:40.826,0.88715,0.8874,19.20,5.00
2009.08.04 19:27:40.946,0.88715,0.8874,16.00,9.00
2009.08.04 19:27:41.126,0.88715,0.8874,8.00,9.00
2009.08.04 19:27:41.686,0.8871,0.88735,8.00,5.00
2009.08.04 19:27:42.035,0.88705,0.88735,16.00,5.00
2009.08.04 19:27:42.716,0.88705,0.88735,17.60,5.00
2009.08.04 19:27:43.006,0.88705,0.88735,16.00,5.00
2009.08.04 19:27:43.655,0.887,0.88735,25.60,5.00
2009.08.04 19:27:43.945,0.887,0.88735,17.60,13.00
2009.08.04 19:27:44.225,0.88705,0.88735,3.20,13.00
2009.08.04 19:27:44.455,0.88705,0.88735,19.20,13.00
2009.08.04 19:27:44.515,0.88705,0.88735,19.20,5.00
2009.08.04 19:27:47.574,0.8871,0.8874,1.60,13.20
2009.08.04 19:27:47.815,0.88715,0.8874,8.00,9.20
2009.08.04 19:27:47.874,0.88715,0.88745,16.00,6.40
2009.08.04 19:27:47.994,0.88715,0.88745,16.00,5.00
2009.08.04 19:27:48.274,0.88715,0.88745,17.60,5.00
2009.08.04 19:27:48.454,0.88715,0.88745,16.00,5.00
2009.08.04 19:27:49.274,0.88715,0.8875,17.60,21.60
2009.08.04 19:27:49.564,0.88715,0.88745,16.00,5.00
2009.08.04 19:27:56.142,0.8871,0.8874,11.20,9.00
2009.08.04 19:27:56.442,0.8871,0.8874,8.00,9.00
2009.08.04 19:27:56.722,0.8871,0.8874,11.20,9.00
2009.08.04 19:27:57.472,0.8871,0.8874,11.20,5.00
2009.08.04 19:27:57.702,0.8871,0.8874,19.20,9.00
2009.08.04 19:27:57.932,0.8871,0.8874,19.20,5.00
2009.08.04 19:27:58.162,0.8871,0.8874,11.20,9.00
2009.08.04 19:27:58.622,0.8871,0.88745,12.80,14.40
2009.08.04 19:27:58.792,0.8871,0.88745,20.80,5.00
2009.08.04 19:28:01.221,0.8871,0.8874,11.20,9.00
2009.08.04 19:28:06.910,0.88715,0.88745,19.20,5.00
2009.08.04 19:28:07.189,0.8872,0.88745,1.60,13.00
2009.08.04 19:28:07.479,0.8872,0.88745,8.00,8.00
2009.08.04 19:28:07.750,0.8872,0.88745,8.00,5.00
2009.08.04 19:28:07.929,0.88715,0.88745,19.20,5.00
2009.08.04 19:28:09.639,0.88715,0.88745,3.20,5.00
2009.08.04 19:28:09.909,0.88715,0.88745,19.20,5.00
2009.08.04 19:28:10.139,0.88715,0.88745,16.00,13.00
2009.08.04 19:28:10.419,0.88715,0.88745,17.60,5.00
2009.08.04 19:28:10.659,0.88715,0.8875,17.60,20.20
2009.08.04 19:28:11.168,0.88715,0.8875,20.80,17.00
2009.08.04 19:28:11.858,0.88715,0.88745,19.20,1.60
2009.08.04 19:28:11.968,0.88715,0.8874,11.20,9.00
2009.08.04 19:28:12.238,0.88715,0.8874,3.20,9.00
2009.08.04 19:28:12.348,0.88715,0.8874,3.20,17.00
2009.08.04 19:28:12.678,0.8871,0.8874,3.20,17.00
2009.08.04 19:28:14.348,0.88705,0.88735,16.00,5.00
2009.08.04 19:28:14.588,0.88705,0.8874,3.20,20.80
2009.08.04 19:28:14.828,0.88705,0.88735,19.20,5.00
2009.08.04 19:28:15.238,0.8871,0.8874,3.20,18.40
2009.08.04 19:28:15.358,0.88705,0.8874,20.80,17.00
2009.08.04 19:28:15.647,0.8871,0.8874,3.20,17.00
2009.08.04 19:28:17.857,0.8871,0.88735,3.20,8.00
2009.08.04 19:28:18.257,0.8871,0.88735,3.20,13.00
2009.08.04 19:28:18.437,0.88705,0.88735,16.00,13.00
2009.08.04 19:28:18.789,0.887,0.88735,20.80,5.00
2009.08.04 19:28:18.907,0.887,0.88735,12.80,13.00
2009.08.04 19:28:19.436,0.887,0.88735,12.80,14.40
2009.08.04 19:28:20.236,0.887,0.88725,9.60,3.20
2009.08.04 19:28:20.347,0.887,0.88725,8.00,3.20
2009.08.04 19:28:20.516,0.88695,0.88725,25.60,3.20
2009.08.04 19:28:20.796,0.88695,0.8873,26.40,8.20
2009.08.04 19:28:20.856,0.88695,0.8873,25.60,8.20
2009.08.04 19:28:21.197,0.887,0.8873,9.60,3.20
2009.08.04 19:28:21.716,0.887,0.88725,1.60,3.20
2009.08.04 19:28:22.056,0.887,0.88725,9.60,3.20
2009.08.04 19:28:22.386,0.88705,0.88735,17.60,3.20
2009.08.04 19:28:24.575,0.88705,0.8874,17.60,8.20
2009.08.04 19:28:24.805,0.88705,0.88735,17.60,3.20
2009.08.04 19:28:25.205,0.88705,0.88735,25.60,3.20
2009.08.04 19:28:25.835,0.88705,0.88735,17.60,3.20
2009.08.04 19:28:27.805,0.88705,0.8874,17.60,20.20
2009.08.04 19:28:27.915,0.88705,0.88735,25.60,3.20
2009.08.04 19:28:28.325,0.88705,0.88735,9.60,3.20
2009.08.04 19:28:28.384,0.88705,0.88735,17.60,3.20
2009.08.04 19:28:30.514,0.88705,0.88735,25.60,3.20
2009.08.04 19:28:30.974,0.88705,0.88735,17.60,3.20
2009.08.04 19:28:36.662,0.88705,0.88725,1.60,3.20
2009.08.04 19:28:37.012,0.8871,0.88735,1.60,3.20
2009.08.04 19:28:37.692,0.8871,0.88725,1.60,3.20
2009.08.04 19:28:37.812,0.88705,0.88725,17.60,3.20
2009.08.04 19:28:37.922,0.88705,0.88725,1.60,3.20
2009.08.04 19:28:43.931,0.887,0.88725,18.40,3.20
2009.08.04 19:28:44.051,0.887,0.88725,17.60,3.20
2009.08.04 19:28:44.231,0.8871,0.88725,1.60,3.20
2009.08.04 19:28:44.291,0.8871,0.88735,1.60,7.20
2009.08.04 19:28:44.400,0.8871,0.88735,1.60,3.20
2009.08.04 19:28:46.850,0.88705,0.88735,16.80,3.20
2009.08.04 19:28:47.370,0.887,0.88725,17.60,3.20
2009.08.04 19:28:47.660,0.887,0.88725,9.60,3.20
2009.08.04 19:28:47.990,0.887,0.88725,1.60,3.20
2009.08.04 19:28:48.100,0.887,0.88725,9.60,3.20
2009.08.04 19:28:48.859,0.887,0.88725,1.60,3.20
2009.08.04 19:28:50.409,0.88705,0.88725,16.00,3.20
2009.08.04 19:28:50.859,0.887,0.88725,9.60,3.20
2009.08.04 19:28:51.259,0.88695,0.8872,25.60,3.20
2009.08.04 19:28:51.599,0.88695,0.8872,17.60,3.20
2009.08.04 19:28:51.939,0.88695,0.8872,1.60,3.20
2009.08.04 19:28:52.289,0.88695,0.88725,1.60,3.20
2009.08.04 19:28:52.559,0.88695,0.88715,1.60,3.20
2009.08.04 19:28:54.408,0.8869,0.88715,2.40,3.20
2009.08.04 19:28:54.818,0.8869,0.88715,1.60,3.20
2009.08.04 19:28:55.208,0.8869,0.8871,1.60,3.20
2009.08.04 19:28:56.078,0.8869,0.88715,1.60,3.20
2009.08.04 19:28:57.308,0.8869,0.88705,9.60,3.20
2009.08.04 19:28:57.598,0.8869,0.88705,1.60,3.20
2009.08.04 19:28:58.857,0.8869,0.8871,1.60,3.20
2009.08.04 19:28:58.977,0.88695,0.88725,1.60,3.20
2009.08.04 19:28:59.267,0.8869,0.8872,9.60,8.00
2009.08.04 19:28:59.427,0.8869,0.88715,17.60,3.20
2009.08.04 19:28:59.907,0.8869,0.88715,9.60,3.20
2009.08.04 19:29:01.597,0.8869,0.8873,9.60,8.20
2009.08.04 19:29:01.956,0.88695,0.8873,16.00,8.20
2009.08.04 19:29:06.765,0.887,0.8873,1.60,17.00
2009.08.04 19:29:07.105,0.88695,0.88725,25.60,3.20
2009.08.04 19:29:07.445,0.88695,0.8873,1.60,8.20
2009.08.04 19:29:07.775,0.88695,0.8873,17.60,8.20
2009.08.04 19:29:12.064,0.8869,0.8872,9.60,3.20
2009.08.04 19:29:13.274,0.8869,0.8872,8.00,3.20
2009.08.04 19:29:13.394,0.88695,0.88715,1.60,3.20
2009.08.04 19:29:13.864,0.88685,0.88715,25.60,3.20
2009.08.04 19:29:14.154,0.88685,0.88715,17.60,3.20
2009.08.04 19:29:15.193,0.88685,0.88715,25.60,3.20
2009.08.04 19:29:15.483,0.88685,0.88715,17.60,3.20
2009.08.04 19:29:15.653,0.8869,0.88715,8.00,3.20
2009.08.04 19:29:20.762,0.88685,0.88715,1.60,19.20
2009.08.04 19:29:24.731,0.88695,0.8872,1.60,19.20
2009.08.04 19:29:24.841,0.887,0.8872,1.60,19.20
2009.08.04 19:29:25.192,0.88705,0.8872,3.20,16.00
2009.08.04 19:29:25.421,0.88695,0.88725,4.80,16.00
2009.08.04 19:29:25.940,0.88695,0.88725,3.20,5.00
2009.08.04 19:29:26.301,0.8869,0.88725,8.00,13.00
2009.08.04 19:29:26.650,0.88685,0.8872,28.80,9.00
2009.08.04 19:29:26.980,0.88695,0.8872,3.20,17.00
2009.08.04 19:29:31.809,0.8868,0.8872,9.60,8.20
2009.08.04 19:29:36.598,0.88695,0.8872,3.20,17.00
2009.08.04 19:29:37.538,0.8869,0.8872,3.20,17.00
2009.08.04 19:29:38.507,0.88695,0.8872,3.20,17.00
2009.08.04 19:29:38.837,0.88695,0.8872,3.20,8.00
2009.08.04 19:29:39.387,0.88695,0.88725,3.20,13.00
2009.08.04 19:29:41.277,0.88695,0.8872,3.20,4.00
2009.08.04 19:29:43.036,0.88695,0.88725,4.80,8.00
2009.08.04 19:29:49.895,0.88695,0.8872,1.60,3.20
2009.08.04 19:29:54.164,0.887,0.8872,1.60,3.20
2009.08.04 19:29:54.574,0.887,0.88725,1.60,3.20
2009.08.04 19:29:56.373,0.88695,0.88725,18.40,3.20
2009.08.04 19:29:56.603,0.88695,0.88725,17.60,3.20
2009.08.04 19:29:56.943,0.88695,0.8872,17.60,3.20
2009.08.04 19:29:57.623,0.88695,0.8872,1.60,3.20
2009.08.04 19:30:06.331,0.8869,0.8872,9.60,3.20
2009.08.04 19:30:08.080,0.8869,0.8872,1.60,3.20
2009.08.04 19:30:08.140,0.887,0.8872,1.60,3.20
2009.08.04 19:30:08.551,0.887,0.88725,1.60,3.20
2009.08.04 19:30:09.251,0.88695,0.8872,16.00,3.20
2009.08.04 19:30:09.710,0.8869,0.8872,17.60,3.20
2009.08.04 19:30:09.930,0.8869,0.8872,9.60,3.20
2009.08.04 19:30:10.630,0.8869,0.8872,1.60,3.20
2009.08.04 19:30:14.299,0.887,0.88715,1.60,3.20
2009.08.04 19:30:14.780,0.88695,0.8873,2.40,8.20
2009.08.04 19:30:14.999,0.88695,0.88725,25.60,5.00
2009.08.04 19:30:15.289,0.88695,0.88725,1.60,5.00
2009.08.04 19:30:15.878,0.88695,0.8872,1.60,4.00
2009.08.04 19:30:16.109,0.88695,0.8872,1.60,9.00
2009.08.04 19:30:18.048,0.8869,0.88715,18.40,3.20
2009.08.04 19:30:18.218,0.8869,0.88715,17.60,3.20
2009.08.04 19:30:18.568,0.8869,0.88715,9.60,3.20
2009.08.04 19:30:23.197,0.88695,0.8872,9.60,3.20
2009.08.04 19:30:23.487,0.8871,0.8873,1.60,8.20
2009.08.04 19:30:23.767,0.8871,0.8873,1.60,3.20
2009.08.04 19:30:28.985,0.88705,0.8873,25.60,3.20
2009.08.04 19:30:31.785,0.88705,0.8873,25.60,8.20
2009.08.04 19:30:32.005,0.88705,0.8873,25.60,3.20
2009.08.04 19:30:32.396,0.88705,0.8873,17.60,3.20
2009.08.04 19:30:32.624,0.8871,0.88735,1.60,3.20
2009.08.04 19:30:32.865,0.8871,0.8873,1.60,3.20
2009.08.04 19:30:33.045,0.8871,0.88735,1.60,8.20
2009.08.04 19:30:33.164,0.88705,0.88735,17.60,3.20
2009.08.04 19:30:33.624,0.88705,0.88735,25.60,3.20
2009.08.04 19:30:41.265,0.8871,0.88735,1.60,3.20
2009.08.04 19:30:41.743,0.8871,0.88735,9.60,3.20
2009.08.04 19:30:42.202,0.8871,0.8874,9.60,3.20
2009.08.04 19:30:44.732,0.8871,0.88745,9.60,16.20
2009.08.04 19:30:45.141,0.8871,0.8874,9.60,3.20
2009.08.04 19:30:47.151,0.8871,0.88745,9.60,16.20
2009.08.04 19:30:47.491,0.8871,0.8874,9.60,3.20
2009.08.04 19:30:47.601,0.8871,0.88735,9.60,3.20
2009.08.04 19:30:47.831,0.8871,0.88735,8.00,3.20
2009.08.04 19:30:48.121,0.8871,0.88735,9.60,3.20
2009.08.04 19:30:48.421,0.8871,0.8873,9.60,3.20
2009.08.04 19:30:48.821,0.8871,0.88735,9.60,3.20
2009.08.04 19:30:49.171,0.8871,0.8873,9.60,3.20
2009.08.04 19:30:49.470,0.8871,0.88735,17.60,3.20
2009.08.04 19:30:50.170,0.8871,0.8873,17.60,3.20
2009.08.04 19:30:53.320,0.88715,0.8874,1.60,3.20
2009.08.04 19:30:53.550,0.88715,0.8874,17.60,3.20
2009.08.04 19:30:53.669,0.88715,0.8874,25.60,3.20
2009.08.04 19:30:56.039,0.8872,0.8874,1.60,3.20
2009.08.04 19:30:56.099,0.88725,0.8874,1.60,3.20
2009.08.04 19:31:00.508,0.8872,0.88755,12.80,13.00
2009.08.04 19:31:00.808,0.8873,0.88755,1.60,13.00
2009.08.04 19:31:01.208,0.8873,0.88755,12.80,8.00
2009.08.04 19:31:01.738,0.88735,0.88765,4.80,8.00
2009.08.04 19:31:01.917,0.8874,0.88765,1.60,8.00
2009.08.04 19:31:02.317,0.8874,0.88775,1.60,29.00
2009.08.04 19:31:02.597,0.88735,0.88775,4.80,25.00
2009.08.04 19:31:02.757,0.88735,0.88765,4.80,8.00
2009.08.04 19:31:03.857,0.88735,0.88765,20.80,8.00
2009.08.04 19:31:04.207,0.88735,0.8877,20.80,12.00
2009.08.04 19:31:04.737,0.8874,0.88775,4.80,16.00
2009.08.04 19:31:05.077,0.88745,0.88775,3.20,8.00
2009.08.04 19:31:05.527,0.8874,0.88775,3.20,1.60
2009.08.04 19:31:05.817,0.88735,0.8877,3.20,17.00
2009.08.04 19:31:06.166,0.88735,0.8877,11.20,17.00
2009.08.04 19:31:06.337,0.88735,0.8877,16.00,20.20
2009.08.04 19:31:06.668,0.88735,0.8877,16.00,12.20
2009.08.04 19:31:07.007,0.88735,0.8876,16.00,4.00
2009.08.04 19:31:07.356,0.88725,0.8876,19.20,4.00
2009.08.04 19:31:07.716,0.8873,0.8876,8.00,4.00
2009.08.04 19:31:10.285,0.88725,0.8876,27.20,4.00
2009.08.04 19:31:10.575,0.8874,0.88765,9.60,1.20
2009.08.04 19:31:10.915,0.88745,0.8877,16.00,1.20
2009.08.04 19:31:11.385,0.88745,0.8878,16.00,18.40
2009.08.04 19:31:11.735,0.88745,0.88775,16.00,1.60
2009.08.04 19:31:12.085,0.8874,0.8876,8.00,4.00
2009.08.04 19:31:12.415,0.88745,0.8877,8.00,13.80
2009.08.04 19:31:12.715,0.88745,0.8877,8.00,10.60
2009.08.04 19:31:12.775,0.8873,0.88765,12.80,8.00
2009.08.04 19:31:14.185,0.8873,0.8876,9.60,4.00
2009.08.04 19:31:17.815,0.8873,0.8876,8.00,4.00
2009.08.04 19:31:17.874,0.8873,0.8876,8.00,9.00
2009.08.04 19:31:18.154,0.88725,0.8876,28.80,9.00
2009.08.04 19:31:18.424,0.88725,0.8876,20.80,17.00
2009.08.04 19:31:19.523,0.88725,0.8876,19.20,17.00
2009.08.04 19:31:19.863,0.88725,0.8875,16.00,3.20
2009.08.04 19:31:20.673,0.88725,0.88745,16.00,3.20
2009.08.04 19:31:21.293,0.8872,0.88745,17.60,3.20
2009.08.04 19:31:21.523,0.8872,0.88745,9.60,3.20
2009.08.04 19:31:38.299,0.88715,0.88735,25.60,3.20
2009.08.04 19:31:38.819,0.88715,0.88735,17.60,3.20
2009.08.04 19:31:46.597,0.88715,0.88735,16.00,3.20
2009.08.04 19:31:47.047,0.8871,0.88735,17.60,3.20
2009.08.04 19:31:47.406,0.8871,0.88735,9.60,3.20
2009.08.04 19:32:20.709,0.88705,0.88725,17.60,3.20
2009.08.04 19:32:26.757,0.88705,0.88725,16.00,3.20
2009.08.04 19:32:27.117,0.88705,0.8873,1.60,4.00
2009.08.04 19:32:30.816,0.887,0.8873,12.80,4.00
2009.08.04 19:32:31.486,0.88695,0.8873,17.60,20.20
2009.08.04 19:32:36.115,0.88705,0.8874,17.60,8.20
2009.08.04 19:32:36.855,0.88705,0.8874,20.80,12.00
2009.08.04 19:32:38.944,0.8871,0.8874,3.20,12.00
2009.08.04 19:32:39.124,0.8871,0.8874,3.20,4.00
2009.08.04 19:32:41.963,0.88715,0.8873,8.00,8.20
2009.08.04 19:32:42.293,0.887,0.8873,8.00,8.20
2009.08.04 19:32:42.743,0.88695,0.8873,17.60,8.20
2009.08.04 19:32:49.991,0.88695,0.88715,17.60,3.20
2009.08.04 19:32:52.751,0.88705,0.88725,1.60,3.20
2009.08.04 19:32:53.551,0.88705,0.88725,17.60,3.20
2009.08.04 19:33:02.498,0.88705,0.8872,16.00,3.20
2009.08.04 19:33:02.839,0.88705,0.88725,17.60,3.20
2009.08.04 19:33:05.998,0.88705,0.8872,17.60,3.20
2009.08.04 19:33:06.218,0.88705,0.8872,16.00,3.20
2009.08.04 19:33:07.217,0.887,0.8872,17.60,3.20
2009.08.04 19:33:07.837,0.887,0.88725,9.60,3.20
2009.08.04 19:33:08.057,0.887,0.8872,9.60,3.20
2009.08.04 19:33:28.302,0.887,0.8872,8.00,3.20
2009.08.04 19:33:28.472,0.887,0.88715,8.00,3.20
2009.08.04 19:33:28.812,0.88695,0.88715,25.60,3.20
2009.08.04 19:33:29.052,0.88695,0.88715,17.60,3.20
2009.08.04 19:33:33.171,0.8869,0.88705,17.60,3.20
2009.08.04 19:33:33.461,0.8869,0.88705,16.00,3.20
2009.08.04 19:33:33.521,0.88685,0.88725,25.60,12.20
2009.08.04 19:33:33.691,0.88685,0.88725,24.00,13.80
2009.08.04 19:33:33.921,0.88685,0.8872,9.60,12.20
2009.08.04 19:33:34.211,0.88685,0.8871,1.60,4.00
2009.08.04 19:33:34.561,0.88685,0.88715,1.60,12.20
2009.08.04 19:33:34.791,0.88685,0.8871,1.60,4.00
2009.08.04 19:33:35.711,0.88685,0.88715,1.60,8.00
2009.08.04 19:33:37.440,0.88685,0.88715,4.80,8.00
2009.08.04 19:33:37.770,0.88685,0.88715,1.60,8.00
2009.08.04 19:33:38.290,0.8868,0.88715,12.80,8.00
2009.08.04 19:33:38.690,0.8868,0.88715,8.00,3.20
2009.08.04 19:33:40.249,0.8868,0.88715,8.00,4.80
2009.08.04 19:33:40.540,0.88675,0.8871,17.60,12.00
2009.08.04 19:33:40.840,0.88675,0.8871,1.60,12.00
2009.08.04 19:33:44.249,0.88675,0.8871,17.60,12.00
2009.08.04 19:33:45.188,0.8868,0.8871,1.60,12.00
2009.08.04 19:33:45.638,0.8868,0.88715,9.60,3.20
2009.08.04 19:33:48.187,0.88675,0.8871,25.60,4.00
2009.08.04 19:33:48.518,0.88675,0.8871,17.60,12.00
2009.08.04 19:33:48.867,0.88675,0.8871,17.60,3.20
2009.08.04 19:33:49.707,0.88675,0.8871,16.00,3.20
2009.08.04 19:33:49.888,0.88675,0.8871,16.00,20.20
2009.08.04 19:33:50.527,0.8867,0.88705,9.60,8.00
2009.08.04 19:33:52.066,0.8867,0.88705,8.00,8.00
2009.08.04 19:33:52.407,0.88675,0.8871,16.00,3.20
2009.08.04 19:33:52.926,0.8867,0.8871,17.60,21.60
2009.08.04 19:33:53.046,0.8867,0.88705,9.60,8.00
2009.08.04 19:33:55.006,0.8867,0.88705,1.60,8.00
2009.08.04 19:33:55.816,0.88665,0.88695,25.60,5.00
2009.08.04 19:33:56.336,0.88665,0.88695,1.60,13.00
2009.08.04 19:33:56.976,0.88665,0.88695,4.80,13.00
2009.08.04 19:33:57.265,0.8867,0.88695,3.20,8.00
2009.08.04 19:33:57.605,0.88665,0.8869,1.60,4.00
2009.08.04 19:33:57.955,0.8866,0.8869,2.40,4.00
2009.08.04 19:33:58.575,0.8866,0.8869,1.60,4.00
2009.08.04 19:33:59.195,0.8866,0.8869,1.60,5.20
2009.08.04 19:33:59.305,0.8866,0.8869,4.80,5.20
2009.08.04 19:33:59.415,0.8866,0.8869,12.80,1.20
2009.08.04 19:34:01.504,0.8866,0.88695,12.80,8.00
2009.08.04 19:34:01.844,0.8866,0.887,20.80,21.60
2009.08.04 19:34:03.474,0.8866,0.8869,12.80,8.00
2009.08.04 19:34:03.644,0.8866,0.8869,8.00,8.00
2009.08.04 19:34:03.814,0.88655,0.88685,19.20,8.00
2009.08.04 19:34:04.044,0.88655,0.8869,27.20,9.00
2009.08.04 19:34:04.214,0.88655,0.8869,17.60,18.40
2009.08.04 19:34:04.384,0.88655,0.8869,17.60,21.60
2009.08.04 19:34:04.944,0.88655,0.8868,9.60,8.00
2009.08.04 19:34:05.243,0.8866,0.8868,4.80,16.00
2009.08.04 19:34:05.413,0.8865,0.88675,4.80,8.00
