2008.06.10 20:00:15.039,1.0499,1.0503,1.20,0.10
2008.06.10 20:00:15.084,1.0499,1.0503,1.20,0.10
2008.06.10 20:00:20.152,1.0498,1.0502,1.20,0.10
2008.06.10 20:01:12.462,1.0499,1.0502,1.20,0.10
2008.06.10 20:01:24.979,1.0501,1.0504,1.20,0.10
2008.06.10 20:01:50.451,1.0501,1.0505,1.20,0.90
2008.06.10 20:01:50.637,1.0501,1.0506,1.20,0.10
2008.06.10 20:01:53.972,1.0501,1.0505,1.20,0.10
2008.06.10 20:01:54.530,1.0503,1.0505,1.20,0.10
2008.06.10 20:01:55.619,1.0501,1.0505,1.20,0.10
2008.06.10 20:02:28.563,1.0503,1.0505,1.20,0.10
2008.06.10 20:02:37.752,1.0501,1.0505,1.20,0.10
2008.06.10 20:02:44.127,1.0503,1.0505,1.20,0.10
2008.06.10 20:02:47.200,1.0504,1.0507,1.20,1.00
2008.06.10 20:02:47.247,1.0504,1.0507,1.20,0.10
2008.06.10 20:02:51.611,1.0505,1.0507,1.20,0.20
2008.06.10 20:02:54.227,1.0504,1.0507,1.20,0.20
2008.06.10 20:02:56.103,1.0503,1.0506,1.20,0.20
2008.06.10 20:03:19.167,1.0501,1.0504,1.20,0.20
2008.06.10 20:03:24.768,1.0502,1.05055,1.20,0.90
2008.06.10 20:03:24.808,1.0502,1.0506,1.20,0.20
2008.06.10 20:04:46.904,1.05005,1.0506,0.90,0.90
2008.06.10 20:04:46.960,1.0504,1.0507,1.20,0.20
2008.06.10 20:04:49.693,1.0503,1.0506,1.20,0.20
2008.06.10 20:04:50.015,1.0502,1.0506,1.20,0.20
2008.06.10 20:05:02.554,1.0503,1.0507,1.20,0.20
2008.06.10 20:05:02.659,1.0504,1.0507,1.20,0.20
2008.06.10 20:05:21.956,1.0503,1.0506,1.20,0.20
2008.06.10 20:05:23.029,1.0502,1.0506,1.20,0.20
2008.06.10 20:05:24.355,1.0502,1.0506,1.20,0.20
2008.06.10 20:05:57.655,1.05,1.0506,1.20,0.20
2008.06.10 20:06:06.985,1.0501,1.0506,1.20,0.20
2008.06.10 20:06:32.863,1.0503,1.0507,1.20,1.00
2008.06.10 20:06:33.021,1.0503,1.0507,1.20,0.20
2008.06.10 20:06:35.172,1.0501,1.0507,1.20,0.20
2008.06.10 20:06:43.071,1.0502,1.0507,1.20,0.20
2008.06.10 20:06:45.055,1.0501,1.0507,2.10,0.20
2008.06.10 20:06:46.154,1.0502,1.0507,1.20,0.20
2008.06.10 20:06:48.204,1.0501,1.0506,1.20,0.20
2008.06.10 20:06:52.181,1.0501,1.0506,1.20,1.00
2008.06.10 20:06:52.218,1.05,1.0503,1.20,0.20
2008.06.10 20:06:56.636,1.04985,1.0502,0.90,0.20
2008.06.10 20:07:01.310,1.0499,1.0502,1.20,0.20
2008.06.10 20:07:01.479,1.0499,1.0502,2.10,0.20
2008.06.10 20:07:01.641,1.0499,1.05045,2.10,0.90
2008.06.10 20:07:01.739,1.0499,1.0506,2.10,7.20
2008.06.10 20:07:01.784,1.0499,1.0506,2.10,1.00
2008.06.10 20:07:01.911,1.04995,1.0506,0.90,0.20
2008.06.10 20:07:03.962,1.0499,1.0506,1.20,0.20
2008.06.10 20:07:06.132,1.0499,1.0502,1.20,0.20
2008.06.10 20:07:13.117,1.0499,1.0505,1.20,1.00
2008.06.10 20:07:13.271,1.0499,1.0505,1.20,0.20
2008.06.10 20:07:13.821,1.0499,1.0506,1.20,0.20
2008.06.10 20:07:14.108,1.0499,1.0505,1.20,0.20
2008.06.10 20:07:15.650,1.0498,1.0501,1.20,0.20
2008.06.10 20:07:16.093,1.0498,1.05025,1.20,0.90
2008.06.10 20:07:16.172,1.0498,1.0504,1.20,6.20
2008.06.10 20:07:16.210,1.0498,1.0504,1.20,2.50
2008.06.10 20:07:16.317,1.0498,1.0505,1.20,0.20
2008.06.10 20:07:16.394,1.0498,1.0505,1.20,1.00
2008.06.10 20:07:16.637,1.0498,1.0504,1.20,0.20
2008.06.10 20:07:18.189,1.0499,1.0504,1.20,0.20
2008.06.10 20:07:18.238,1.0499,1.0504,1.20,0.20
2008.06.10 20:07:24.104,1.05,1.0504,1.20,0.20
2008.06.10 20:07:53.873,1.0499,1.0504,1.20,0.20
2008.06.10 20:08:06.736,1.05,1.0504,1.20,0.20
2008.06.10 20:08:51.747,1.0501,1.0505,1.20,1.00
2008.06.10 20:08:59.094,1.0501,1.0505,1.20,1.00
2008.06.10 20:08:59.151,1.0501,1.0505,1.20,0.20
2008.06.10 20:09:56.896,1.0499,1.0505,9.30,1.90
2008.06.10 20:09:56.944,1.0499,1.0505,7.30,1.90
2008.06.10 20:10:08.324,1.05,1.0505,2.80,1.90
2008.06.10 20:10:10.058,1.0499,1.0505,8.00,1.90
2008.06.10 20:10:18.594,1.05,1.0505,9.60,1.90
2008.06.10 20:10:18.688,1.0501,1.0506,1.20,1.00
2008.06.10 20:10:18.930,1.0501,1.0506,1.20,0.20
2008.06.10 20:10:42.484,1.0501,1.0505,1.20,0.20
2008.06.10 20:10:43.154,1.0502,1.0505,1.20,0.20
2008.06.10 20:11:04.736,1.0501,1.0505,1.20,0.20
2008.06.10 20:11:09.824,1.0501,1.0504,1.20,0.20
2008.06.10 20:11:24.753,1.05,1.0503,1.20,0.20
2008.06.10 20:11:31.320,1.0499,1.0503,1.20,0.20
2008.06.10 20:11:31.643,1.0498,1.0503,1.20,0.20
2008.06.10 20:11:42.861,1.0498,1.0502,1.20,0.20
2008.06.10 20:12:02.726,1.0499,1.0502,1.20,0.20
2008.06.10 20:12:24.802,1.05,1.0502,1.20,0.20
2008.06.10 20:12:25.349,1.05,1.0503,1.20,0.20
2008.06.10 20:12:27.879,1.05,1.0502,1.20,0.20
2008.06.10 20:12:45.891,1.0498,1.0501,1.20,0.20
2008.06.10 20:12:50.294,1.0497,1.05,0.90,0.20
2008.06.10 20:12:50.329,1.0496,1.05,3.10,0.20
2008.06.10 20:12:50.414,1.0496,1.05,2.10,0.20
2008.06.10 20:12:56.677,1.0496,1.05,1.20,0.20
2008.06.10 20:13:02.820,1.0496,1.0502,1.20,0.20
2008.06.10 20:13:03.250,1.0496,1.0501,1.20,0.20
2008.06.10 20:13:03.800,1.0496,1.0502,1.20,0.20
2008.06.10 20:13:05.339,1.0496,1.0499,1.20,0.20
2008.06.10 20:13:10.388,1.0498,1.0501,1.20,0.20
2008.06.10 20:13:10.826,1.0498,1.0502,1.20,0.20
2008.06.10 20:13:18.397,1.0498,1.05,1.20,0.20
2008.06.10 20:13:18.835,1.0496,1.0499,1.20,0.20
2008.06.10 20:13:27.953,1.0497,1.05,1.20,0.20
2008.06.10 20:13:35.861,1.0497,1.0501,1.20,0.20
2008.06.10 20:13:36.307,1.0497,1.0502,1.20,0.20
2008.06.10 20:13:42.319,1.0497,1.05,1.20,0.20
2008.06.10 20:13:55.176,1.0498,1.05,1.20,0.20
2008.06.10 20:13:55.504,1.0498,1.05,1.20,0.20
2008.06.10 20:14:24.969,1.0497,1.05,1.20,0.20
2008.06.10 20:14:46.053,1.0497,1.0501,1.20,0.20
2008.06.10 20:14:52.633,1.0497,1.05,1.20,0.20
2008.06.10 20:15:32.511,1.0497,1.0499,1.20,0.20
2008.06.10 20:15:32.955,1.0496,1.0499,1.20,0.20
2008.06.10 20:16:33.006,1.0496,1.05,1.90,2.80
2008.06.10 20:16:48.006,1.0496,1.05,0.90,2.80
2008.06.10 20:16:48.049,1.0495,1.05,1.90,2.80
2008.06.10 20:16:48.152,1.0495,1.05,2.80,2.80
2008.06.10 20:16:48.172,1.0495,1.05,3.10,2.80
2008.06.10 20:17:06.771,1.0495,1.05,2.80,2.80
2008.06.10 20:17:06.881,1.0495,1.05,2.00,2.80
2008.06.10 20:17:08.417,1.0496,1.05005,2.80,0.90
2008.06.10 20:17:11.103,1.0496,1.05,2.80,8.80
2008.06.10 20:17:18.708,1.0496,1.0499,2.80,6.40
2008.06.10 20:17:18.819,1.0495,1.0499,2.80,8.10
2008.06.10 20:17:18.957,1.0495,1.0499,0.90,8.70
2008.06.10 20:17:19.121,1.04945,1.0499,0.90,5.70
2008.06.10 20:17:19.176,1.0495,1.0498,1.20,0.20
2008.06.10 20:17:32.462,1.0496,1.0498,1.20,0.20
2008.06.10 20:17:36.020,1.0495,1.0498,1.20,0.20
2008.06.10 20:17:46.338,1.0494,1.0498,0.90,0.20
2008.06.10 20:17:46.897,1.0493,1.0498,1.20,0.20
2008.06.10 20:18:17.970,1.0493,1.0496,1.20,0.20
2008.06.10 20:18:18.959,1.0493,1.0498,1.20,0.20
2008.06.10 20:18:19.399,1.0493,1.0497,1.20,0.20
2008.06.10 20:18:44.854,1.0493,1.0496,1.20,0.20
2008.06.10 20:18:53.629,1.0492,1.0496,1.20,0.20
2008.06.10 20:19:08.569,1.0492,1.0495,1.20,0.20
2008.06.10 20:19:09.122,1.049,1.0495,2.10,0.20
2008.06.10 20:19:09.148,1.049,1.0495,1.20,0.20
2008.06.10 20:19:28.465,1.0493,1.0497,1.20,0.20
2008.06.10 20:19:29.122,1.0491,1.0496,0.90,0.20
2008.06.10 20:19:29.152,1.049,1.0496,2.10,0.20
2008.06.10 20:19:29.308,1.049,1.0496,1.20,0.20
2008.06.10 20:19:29.370,1.049,1.0496,2.10,0.20
2008.06.10 20:19:29.593,1.0491,1.0497,1.20,0.20
2008.06.10 20:19:29.919,1.0491,1.0497,2.10,0.20
2008.06.10 20:19:34.922,1.0491,1.0497,1.20,0.20
2008.06.10 20:19:38.538,1.04915,1.0497,0.90,0.20
2008.06.10 20:19:38.571,1.0493,1.0497,1.20,0.20
2008.06.10 20:19:39.162,1.0493,1.0498,1.20,0.20
2008.06.10 20:19:40.548,1.0492,1.0498,2.10,0.20
2008.06.10 20:19:40.640,1.0492,1.0498,1.20,0.20
2008.06.10 20:19:41.091,1.0491,1.0498,2.10,0.20
2008.06.10 20:19:41.159,1.0491,1.0498,1.20,0.20
2008.06.10 20:19:49.057,1.0493,1.0498,1.20,0.20
2008.06.10 20:19:52.534,1.0492,1.0498,2.10,0.20
2008.06.10 20:19:52.555,1.0492,1.0498,1.20,0.20
2008.06.10 20:19:53.217,1.0491,1.0498,1.20,0.20
2008.06.10 20:19:59.014,1.0491,1.0495,1.20,0.20
2008.06.10 20:20:00.136,1.0489,1.0495,1.20,0.20
2008.06.10 20:20:01.542,1.0491,1.0495,1.20,0.20
2008.06.10 20:20:05.032,1.049,1.0495,1.20,0.20
2008.06.10 20:20:05.691,1.0488,1.0493,2.10,0.20
2008.06.10 20:20:08.992,1.0488,1.0493,1.20,0.20
2008.06.10 20:20:15.128,1.0489,1.0498,1.20,3.60
2008.06.10 20:20:15.177,1.0489,1.0498,1.20,0.20
2008.06.10 20:20:31.174,1.0489,1.0495,1.20,0.20
2008.06.10 20:20:33.187,1.0489,1.0493,1.20,0.20
2008.06.10 20:20:35.644,1.0489,1.0493,1.20,0.20
2008.06.10 20:20:38.748,1.049,1.0495,1.20,0.20
2008.06.10 20:20:43.692,1.0489,1.0495,1.20,0.20
2008.06.10 20:20:45.122,1.0489,1.0493,1.20,0.20
2008.06.10 20:20:53.729,1.0489,1.0494,1.20,0.20
2008.06.10 20:20:59.628,1.049,1.0494,1.20,0.20
2008.06.10 20:21:00.416,1.049,1.0494,3.20,0.20
2008.06.10 20:21:01.191,1.049,1.0495,3.40,2.60
2008.06.10 20:21:01.270,1.049,1.0495,1.20,1.00
2008.06.10 20:21:05.118,1.049,1.0494,1.20,0.20
2008.06.10 20:21:08.305,1.0491,1.0494,2.80,0.20
2008.06.10 20:21:08.744,1.049,1.0494,1.20,0.20
2008.06.10 20:21:38.953,1.04895,1.0494,0.90,0.20
2008.06.10 20:21:39.097,1.04895,1.0494,0.90,7.90
2008.06.10 20:21:55.008,1.04895,1.0494,0.90,0.20
2008.06.10 20:22:04.637,1.049,1.0494,0.90,0.20
2008.06.10 20:22:04.765,1.049,1.0494,2.10,0.20
2008.06.10 20:22:04.867,1.049,1.0494,3.10,0.20
2008.06.10 20:22:05.209,1.049,1.0494,2.10,0.20
2008.06.10 20:22:05.395,1.049,1.0494,1.20,0.20
2008.06.10 20:22:13.350,1.049,1.0493,1.20,0.20
2008.06.10 20:22:13.395,1.049,1.0493,3.40,0.20
2008.06.10 20:22:21.492,1.049,1.0493,3.40,0.20
2008.06.10 20:22:28.289,1.049,1.0493,1.20,0.20
2008.06.10 20:22:28.326,1.0489,1.0493,3.10,0.20
2008.06.10 20:22:43.885,1.0489,1.0493,2.10,0.20
2008.06.10 20:22:44.008,1.0489,1.0493,3.10,0.20
2008.06.10 20:22:44.108,1.0489,1.0492,3.10,0.20
2008.06.10 20:22:44.251,1.0489,1.0492,2.10,0.20
2008.06.10 20:22:44.365,1.0489,1.0492,1.20,0.20
2008.06.10 20:22:45.375,1.0488,1.0492,5.00,0.20
2008.06.10 20:22:47.925,1.0488,1.0492,3.10,0.20
2008.06.10 20:22:48.144,1.0488,1.0492,2.10,0.20
2008.06.10 20:22:48.257,1.0488,1.0492,2.10,5.50
2008.06.10 20:22:48.407,1.0487,1.0491,3.40,0.20
2008.06.10 20:22:48.583,1.0487,1.0491,4.30,0.20
2008.06.10 20:22:48.724,1.0487,1.0491,4.00,0.20
2008.06.10 20:22:53.092,1.0488,1.0492,1.20,6.20
2008.06.10 20:22:53.155,1.0488,1.0492,2.10,7.40
2008.06.10 20:22:53.197,1.0488,1.0492,2.10,0.20
2008.06.10 20:22:53.267,1.0488,1.0492,3.10,0.20
2008.06.10 20:22:55.983,1.0488,1.0492,2.10,0.20
2008.06.10 20:22:56.099,1.0488,1.0492,1.20,0.20
2008.06.10 20:23:01.879,1.0489,1.0492,1.20,0.20
2008.06.10 20:23:20.441,1.0489,1.0493,1.20,3.00
2008.06.10 20:23:20.526,1.0489,1.0493,1.20,0.20
2008.06.10 20:23:44.605,1.0489,1.0494,1.20,0.20
2008.06.10 20:23:45.486,1.0489,1.04945,1.20,0.90
2008.06.10 20:23:45.555,1.0489,1.0495,1.20,5.50
2008.06.10 20:23:45.579,1.0489,1.0496,3.10,3.10
2008.06.10 20:23:45.689,1.0489,1.0496,3.80,1.90
2008.06.10 20:23:46.989,1.0489,1.0496,8.70,1.90
2008.06.10 20:23:47.109,1.0489,1.0496,9.60,1.90
2008.06.10 20:23:58.449,1.049,1.0496,2.80,1.90
2008.06.10 20:24:04.625,1.0489,1.0496,2.00,6.60
2008.06.10 20:24:04.649,1.0489,1.04955,3.30,0.90
2008.06.10 20:24:04.724,1.0489,1.0495,3.20,0.20
2008.06.10 20:24:06.482,1.0489,1.0495,3.60,7.90
2008.06.10 20:24:14.530,1.0489,1.0495,1.20,9.60
2008.06.10 20:24:17.401,1.0489,1.0495,1.20,3.20
2008.06.10 20:24:33.410,1.0489,1.0494,1.20,2.80
2008.06.10 20:24:33.524,1.0489,1.0494,1.20,3.00
2008.06.10 20:24:33.602,1.0489,1.0494,1.20,7.90
2008.06.10 20:24:36.987,1.0489,1.0494,1.20,6.30
2008.06.10 20:24:40.424,1.0489,1.0494,1.20,0.20
2008.06.10 20:24:40.535,1.0489,1.0494,1.20,6.70
2008.06.10 20:24:42.746,1.0489,1.0494,1.20,11.20
2008.06.10 20:24:44.003,1.0489,1.0494,1.20,7.30
2008.06.10 20:24:45.213,1.0489,1.0494,1.20,10.20
2008.06.10 20:24:56.060,1.0489,1.0494,1.20,3.00
2008.06.10 20:24:59.146,1.0488,1.0494,1.20,3.00
2008.06.10 20:25:01.019,1.0488,1.0494,1.20,0.20
2008.06.10 20:25:01.114,1.0489,1.0494,1.20,0.20
2008.06.10 20:25:05.614,1.0489,1.0495,1.20,8.70
2008.06.10 20:25:05.737,1.0489,1.0495,2.20,0.20
2008.06.10 20:25:05.834,1.049,1.0495,1.20,0.20
2008.06.10 20:25:06.187,1.049,1.0495,2.10,0.20
2008.06.10 20:25:06.319,1.049,1.0495,1.20,0.20
2008.06.10 20:25:06.413,1.049,1.0495,2.10,0.20
2008.06.10 20:25:06.662,1.049,1.0495,1.20,5.00
2008.06.10 20:25:07.392,1.049,1.0495,1.20,0.20
2008.06.10 20:25:07.723,1.049,1.0495,3.70,0.20
2008.06.10 20:25:07.891,1.049,1.0495,1.20,0.20
2008.06.10 20:25:08.466,1.049,1.0495,1.20,5.40
2008.06.10 20:25:12.988,1.049,1.0495,1.20,0.20
2008.06.10 20:25:14.727,1.049,1.0496,1.20,6.70
2008.06.10 20:25:15.776,1.049,1.0495,1.20,5.10
2008.06.10 20:25:15.869,1.049,1.0495,1.20,9.30
2008.06.10 20:25:17.091,1.049,1.0495,1.20,0.20
2008.06.10 20:25:22.111,1.049,1.0495,1.20,9.30
2008.06.10 20:25:56.103,1.049,1.0495,1.20,5.10
2008.06.10 20:25:56.299,1.049,1.04955,1.20,0.90
2008.06.10 20:25:56.588,1.049,1.0496,1.20,8.00
2008.06.10 20:25:59.558,1.049,1.0496,2.70,6.00
2008.06.10 20:25:59.636,1.0491,1.0496,1.20,5.40
2008.06.10 20:25:59.690,1.0491,1.0496,1.20,0.20
2008.06.10 20:25:59.761,1.0491,1.0496,1.20,6.20
2008.06.10 20:26:02.977,1.0491,1.0496,1.20,0.20
2008.06.10 20:26:04.201,1.0491,1.04965,1.20,0.90
2008.06.10 20:26:07.214,1.0491,1.0496,1.20,6.90
2008.06.10 20:26:24.304,1.049,1.0496,2.80,7.50
2008.06.10 20:26:27.705,1.0491,1.0496,1.20,9.60
2008.06.10 20:26:32.861,1.049,1.0496,2.50,8.50
2008.06.10 20:26:36.695,1.049,1.0495,1.20,5.40
2008.06.10 20:26:36.814,1.049,1.0495,1.20,11.40
2008.06.10 20:26:36.832,1.0488,1.0494,4.30,0.20
2008.06.10 20:26:36.850,1.0488,1.0494,3.00,0.20
2008.06.10 20:26:36.908,1.0488,1.0494,1.20,9.80
2008.06.10 20:26:40.036,1.0488,1.0494,2.10,7.60
2008.06.10 20:26:40.086,1.0488,1.0494,3.10,9.60
2008.06.10 20:26:41.567,1.0488,1.0494,2.10,8.40
2008.06.10 20:26:41.659,1.0488,1.0494,1.20,7.50
2008.06.10 20:26:44.154,1.0488,1.0494,2.10,6.60
2008.06.10 20:26:44.395,1.0488,1.0494,3.10,9.40
2008.06.10 20:26:46.000,1.0488,1.0494,2.10,9.40
2008.06.10 20:26:46.147,1.0488,1.0494,1.20,5.80
2008.06.10 20:26:48.817,1.0489,1.0494,1.20,8.40
2008.06.10 20:26:50.947,1.0489,1.0493,1.20,0.20
2008.06.10 20:26:52.007,1.049,1.0493,1.20,0.20
2008.06.10 20:26:53.011,1.049,1.0493,3.80,0.20
2008.06.10 20:26:53.110,1.0491,1.0493,1.20,0.20
2008.06.10 20:26:56.960,1.049,1.0493,3.30,0.20
2008.06.10 20:26:57.045,1.049,1.0493,1.20,0.20
2008.06.10 20:26:57.416,1.0491,1.0493,1.20,0.20
2008.06.10 20:27:12.442,1.049,1.0493,2.10,0.20
2008.06.10 20:27:12.601,1.049,1.0493,1.20,0.20
2008.06.10 20:27:13.322,1.0491,1.0493,1.20,0.20
2008.06.10 20:27:21.785,1.0491,1.0493,1.20,0.20
2008.06.10 20:27:22.371,1.0491,1.0493,3.10,0.20
2008.06.10 20:27:43.605,1.0491,1.0494,2.40,0.20
2008.06.10 20:27:45.453,1.0492,1.0494,1.20,0.20
2008.06.10 20:27:45.665,1.0492,1.0497,1.20,8.10
2008.06.10 20:27:45.741,1.0492,1.0497,1.20,0.20
2008.06.10 20:27:49.036,1.0492,1.0497,1.20,6.70
2008.06.10 20:27:49.103,1.0492,1.0496,1.20,0.20
2008.06.10 20:28:03.965,1.0492,1.0496,1.20,6.10
2008.06.10 20:28:10.409,1.0492,1.0495,1.20,0.20
2008.06.10 20:28:31.163,1.0491,1.0495,1.20,0.20
2008.06.10 20:28:45.518,1.0491,1.0493,1.20,2.80
2008.06.10 20:28:45.990,1.0491,1.0493,1.20,3.00
2008.06.10 20:28:49.095,1.0491,1.0493,1.20,0.20
2008.06.10 20:28:49.170,1.0491,1.0494,1.20,8.70
2008.06.10 20:28:50.063,1.0491,1.0495,1.20,7.60
2008.06.10 20:29:07.141,1.0491,1.0495,1.20,0.20
2008.06.10 20:29:12.611,1.0491,1.0494,1.20,0.20
2008.06.10 20:29:13.051,1.0491,1.0495,1.20,3.00
2008.06.10 20:29:13.199,1.0491,1.0495,1.20,0.20
2008.06.10 20:29:14.658,1.0491,1.0495,1.20,0.20
2008.06.10 20:29:14.926,1.0491,1.0494,1.20,0.20
2008.06.10 20:29:18.111,1.0491,1.0493,1.20,0.20
2008.06.10 20:29:18.548,1.0491,1.0494,1.20,3.00
2008.06.10 20:29:18.705,1.0491,1.0494,1.20,0.20
2008.06.10 20:29:21.628,1.0491,1.0493,1.20,0.20
2008.06.10 20:29:22.068,1.0491,1.0494,1.20,3.00
2008.06.10 20:29:22.165,1.0491,1.0494,1.20,0.20
2008.06.10 20:29:44.805,1.049,1.0494,1.20,0.20
2008.06.10 20:29:47.314,1.0491,1.0494,1.20,0.20
2008.06.10 20:29:48.913,1.0491,1.0495,1.20,0.20
2008.06.10 20:29:49.843,1.0491,1.0494,1.20,0.20
2008.06.10 20:29:52.292,1.0491,1.0495,1.20,0.20
2008.06.10 20:29:58.908,1.0491,1.0495,2.20,0.20
2008.06.10 20:29:59.166,1.0492,1.0495,1.20,0.20
2008.06.10 20:30:00.807,1.0492,1.0496,1.20,0.20
2008.06.10 20:30:05.540,1.0492,1.0496,1.20,1.00
2008.06.10 20:30:05.719,1.0492,1.0496,1.20,2.00
2008.06.10 20:30:05.901,1.0492,1.0496,1.20,0.20
2008.06.10 20:30:13.240,1.0492,1.0496,1.20,9.80
2008.06.10 20:30:13.553,1.0492,1.0495,1.20,0.20
2008.06.10 20:30:14.702,1.0492,1.0496,1.20,0.20
2008.06.10 20:30:43.680,1.0492,1.0496,1.20,3.00
2008.06.10 20:30:43.714,1.0492,1.0495,1.20,0.20
2008.06.10 20:30:46.338,1.0492,1.0495,1.20,0.20
2008.06.10 20:30:55.317,1.049,1.0495,3.10,0.20
2008.06.10 20:30:55.362,1.049,1.0495,2.10,0.20
2008.06.10 20:30:55.403,1.049,1.0495,1.20,0.20
2008.06.10 20:31:30.879,1.0489,1.0495,1.90,0.20
2008.06.10 20:31:31.009,1.0489,1.0495,1.90,3.00
2008.06.10 20:31:31.419,1.0489,1.0495,0.90,10.40
2008.06.10 20:31:31.656,1.0488,1.0495,3.60,8.70
2008.06.10 20:31:33.305,1.049,1.0495,1.20,8.40
2008.06.10 20:31:33.504,1.049,1.0495,1.20,7.50
2008.06.10 20:31:34.370,1.049,1.0495,1.20,0.20
2008.06.10 20:31:36.819,1.0491,1.0495,1.20,0.20
2008.06.10 20:31:43.179,1.049,1.0495,1.20,0.20
2008.06.10 20:31:57.740,1.049,1.0494,1.20,2.80
2008.06.10 20:32:10.770,1.049,1.0495,1.20,3.00
2008.06.10 20:32:10.997,1.049,1.0494,1.20,2.80
2008.06.10 20:32:11.102,1.049,1.0495,1.20,7.00
2008.06.10 20:32:11.193,1.0488,1.0493,1.20,0.20
2008.06.10 20:32:11.298,1.0488,1.0493,1.20,8.20
2008.06.10 20:32:11.357,1.0488,1.0492,1.20,0.20
2008.06.10 20:32:22.116,1.0488,1.0492,1.20,6.90
2008.06.10 20:32:22.152,1.0486,1.0491,3.90,0.20
2008.06.10 20:32:22.178,1.0486,1.0491,1.20,0.20
2008.06.10 20:32:23.082,1.0486,1.0491,1.20,0.20
2008.06.10 20:32:25.065,1.0486,1.0491,3.40,0.20
2008.06.10 20:32:25.330,1.0487,1.0492,1.20,0.20
2008.06.10 20:32:52.503,1.0487,1.0492,1.20,1.00
2008.06.10 20:32:52.607,1.0487,1.049,1.20,3.70
2008.06.10 20:32:52.631,1.0486,1.0488,1.90,0.20
2008.06.10 20:32:52.715,1.0486,1.0488,0.90,0.20
2008.06.10 20:32:52.836,1.04845,1.0488,0.90,0.20
2008.06.10 20:33:15.163,1.0486,1.0489,1.30,0.10
2008.06.10 20:33:15.593,1.0486,1.0491,1.30,5.40
2008.06.10 20:33:15.701,1.0486,1.0492,1.30,7.50
2008.06.10 20:33:18.519,1.0486,1.0492,1.30,0.10
2008.06.10 20:33:19.519,1.0486,1.0489,1.30,0.10
2008.06.10 20:33:23.770,1.0486,1.0489,3.70,0.10
2008.06.10 20:33:23.990,1.0487,1.0489,1.30,0.10
2008.06.10 20:33:24.015,1.0487,1.04915,1.30,0.90
2008.06.10 20:33:24.144,1.0487,1.0492,1.30,3.40
2008.06.10 20:33:24.212,1.0487,1.0492,1.30,0.90
2008.06.10 20:33:24.330,1.0487,1.0492,1.30,0.10
2008.06.10 20:33:24.533,1.0487,1.0492,3.20,0.10
2008.06.10 20:33:37.079,1.0487,1.0492,3.80,6.10
2008.06.10 20:33:37.319,1.0487,1.0492,1.30,7.60
2008.06.10 20:33:37.381,1.0487,1.0491,1.30,0.10
2008.06.10 20:33:45.778,1.0487,1.0491,1.30,2.80
2008.06.10 20:33:48.717,1.0487,1.0491,1.30,0.10
2008.06.10 20:33:49.185,1.0488,1.0491,1.30,0.10
2008.06.10 20:33:57.180,1.0488,1.0493,1.30,8.20
2008.06.10 20:33:57.214,1.0488,1.0493,1.30,9.10
2008.06.10 20:33:58.203,1.0488,1.0493,1.30,0.10
2008.06.10 20:33:58.610,1.0487,1.0491,1.30,0.10
2008.06.10 20:34:00.162,1.0487,1.0492,1.30,0.10
2008.06.10 20:34:01.679,1.0487,1.0491,1.30,0.10
2008.06.10 20:34:02.215,1.0487,1.0491,3.60,0.10
2008.06.10 20:34:02.276,1.0488,1.0491,1.30,0.10
2008.06.10 20:34:05.955,1.049,1.0494,1.30,2.80
2008.06.10 20:34:08.105,1.049,1.0493,1.30,2.80
2008.06.10 20:34:08.156,1.0488,1.0493,6.60,2.80
2008.06.10 20:34:08.216,1.0488,1.0493,5.70,2.80
2008.06.10 20:34:08.320,1.0488,1.0493,1.30,2.80
2008.06.10 20:34:09.927,1.0488,1.0493,1.30,8.60
2008.06.10 20:34:10.145,1.0488,1.0492,1.30,0.10
2008.06.10 20:34:13.998,1.0488,1.0492,1.30,0.10
2008.06.10 20:34:21.854,1.0488,1.0492,2.20,0.10
2008.06.10 20:34:22.096,1.0488,1.0492,3.20,0.10
2008.06.10 20:34:29.472,1.0488,1.0492,2.20,0.10
2008.06.10 20:34:29.657,1.0488,1.0492,1.30,0.10
2008.06.10 20:34:36.055,1.0488,1.0492,1.30,7.50
2008.06.10 20:34:36.082,1.0486,1.0491,1.30,0.10
2008.06.10 20:34:36.166,1.0486,1.0491,3.00,0.10
2008.06.10 20:34:40.785,1.0487,1.0491,1.30,0.10
2008.06.10 20:34:43.630,1.0488,1.0491,1.30,0.10
2008.06.10 20:35:03.878,1.0488,1.0493,1.30,2.80
2008.06.10 20:35:03.901,1.0488,1.0493,1.30,0.10
2008.06.10 20:35:07.711,1.0488,1.0491,1.30,0.10
2008.06.10 20:35:26.275,1.0487,1.0491,1.30,0.10
2008.06.10 20:35:28.895,1.0488,1.0491,1.30,0.10
2008.06.10 20:35:44.900,1.0488,1.0493,1.30,2.80
2008.06.10 20:35:44.958,1.0488,1.04935,2.80,0.90
2008.06.10 20:35:51.282,1.0488,1.0493,3.90,0.10
2008.06.10 20:35:55.340,1.0488,1.04935,2.20,0.90
2008.06.10 20:36:08.604,1.0488,1.0494,3.70,0.10
2008.06.10 20:36:08.786,1.0488,1.0494,1.30,0.10
2008.06.10 20:36:24.365,1.0488,1.0494,5.80,0.10
2008.06.10 20:36:24.423,1.0491,1.0494,1.30,0.10
2008.06.10 20:36:27.911,1.0489,1.0491,12.10,0.10
2008.06.10 20:36:27.968,1.0489,1.0491,2.80,0.10
2008.06.10 20:36:28.027,1.0488,1.0491,2.20,0.10
2008.06.10 20:36:28.085,1.0488,1.0491,1.30,0.10
2008.06.10 20:36:28.466,1.0488,1.0491,1.30,2.80
2008.06.10 20:36:28.626,1.04865,1.0491,0.90,2.80
2008.06.10 20:36:30.942,1.0487,1.0491,2.80,0.10
2008.06.10 20:36:36.046,1.0487,1.0493,2.80,2.80
2008.06.10 20:36:36.121,1.04865,1.0494,0.90,2.80
2008.06.10 20:36:37.951,1.0487,1.0494,6.10,2.80
2008.06.10 20:36:49.703,1.0487,1.0494,7.30,2.80
2008.06.10 20:36:49.877,1.0487,1.0494,7.30,2.80
2008.06.10 20:36:50.715,1.0487,1.0494,1.90,2.80
2008.06.10 20:36:50.845,1.0487,1.0493,1.90,0.10
2008.06.10 20:36:51.031,1.0487,1.0493,1.90,2.80
2008.06.10 20:36:51.092,1.0487,1.0492,1.90,0.10
2008.06.10 20:37:00.042,1.0487,1.0491,1.90,0.10
2008.06.10 20:37:00.272,1.0487,1.0492,1.90,0.10
2008.06.10 20:37:00.432,1.0487,1.0492,0.90,0.10
2008.06.10 20:37:00.656,1.0486,1.0492,8.50,0.10
2008.06.10 20:37:00.962,1.0486,1.0492,4.60,0.10
2008.06.10 20:37:01.119,1.04865,1.0491,0.90,0.10
2008.06.10 20:37:01.282,1.0487,1.0491,1.30,0.10
2008.06.10 20:37:02.292,1.0488,1.0491,1.30,0.10
2008.06.10 20:37:08.652,1.04885,1.0491,0.90,0.10
2008.06.10 20:37:12.321,1.0488,1.0491,2.50,0.10
2008.06.10 20:37:12.508,1.0488,1.0491,3.30,1.90
2008.06.10 20:37:12.601,1.0488,1.0491,1.30,0.90
2008.06.10 20:37:12.684,1.04875,1.049,0.90,0.10
2008.06.10 20:37:12.736,1.04875,1.049,0.90,0.90
2008.06.10 20:37:12.760,1.04875,1.049,0.90,1.90
2008.06.10 20:37:12.788,1.04875,1.0489,0.90,0.10
2008.06.10 20:37:12.871,1.0486,1.0489,1.30,0.10
2008.06.10 20:37:17.645,1.0486,1.049,1.30,4.50
2008.06.10 20:37:17.705,1.0486,1.049,1.30,1.90
2008.06.10 20:37:18.517,1.0486,1.049,1.30,0.90
2008.06.10 20:37:18.595,1.0486,1.049,1.30,0.10
2008.06.10 20:37:18.698,1.0486,1.049,3.10,0.10
2008.06.10 20:37:19.274,1.0487,1.049,1.30,0.10
2008.06.10 20:37:19.467,1.0487,1.0491,1.30,0.10
2008.06.10 20:37:21.457,1.0487,1.0492,1.30,0.10
2008.06.10 20:37:21.574,1.0486,1.0492,2.80,0.10
2008.06.10 20:37:21.675,1.0485,1.0492,10.20,0.10
2008.06.10 20:37:22.171,1.0485,1.0492,10.50,0.10
2008.06.10 20:37:24.100,1.0485,1.0492,9.60,0.10
2008.06.10 20:37:50.122,1.0485,1.0492,1.30,0.10
2008.06.10 20:37:51.103,1.0485,1.0492,7.50,0.10
2008.06.10 20:37:53.743,1.0485,1.0492,3.70,0.10
2008.06.10 20:37:56.729,1.0486,1.0492,12.40,0.10
2008.06.10 20:38:00.672,1.04855,1.0491,0.90,2.80
2008.06.10 20:38:04.674,1.0486,1.04915,2.80,0.90
2008.06.10 20:38:06.515,1.04855,1.0491,0.90,2.80
2008.06.10 20:38:20.604,1.0488,1.0491,1.30,2.80
2008.06.10 20:38:25.344,1.0488,1.04915,1.30,0.90
2008.06.10 20:38:25.580,1.0488,1.0492,1.30,0.10
2008.06.10 20:38:42.117,1.0488,1.0491,1.30,0.10
2008.06.10 20:39:13.300,1.0489,1.0493,1.30,1.90
2008.06.10 20:39:23.357,1.0489,1.0492,1.30,0.10
2008.06.10 20:39:49.260,1.0488,1.0492,1.30,0.10
2008.06.10 20:40:13.811,1.0488,1.0492,2.20,0.10
2008.06.10 20:40:13.852,1.0488,1.0492,3.20,0.10
2008.06.10 20:40:14.483,1.0488,1.049,3.20,0.10
2008.06.10 20:40:15.954,1.0488,1.0491,1.30,0.10
2008.06.10 20:40:18.797,1.0488,1.0491,4.40,0.10
2008.06.10 20:40:19.127,1.0488,1.0491,3.90,0.10
2008.06.10 20:40:28.104,1.0488,1.0491,4.20,0.10
2008.06.10 20:40:28.860,1.0488,1.0491,3.40,0.10
2008.06.10 20:40:28.908,1.0488,1.0491,1.30,0.10
2008.06.10 20:40:33.993,1.0488,1.0492,1.30,0.10
2008.06.10 20:40:43.458,1.0488,1.0492,2.10,0.10
2008.06.10 20:40:52.381,1.0489,1.0492,2.80,0.10
2008.06.10 20:40:52.436,1.0489,1.0493,2.80,0.10
2008.06.10 20:40:58.363,1.0489,1.0492,2.80,0.10
2008.06.10 20:40:58.440,1.0488,1.0492,2.50,0.10
2008.06.10 20:40:59.848,1.0488,1.0492,4.50,0.10
2008.06.10 20:40:59.906,1.0488,1.0492,4.60,0.10
2008.06.10 20:41:04.073,1.0488,1.0492,10.40,0.10
2008.06.10 20:41:04.098,1.0489,1.0492,1.30,0.10
2008.06.10 20:41:14.965,1.0489,1.0492,2.20,0.10
2008.06.10 20:41:15.067,1.049,1.0493,1.30,0.10
2008.06.10 20:41:17.396,1.049,1.0493,1.30,0.10
2008.06.10 20:41:22.249,1.0491,1.0493,1.30,0.10
2008.06.10 20:41:47.522,1.0491,1.0495,1.30,0.10
2008.06.10 20:41:49.700,1.0491,1.0495,3.80,0.10
2008.06.10 20:41:49.822,1.0492,1.0495,1.30,0.10
2008.06.10 20:41:52.672,1.0492,1.0494,1.30,0.10
2008.06.10 20:42:00.230,1.0491,1.0493,2.80,0.10
2008.06.10 20:42:00.429,1.049,1.0493,3.20,0.10
2008.06.10 20:42:00.555,1.0491,1.0495,1.30,0.10
2008.06.10 20:42:03.457,1.0491,1.0495,2.00,0.10
2008.06.10 20:42:03.657,1.0492,1.0495,1.30,0.10
2008.06.10 20:42:07.486,1.0492,1.0494,1.30,0.10
2008.06.10 20:42:13.494,1.0492,1.0495,1.30,0.10
2008.06.10 20:42:33.059,1.0492,1.0496,1.30,0.10
2008.06.10 20:42:35.618,1.0492,1.0495,1.30,0.10
2008.06.10 20:43:26.127,1.0492,1.0496,1.30,0.10
2008.06.10 20:43:34.644,1.0493,1.0496,1.30,0.10
2008.06.10 20:43:59.299,1.0493,1.0495,1.30,0.10
2008.06.10 20:44:02.227,1.0493,1.0496,1.30,0.10
2008.06.10 20:44:02.388,1.0493,1.0496,2.20,0.10
2008.06.10 20:44:02.407,1.0493,1.0496,3.20,0.10
2008.06.10 20:44:02.713,1.0493,1.0496,2.20,0.10
2008.06.10 20:44:02.878,1.0493,1.0496,1.30,0.10
2008.06.10 20:44:05.638,1.0493,1.0497,1.30,0.10
2008.06.10 20:44:07.880,1.0493,1.0496,1.30,0.10
2008.06.10 20:44:08.671,1.0493,1.0497,1.30,0.10
2008.06.10 20:44:09.265,1.0493,1.0496,1.30,0.10
2008.06.10 20:44:13.623,1.0494,1.0496,0.90,0.10
2008.06.10 20:44:13.732,1.0494,1.0496,1.90,0.10
2008.06.10 20:44:15.582,1.0494,1.0496,0.90,0.10
2008.06.10 20:44:15.625,1.0493,1.0496,1.30,0.10
2008.06.10 20:44:18.269,1.0494,1.0496,1.90,0.10
2008.06.10 20:44:18.361,1.0494,1.0496,2.80,0.10
2008.06.10 20:44:18.405,1.0494,1.0497,3.70,0.10
2008.06.10 20:44:22.342,1.0495,1.0497,1.30,0.10
2008.06.10 20:44:22.531,1.0496,1.0499,1.30,0.10
2008.06.10 20:44:25.043,1.0496,1.0498,1.30,0.10
2008.06.10 20:44:25.296,1.0495,1.0498,1.30,0.10
2008.06.10 20:44:32.349,1.0495,1.0498,2.20,0.10
2008.06.10 20:44:32.373,1.0495,1.0498,2.60,0.10
2008.06.10 20:44:38.044,1.0495,1.0498,3.20,0.10
2008.06.10 20:44:40.422,1.0495,1.0498,3.40,0.10
2008.06.10 20:44:46.297,1.0495,1.0498,2.80,0.10
2008.06.10 20:44:46.343,1.0495,1.0498,1.90,0.10
2008.06.10 20:44:46.454,1.0493,1.0498,5.60,0.10
2008.06.10 20:44:46.560,1.0493,1.0498,1.30,0.10
2008.06.10 20:44:48.074,1.0493,1.0498,1.30,0.10
2008.06.10 20:44:50.793,1.0495,1.0498,1.30,0.10
2008.06.10 20:44:55.845,1.0496,1.0499,1.30,3.30
2008.06.10 20:44:55.911,1.0496,1.0499,2.20,0.90
2008.06.10 20:44:55.958,1.0496,1.0499,3.20,0.10
2008.06.10 20:44:58.830,1.0496,1.0499,2.20,0.10
2008.06.10 20:44:58.873,1.0496,1.0499,1.30,0.10
2008.06.10 20:44:58.914,1.0498,1.0501,1.30,2.80
2008.06.10 20:44:58.963,1.0498,1.0502,1.30,0.10
2008.06.10 20:45:14.835,1.0498,1.0502,2.20,0.10
2008.06.10 20:45:15.128,1.04985,1.0502,0.90,0.10
2008.06.10 20:45:16.964,1.0498,1.0502,1.30,0.10
2008.06.10 20:45:21.385,1.0498,1.0502,2.20,0.10
2008.06.10 20:45:21.407,1.04985,1.0502,0.90,0.10
2008.06.10 20:45:23.478,1.0498,1.0502,1.30,0.10
2008.06.10 20:45:23.527,1.0498,1.0501,1.30,0.10
2008.06.10 20:45:38.684,1.0499,1.0501,1.30,0.10
2008.06.10 20:45:40.113,1.0499,1.0503,1.30,1.90
2008.06.10 20:45:40.664,1.0498,1.0502,1.30,0.10
2008.06.10 20:45:45.293,1.0498,1.0501,1.30,0.10
2008.06.10 20:45:47.226,1.0498,1.0501,2.20,0.10
2008.06.10 20:45:47.274,1.0498,1.0501,3.20,0.10
2008.06.10 20:45:48.965,1.0498,1.0501,8.70,0.10
2008.06.10 20:45:49.212,1.0499,1.0503,1.30,0.10
2008.06.10 20:45:49.582,1.0501,1.0504,1.30,1.90
2008.06.10 20:45:50.304,1.0501,1.0504,1.30,1.90
2008.06.10 20:45:50.565,1.0501,1.0504,1.30,0.90
2008.06.10 20:45:50.698,1.0501,1.0504,1.30,0.10
2008.06.10 20:45:50.829,1.0501,1.0505,1.30,2.40
2008.06.10 20:45:51.383,1.0501,1.0505,1.30,1.90
2008.06.10 20:45:55.416,1.0501,1.0505,1.30,4.60
2008.06.10 20:45:55.643,1.0501,1.0505,1.30,2.50
2008.06.10 20:45:56.440,1.0501,1.0505,1.30,1.90
2008.06.10 20:45:56.646,1.0501,1.0505,1.30,3.40
2008.06.10 20:45:58.469,1.0501,1.0505,1.30,1.90
2008.06.10 20:45:58.581,1.0501,1.0505,1.30,0.90
2008.06.10 20:45:58.615,1.0501,1.0505,1.30,0.10
2008.06.10 20:45:59.437,1.05,1.0504,1.30,0.10
2008.06.10 20:45:59.782,1.05,1.0503,1.30,0.10
2008.06.10 20:46:11.008,1.05,1.0503,1.30,3.20
2008.06.10 20:46:11.109,1.0499,1.0502,1.30,0.10
2008.06.10 20:46:39.793,1.05,1.0503,1.30,0.10
2008.06.10 20:46:45.009,1.0501,1.0504,1.30,0.10
2008.06.10 20:46:52.858,1.0499,1.0503,11.50,0.10
2008.06.10 20:46:52.938,1.0499,1.0503,1.30,0.10
2008.06.10 20:46:57.731,1.0499,1.0503,1.30,0.90
2008.06.10 20:46:57.783,1.0499,1.0503,1.30,1.90
2008.06.10 20:47:12.648,1.05,1.0503,1.30,1.90
2008.06.10 20:47:12.683,1.05,1.0503,1.30,0.10
2008.06.10 20:47:25.320,1.0501,1.0504,1.30,0.10
2008.06.10 20:47:45.174,1.05,1.0504,3.60,0.10
2008.06.10 20:47:45.229,1.05,1.0504,1.30,0.10
2008.06.10 20:47:46.253,1.05,1.0503,1.30,0.10
2008.06.10 20:48:03.822,1.05,1.0502,1.30,0.10
2008.06.10 20:48:12.715,1.05,1.0502,1.30,0.10
2008.06.10 20:48:18.444,1.05,1.0503,1.30,0.10
2008.06.10 20:48:24.968,1.05,1.0503,2.50,0.10
2008.06.10 20:48:25.027,1.0501,1.0505,1.30,0.10
2008.06.10 20:48:25.358,1.0502,1.0505,1.30,0.10
2008.06.10 20:48:28.137,1.0502,1.0504,1.30,0.10
2008.06.10 20:48:33.955,1.0502,1.0505,1.30,0.10
2008.06.10 20:48:36.524,1.0502,1.0505,3.80,0.10
2008.06.10 20:48:37.263,1.0502,1.0504,3.80,0.10
2008.06.10 20:48:37.377,1.0502,1.0504,1.30,0.10
2008.06.10 20:48:37.605,1.0501,1.0504,1.30,0.10
2008.06.10 20:48:42.392,1.0502,1.0505,1.30,0.10
2008.06.10 20:48:42.735,1.0502,1.0505,3.60,0.10
2008.06.10 20:48:42.838,1.0503,1.0506,1.30,0.10
2008.06.10 20:48:48.001,1.0502,1.0506,3.30,0.10
2008.06.10 20:48:48.073,1.0502,1.0506,1.30,0.10
2008.06.10 20:48:48.868,1.0502,1.0505,1.30,0.10
2008.06.10 20:48:50.646,1.0501,1.0505,1.30,0.10
2008.06.10 20:48:51.742,1.0502,1.0505,2.80,0.10
2008.06.10 20:48:51.897,1.0503,1.0506,1.30,0.10
2008.06.10 20:48:54.277,1.0504,1.0506,1.30,0.10
2008.06.10 20:49:05.596,1.0502,1.0506,2.80,0.10
2008.06.10 20:49:05.685,1.0501,1.0506,1.30,0.10
2008.06.10 20:49:08.234,1.0502,1.0506,1.30,0.10
2008.06.10 20:49:22.927,1.0503,1.0506,1.30,0.10
2008.06.10 20:49:24.785,1.0503,1.0507,1.30,0.10
2008.06.10 20:49:29.404,1.0503,1.0506,1.30,0.10
2008.06.10 20:49:44.856,1.0502,1.0506,3.30,0.10
2008.06.10 20:49:44.945,1.0502,1.0506,1.30,0.10
2008.06.10 20:49:52.084,1.0502,1.0505,1.30,0.10
2008.06.10 20:49:55.065,1.0502,1.0506,1.30,0.10
2008.06.10 20:49:56.049,1.0502,1.0507,1.30,2.80
2008.06.10 20:49:57.050,1.0502,1.0507,3.10,0.10
2008.06.10 20:49:58.344,1.0503,1.0508,1.30,0.10
2008.06.10 20:49:58.498,1.0503,1.0508,1.30,0.90
2008.06.10 20:49:58.692,1.0503,1.0508,1.30,1.90
2008.06.10 20:50:00.710,1.0503,1.0508,1.30,3.30
2008.06.10 20:50:00.866,1.0502,1.0507,1.30,0.10
2008.06.10 20:50:02.142,1.0502,1.0506,1.30,0.90
2008.06.10 20:50:02.380,1.0502,1.05055,1.30,0.90
2008.06.10 20:50:02.620,1.0502,1.05055,1.30,0.90
2008.06.10 20:50:08.177,1.0502,1.0507,1.30,0.10
2008.06.10 20:50:14.264,1.0502,1.0507,1.30,2.80
2008.06.10 20:50:14.369,1.0502,1.0507,1.30,0.10
2008.06.10 20:50:19.972,1.0502,1.0506,1.30,0.10
2008.06.10 20:50:22.462,1.0502,1.0506,3.70,0.10
2008.06.10 20:50:22.503,1.0503,1.0506,1.30,0.10
2008.06.10 20:50:24.250,1.0504,1.0506,1.30,0.10
2008.06.10 20:50:24.615,1.0504,1.0508,1.30,0.10
2008.06.10 20:50:42.482,1.0505,1.0508,1.30,0.10
2008.06.10 20:50:42.650,1.0504,1.0508,1.30,0.10
2008.06.10 20:50:43.091,1.0504,1.0508,1.30,0.90
2008.06.10 20:50:43.180,1.0504,1.05075,1.30,0.90
2008.06.10 20:50:43.593,1.0503,1.0507,1.30,0.10
2008.06.10 20:50:59.400,1.0503,1.0507,1.30,6.80
2008.06.10 20:50:59.432,1.0502,1.0506,1.30,0.10
2008.06.10 20:51:03.968,1.0501,1.0505,1.30,0.10
2008.06.10 20:51:04.938,1.0501,1.0505,1.30,2.80
2008.06.10 20:51:05.293,1.05,1.0504,1.30,0.10
2008.06.10 20:51:06.206,1.0499,1.0503,1.30,0.10
2008.06.10 20:51:14.048,1.05,1.0503,1.30,0.10
2008.06.10 20:51:28.593,1.05,1.0504,1.30,0.10
2008.06.10 20:51:31.553,1.05,1.0503,1.30,0.10
2008.06.10 20:51:43.682,1.0499,1.0502,1.30,0.10
2008.06.10 20:51:53.058,1.05,1.0503,1.30,0.10
2008.06.10 20:51:56.451,1.05,1.0503,1.30,0.10
2008.06.10 20:52:13.669,1.0501,1.0504,1.30,0.10
2008.06.10 20:52:20.897,1.0502,1.0504,1.30,0.10
2008.06.10 20:52:27.719,1.0502,1.0506,1.30,0.10
2008.06.10 20:52:31.198,1.0502,1.0506,2.20,0.10
2008.06.10 20:52:31.223,1.0502,1.0506,4.90,0.10
2008.06.10 20:52:31.325,1.0502,1.0506,15.30,0.10
2008.06.10 20:52:31.348,1.0505,1.05075,1.30,0.90
2008.06.10 20:52:31.431,1.0505,1.0508,1.30,0.90
2008.06.10 20:52:31.448,1.0505,1.0507,1.30,0.10
2008.06.10 20:52:32.325,1.0502,1.0506,1.30,0.10
2008.06.10 20:52:33.415,1.0502,1.0506,4.00,0.10
2008.06.10 20:52:33.637,1.0503,1.0506,1.30,0.10
2008.06.10 20:52:34.344,1.0504,1.0506,1.30,0.10
2008.06.10 20:52:36.424,1.0502,1.0506,1.30,0.10
2008.06.10 20:52:38.752,1.0502,1.0506,3.90,0.10
2008.06.10 20:52:38.815,1.0503,1.0506,1.30,0.10
2008.06.10 20:52:39.235,1.0503,1.0507,1.30,0.10
2008.06.10 20:52:39.930,1.0504,1.0509,1.30,0.90
2008.06.10 20:52:40.031,1.0504,1.0509,1.30,0.10
2008.06.10 20:52:40.552,1.0504,1.0509,1.30,2.80
2008.06.10 20:52:40.655,1.0504,1.0508,1.30,0.10
2008.06.10 20:52:42.656,1.0502,1.0506,3.00,0.10
2008.06.10 20:52:42.782,1.0502,1.0506,1.30,0.10
2008.06.10 20:52:51.990,1.0501,1.0505,1.30,0.10
2008.06.10 20:53:08.878,1.0502,1.0506,1.30,0.90
2008.06.10 20:53:10.359,1.0502,1.0506,1.30,0.10
2008.06.10 20:53:10.408,1.0503,1.0506,1.30,0.10
2008.06.10 20:53:10.737,1.0502,1.0506,1.30,0.10
2008.06.10 20:53:12.100,1.0502,1.0506,1.30,0.90
2008.06.10 20:53:16.227,1.0505,1.0506,1.30,0.90
2008.06.10 20:53:16.490,1.0505,1.05075,1.30,0.90
2008.06.10 20:54:11.012,1.0504,1.05075,1.30,0.90
2008.06.10 20:54:16.439,1.0505,1.05075,1.30,0.90
2008.06.10 20:54:23.074,1.0505,1.0507,1.30,0.90
2008.06.10 20:54:23.137,1.0505,1.05065,1.30,0.90
2008.06.10 20:54:33.956,1.0504,1.05065,1.30,0.90
2008.06.10 20:54:35.316,1.0502,1.05065,1.30,0.90
2008.06.10 20:54:38.445,1.0503,1.05065,1.30,0.90
2008.06.10 20:54:40.535,1.0504,1.05065,1.30,0.90
2008.06.10 20:54:41.448,1.0504,1.0508,1.30,3.00
2008.06.10 20:54:59.099,1.0505,1.0508,1.30,4.50
2008.06.10 20:55:19.732,1.0505,1.0508,1.30,2.60
2008.06.10 20:55:21.678,1.0505,1.0508,1.30,0.10
2008.06.10 20:55:21.730,1.0506,1.0509,1.30,7.60
2008.06.10 20:55:21.816,1.0506,1.0509,1.30,7.40
2008.06.10 20:55:22.005,1.0506,1.0509,1.30,5.60
2008.06.10 20:55:25.015,1.0505,1.0509,1.30,4.40
2008.06.10 20:55:25.062,1.0505,1.0509,1.30,4.30
2008.06.10 20:55:27.770,1.0506,1.0509,1.30,4.60
2008.06.10 20:55:28.009,1.0506,1.0509,1.30,5.80
2008.06.10 20:55:31.942,1.0505,1.0509,1.30,4.80
2008.06.10 20:55:32.021,1.0505,1.0509,1.30,7.00
2008.06.10 20:55:35.477,1.0505,1.0507,1.30,3.70
2008.06.10 20:55:35.568,1.0504,1.0507,1.30,2.80
2008.06.10 20:55:37.678,1.0505,1.0508,1.30,3.20
2008.06.10 20:55:37.878,1.0505,1.0508,1.30,4.00
2008.06.10 20:55:41.029,1.0504,1.0508,1.30,2.60
2008.06.10 20:55:41.153,1.0504,1.0507,1.30,4.60
2008.06.10 20:55:42.666,1.0504,1.0507,1.30,2.80
2008.06.10 20:55:42.776,1.0504,1.0506,1.30,3.20
2008.06.10 20:55:45.497,1.0504,1.0507,1.30,4.50
2008.06.10 20:55:48.292,1.0504,1.0507,1.30,2.80
2008.06.10 20:55:54.536,1.0504,1.0507,1.30,2.00
2008.06.10 20:56:02.485,1.0504,1.0507,1.30,2.80
2008.06.10 20:56:09.729,1.0504,1.0507,1.30,0.10
2008.06.10 20:56:10.081,1.0505,1.0508,1.30,0.10
2008.06.10 20:56:13.050,1.0504,1.0507,1.30,0.10
2008.06.10 20:56:13.618,1.0504,1.0507,1.30,2.80
2008.06.10 20:56:15.156,1.0504,1.0507,1.30,0.10
2008.06.10 20:56:16.547,1.0505,1.0508,1.30,3.30
2008.06.10 20:56:16.656,1.0505,1.0508,1.30,0.10
2008.06.10 20:56:19.741,1.0506,1.0509,1.30,3.80
2008.06.10 20:56:19.826,1.0506,1.0509,1.30,0.10
2008.06.10 20:56:27.716,1.0506,1.0509,2.20,0.10
2008.06.10 20:56:27.788,1.0507,1.051,1.30,1.90
2008.06.10 20:56:30.123,1.0507,1.051,1.30,0.90
2008.06.10 20:56:30.218,1.0507,1.0511,1.30,0.10
2008.06.10 20:56:30.346,1.0508,1.0511,1.30,0.10
2008.06.10 20:56:31.135,1.0506,1.0511,1.30,0.10
2008.06.10 20:56:31.259,1.0506,1.0509,1.30,0.10
2008.06.10 20:56:35.883,1.0507,1.05105,1.30,0.90
2008.06.10 20:56:36.004,1.0507,1.0511,1.30,0.10
2008.06.10 20:56:36.887,1.0507,1.0511,1.30,2.40
2008.06.10 20:56:37.005,1.0507,1.051,1.30,0.10
2008.06.10 20:56:39.344,1.0507,1.0512,1.30,11.00
2008.06.10 20:56:39.474,1.0507,1.0512,1.30,0.70
2008.06.10 20:56:46.537,1.0508,1.0512,0.90,0.10
2008.06.10 20:56:46.693,1.0509,1.0512,1.30,0.10
2008.06.10 20:56:51.721,1.0509,1.0512,1.30,5.50
2008.06.10 20:56:51.941,1.0509,1.05115,1.30,0.90
2008.06.10 20:56:51.961,1.0508,1.0511,1.30,0.10
2008.06.10 20:56:56.135,1.0508,1.0511,2.20,0.10
2008.06.10 20:56:56.331,1.0509,1.05115,1.30,0.90
2008.06.10 20:56:56.476,1.0509,1.05125,1.30,0.90
2008.06.10 20:56:57.971,1.0509,1.0512,1.30,0.10
2008.06.10 20:57:06.762,1.0509,1.0512,1.30,3.30
2008.06.10 20:57:06.976,1.0509,1.0512,1.30,5.60
2008.06.10 20:57:07.209,1.0508,1.0511,1.30,0.10
2008.06.10 20:57:16.714,1.0508,1.05105,1.30,0.90
2008.06.10 20:57:16.765,1.0507,1.051,1.30,0.10
2008.06.10 20:57:16.785,1.0507,1.051,1.30,0.90
2008.06.10 20:57:16.935,1.0507,1.051,1.30,1.90
2008.06.10 20:57:21.393,1.0507,1.051,1.30,0.90
2008.06.10 20:57:21.415,1.0507,1.051,1.30,0.10
2008.06.10 20:57:21.581,1.0508,1.0511,1.30,6.20
2008.06.10 20:57:21.647,1.0508,1.0511,1.30,0.90
2008.06.10 20:57:21.713,1.0508,1.0511,1.30,1.90
2008.06.10 20:57:21.776,1.0508,1.0511,2.20,0.90
2008.06.10 20:57:21.835,1.0509,1.0511,1.30,0.90
2008.06.10 20:57:22.013,1.0509,1.0512,1.30,2.60
2008.06.10 20:57:22.077,1.0509,1.0512,1.30,1.90
2008.06.10 20:57:27.115,1.0509,1.0512,1.30,1.90
2008.06.10 20:57:31.690,1.051,1.0512,1.30,1.90
2008.06.10 20:57:31.797,1.051,1.0512,1.30,0.90
2008.06.10 20:57:31.870,1.051,1.0513,1.30,1.90
2008.06.10 20:57:33.738,1.051,1.0512,1.30,0.90
2008.06.10 20:57:33.867,1.051,1.0512,1.30,1.90
2008.06.10 20:57:34.719,1.051,1.0512,1.30,0.90
2008.06.10 20:57:34.826,1.051,1.0513,1.30,5.10
2008.06.10 20:57:34.858,1.051,1.0513,1.30,1.90
2008.06.10 20:57:35.806,1.051,1.0512,1.30,0.90
2008.06.10 20:57:35.851,1.051,1.0512,1.30,1.90
2008.06.10 20:57:43.218,1.051,1.0512,1.30,1.90
2008.06.10 20:57:57.528,1.0511,1.0512,1.30,1.90
2008.06.10 20:58:00.452,1.0511,1.0512,1.30,0.90
2008.06.10 20:58:00.723,1.051,1.0512,1.30,0.90
2008.06.10 20:58:01.872,1.0509,1.0512,1.30,0.90
2008.06.10 20:58:03.165,1.051,1.0512,1.30,0.90
2008.06.10 20:58:06.304,1.0509,1.0512,1.30,0.90
2008.06.10 20:58:14.110,1.051,1.0512,1.30,0.90
2008.06.10 20:58:16.411,1.0509,1.0512,1.30,0.90
2008.06.10 20:58:18.723,1.051,1.0512,1.30,0.90
2008.06.10 20:58:19.725,1.051,1.0513,1.30,0.90
2008.06.10 20:58:21.787,1.051,1.0513,1.30,5.00
2008.06.10 20:58:29.312,1.051,1.0513,1.30,3.30
2008.06.10 20:58:38.700,1.051,1.0513,1.30,5.40
2008.06.10 20:58:38.809,1.051,1.0513,1.30,5.10
2008.06.10 20:58:44.514,1.051,1.0512,1.30,3.00
2008.06.10 20:58:44.543,1.0508,1.0512,3.20,2.50
2008.06.10 20:58:44.623,1.0508,1.0512,3.20,4.50
2008.06.10 20:58:44.740,1.0508,1.0512,2.20,5.20
2008.06.10 20:58:45.162,1.0508,1.0512,3.20,0.70
2008.06.10 20:58:45.294,1.0509,1.0512,1.30,0.10
2008.06.10 20:58:52.530,1.051,1.0513,1.30,4.80
2008.06.10 20:58:52.570,1.051,1.0513,1.30,1.60
2008.06.10 20:58:52.667,1.051,1.0513,1.30,0.90
2008.06.10 20:59:00.136,1.0508,1.0513,2.60,0.90
2008.06.10 20:59:01.005,1.0508,1.0513,2.70,0.90
2008.06.10 20:59:08.539,1.0508,1.0513,2.80,0.90
2008.06.10 20:59:41.304,1.0508,1.0512,2.80,0.90
2008.06.10 20:59:42.520,1.0507,1.0512,4.30,0.90
2008.06.10 20:59:42.629,1.0508,1.0512,0.90,0.90
2008.06.10 20:59:45.225,1.0507,1.0513,2.80,3.10
2008.06.10 20:59:46.105,1.0508,1.0514,2.80,2.70
2008.06.10 20:59:47.603,1.0505,1.0512,7.00,5.50
2008.06.10 20:59:48.468,1.0505,1.0512,13.60,7.20
2008.06.10 20:59:49.520,1.0505,1.0512,4.30,4.60
2008.06.10 20:59:50.601,1.0507,1.0514,2.80,7.30
2008.06.10 20:59:52.592,1.0507,1.0514,7.80,4.50
2008.06.10 20:59:52.664,1.0508,1.0515,2.80,11.00
2008.06.10 20:59:52.885,1.0508,1.0515,2.80,6.30
2008.06.10 20:59:55.284,1.0507,1.0516,5.20,9.60
