2008.06.18 02:00:22.111,1.0606,1.06085,2.40,1.00
2008.06.18 02:00:22.222,1.0606,1.0609,2.40,2.10
2008.06.18 02:00:22.327,1.0606,1.0609,2.40,4.30
2008.06.18 02:00:22.440,1.0605,1.0608,2.40,1.00
2008.06.18 02:00:24.439,1.0606,1.06085,2.40,1.00
2008.06.18 02:00:24.659,1.0605,1.06085,2.40,1.00
2008.06.18 02:00:28.817,1.0605,1.0608,2.40,1.00
2008.06.18 02:00:35.355,1.0605,1.0608,2.40,1.00
2008.06.18 02:00:40.343,1.0605,1.06085,2.40,1.00
2008.06.18 02:00:43.846,1.0605,1.0608,2.40,1.00
2008.06.18 02:00:50.106,1.0605,1.06085,2.40,1.00
2008.06.18 02:00:58.895,1.0605,1.0608,2.40,1.00
2008.06.18 02:01:05.638,1.0605,1.06085,2.40,1.00
2008.06.18 02:01:10.372,1.06045,1.06085,1.00,1.00
2008.06.18 02:01:14.163,1.06045,1.0608,1.00,1.00
2008.06.18 02:01:14.928,1.0605,1.0608,2.40,1.00
2008.06.18 02:01:16.686,1.0605,1.06085,2.40,1.00
2008.06.18 02:01:17.447,1.0605,1.0608,2.40,1.00
2008.06.18 02:01:22.590,1.0605,1.0608,2.40,1.20
2008.06.18 02:01:22.703,1.0605,1.0608,2.40,7.90
2008.06.18 02:01:22.804,1.0605,1.06075,2.40,1.00
2008.06.18 02:01:24.092,1.0605,1.0608,2.40,1.20
2008.06.18 02:01:24.155,1.0605,1.0608,2.40,1.00
2008.06.18 02:01:30.656,1.0606,1.06085,2.40,1.00
2008.06.18 02:01:30.822,1.0606,1.0609,2.40,1.00
2008.06.18 02:01:31.113,1.0605,1.0609,10.40,1.00
2008.06.18 02:01:31.211,1.0605,1.0609,2.40,1.00
2008.06.18 02:01:31.455,1.0605,1.0609,2.40,1.20
2008.06.18 02:01:31.562,1.0605,1.06085,2.40,1.00
2008.06.18 02:01:32.337,1.0605,1.0608,2.40,1.00
2008.06.18 02:01:32.550,1.0605,1.0609,2.40,1.00
2008.06.18 02:01:32.754,1.0605,1.0609,11.20,1.00
2008.06.18 02:01:33.145,1.0606,1.0609,2.40,1.00
2008.06.18 02:01:39.010,1.0606,1.06085,2.40,1.00
2008.06.18 02:01:39.086,1.0605,1.0608,6.80,1.00
2008.06.18 02:01:39.456,1.0605,1.0608,2.40,1.00
2008.06.18 02:01:44.738,1.0604,1.0608,2.40,1.00
2008.06.18 02:01:44.845,1.0604,1.0608,2.40,1.20
2008.06.18 02:01:45.056,1.0604,1.0608,2.40,1.00
2008.06.18 02:01:45.177,1.0604,1.06075,2.40,1.00
2008.06.18 02:01:45.287,1.0604,1.0608,2.40,1.00
2008.06.18 02:01:50.538,1.0604,1.0608,2.40,1.20
2008.06.18 02:01:50.581,1.0604,1.0608,2.40,2.10
2008.06.18 02:01:50.767,1.0604,1.06075,2.40,1.00
2008.06.18 02:01:51.067,1.0604,1.0607,2.40,1.00
2008.06.18 02:01:52.650,1.0604,1.06075,2.40,1.00
2008.06.18 02:01:52.789,1.0604,1.0608,2.40,1.00
2008.06.18 02:02:00.998,1.0604,1.0608,3.60,1.00
2008.06.18 02:02:01.216,1.0604,1.0608,2.40,1.00
2008.06.18 02:02:01.325,1.0604,1.0608,11.20,1.00
2008.06.18 02:02:01.546,1.0604,1.0608,2.40,1.00
2008.06.18 02:02:02.435,1.0604,1.0608,2.40,1.20
2008.06.18 02:02:02.567,1.0604,1.06075,2.40,1.00
2008.06.18 02:02:02.964,1.0604,1.0607,2.40,1.00
2008.06.18 02:02:06.875,1.0603,1.0607,10.60,1.00
2008.06.18 02:02:07.040,1.0603,1.0607,8.40,1.00
2008.06.18 02:02:07.463,1.0603,1.0607,2.60,1.00
2008.06.18 02:02:09.151,1.0603,1.0607,2.60,1.00
2008.06.18 02:02:17.461,1.0603,1.0607,3.30,1.20
2008.06.18 02:02:17.500,1.0603,1.06065,2.40,1.00
2008.06.18 02:02:17.854,1.0603,1.0606,2.40,1.00
2008.06.18 02:02:18.487,1.0604,1.0607,2.40,1.00
2008.06.18 02:02:22.359,1.0603,1.0607,3.00,1.00
2008.06.18 02:02:22.997,1.0603,1.0607,3.30,1.00
2008.06.18 02:02:23.051,1.0603,1.0607,2.50,1.00
2008.06.18 02:02:26.330,1.0603,1.0607,8.60,1.00
2008.06.18 02:02:26.559,1.0603,1.0607,3.30,1.00
2008.06.18 02:02:26.799,1.0603,1.0607,11.60,1.00
2008.06.18 02:02:27.301,1.0604,1.0607,2.40,1.00
2008.06.18 02:02:28.528,1.0604,1.06075,2.40,1.00
2008.06.18 02:02:28.866,1.0604,1.0608,2.40,1.00
2008.06.18 02:02:30.543,1.0604,1.06075,2.40,1.00
2008.06.18 02:02:31.151,1.0604,1.0607,2.40,1.00
2008.06.18 02:03:03.380,1.0604,1.0607,2.40,1.20
2008.06.18 02:03:03.477,1.0604,1.0607,2.40,6.70
2008.06.18 02:03:03.518,1.0604,1.06065,2.40,1.00
2008.06.18 02:03:11.552,1.0604,1.0607,2.40,1.00
2008.06.18 02:03:22.980,1.0604,1.0607,5.00,1.00
2008.06.18 02:03:23.228,1.0605,1.06075,2.40,1.00
2008.06.18 02:03:23.624,1.0605,1.0608,2.40,1.00
2008.06.18 02:03:37.802,1.0605,1.0608,2.40,1.20
2008.06.18 02:03:37.904,1.0605,1.06075,2.40,1.00
2008.06.18 02:03:38.573,1.0604,1.0607,8.80,1.00
2008.06.18 02:03:55.165,1.0604,1.0607,2.40,1.00
2008.06.18 02:04:01.262,1.0604,1.0607,2.40,1.20
2008.06.18 02:04:01.479,1.0604,1.0607,2.40,7.00
2008.06.18 02:04:01.504,1.0604,1.0607,2.40,10.50
2008.06.18 02:04:01.721,1.0604,1.0607,2.40,10.40
2008.06.18 02:04:01.799,1.0604,1.0607,2.40,8.70
2008.06.18 02:04:01.896,1.0604,1.06065,2.40,1.00
2008.06.18 02:04:02.181,1.0603,1.0606,10.80,1.00
2008.06.18 02:04:02.366,1.0603,1.0606,2.40,1.00
2008.06.18 02:04:04.422,1.0603,1.0607,2.40,6.80
2008.06.18 02:04:04.517,1.0603,1.0607,2.40,9.20
2008.06.18 02:04:04.686,1.0603,1.0607,2.40,1.00
2008.06.18 02:04:06.734,1.0603,1.0607,6.80,1.00
2008.06.18 02:04:10.151,1.0603,1.0607,2.40,1.00
2008.06.18 02:04:18.227,1.06025,1.0606,1.00,1.00
2008.06.18 02:04:19.283,1.0603,1.0606,8.70,1.00
2008.06.18 02:04:26.120,1.06025,1.0606,1.00,1.00
2008.06.18 02:04:27.895,1.0603,1.0607,2.40,1.00
2008.06.18 02:04:28.271,1.0603,1.0607,10.90,1.00
2008.06.18 02:04:32.959,1.0603,1.0606,6.90,1.00
2008.06.18 02:04:33.603,1.0603,1.0607,9.70,5.80
2008.06.18 02:04:33.967,1.0603,1.0607,9.20,2.10
2008.06.18 02:04:38.074,1.0603,1.0607,6.40,3.10
2008.06.18 02:04:38.194,1.0603,1.0607,10.50,2.10
2008.06.18 02:04:38.235,1.0603,1.0606,7.90,1.00
2008.06.18 02:04:38.408,1.0603,1.0606,7.50,1.20
2008.06.18 02:04:38.524,1.0603,1.0606,8.60,2.10
2008.06.18 02:04:38.635,1.06025,1.0606,1.00,9.60
2008.06.18 02:04:41.337,1.06025,1.0606,1.00,2.10
2008.06.18 02:04:42.764,1.06025,1.0606,1.00,1.20
2008.06.18 02:04:43.042,1.06025,1.0606,1.00,1.00
2008.06.18 02:04:44.546,1.0603,1.0607,2.40,2.10
2008.06.18 02:04:44.756,1.0603,1.0607,11.20,2.10
2008.06.18 02:05:04.312,1.0603,1.0607,7.50,9.40
2008.06.18 02:05:04.586,1.0603,1.0606,5.10,1.00
2008.06.18 02:05:18.648,1.0603,1.0607,11.40,9.10
2008.06.18 02:05:18.897,1.0603,1.0607,6.80,2.10
2008.06.18 02:05:21.807,1.0603,1.06065,9.30,1.00
2008.06.18 02:05:21.950,1.0603,1.0606,7.90,1.00
2008.06.18 02:05:22.175,1.06025,1.0606,1.00,1.00
2008.06.18 02:05:27.505,1.06025,1.0606,1.00,2.10
2008.06.18 02:05:36.284,1.0602,1.0605,5.80,1.00
2008.06.18 02:05:36.384,1.0601,1.0605,13.50,1.00
2008.06.18 02:05:39.059,1.0601,1.0605,8.80,1.00
2008.06.18 02:05:39.412,1.0601,1.0606,10.20,1.00
2008.06.18 02:05:42.099,1.0601,1.0606,13.20,1.20
2008.06.18 02:05:42.149,1.0601,1.0606,12.40,3.10
2008.06.18 02:05:42.369,1.0601,1.0606,10.90,8.10
2008.06.18 02:05:42.693,1.0601,1.0605,9.80,1.00
2008.06.18 02:05:43.172,1.0601,1.0606,8.10,5.50
2008.06.18 02:05:43.230,1.0601,1.0606,7.40,7.00
2008.06.18 02:05:43.339,1.0601,1.0606,8.80,1.00
2008.06.18 02:05:50.847,1.0601,1.0606,5.50,1.00
2008.06.18 02:05:54.440,1.0601,1.0606,11.60,1.00
2008.06.18 02:05:55.234,1.0601,1.0605,9.30,1.00
2008.06.18 02:05:55.543,1.0601,1.0605,11.20,1.00
2008.06.18 02:05:55.974,1.0601,1.0606,9.60,1.00
2008.06.18 02:06:11.637,1.0601,1.0606,16.60,1.00
2008.06.18 02:06:12.117,1.0601,1.0605,16.90,1.00
2008.06.18 02:06:22.645,1.0601,1.0605,15.20,1.00
2008.06.18 02:06:23.451,1.0601,1.0605,10.00,1.00
2008.06.18 02:06:23.522,1.0601,1.0605,5.10,1.00
2008.06.18 02:06:23.865,1.06005,1.0605,1.00,1.00
2008.06.18 02:06:26.442,1.0601,1.0605,2.80,1.00
2008.06.18 02:06:26.511,1.0601,1.0605,3.80,1.00
2008.06.18 02:06:26.666,1.0601,1.0605,10.60,1.00
2008.06.18 02:06:40.782,1.0602,1.0605,2.40,1.00
2008.06.18 02:06:41.398,1.0602,1.0605,2.40,1.20
2008.06.18 02:06:41.533,1.0602,1.06045,2.40,1.00
2008.06.18 02:06:54.250,1.0602,1.0604,2.40,1.90
2008.06.18 02:06:54.351,1.0601,1.0604,9.40,1.90
2008.06.18 02:06:54.446,1.0601,1.0604,2.40,1.90
2008.06.18 02:06:54.620,1.0601,1.0604,6.70,1.90
2008.06.18 02:06:55.156,1.0602,1.0604,2.40,1.90
2008.06.18 02:06:59.216,1.0601,1.0604,8.20,1.90
2008.06.18 02:06:59.317,1.0601,1.0604,2.40,1.90
2008.06.18 02:06:59.674,1.0601,1.0604,8.20,1.90
2008.06.18 02:07:00.216,1.0602,1.0604,2.40,1.90
2008.06.18 02:07:01.134,1.0601,1.0604,6.70,1.90
2008.06.18 02:07:01.516,1.0601,1.0604,2.40,1.90
2008.06.18 02:07:01.955,1.0601,1.0604,9.20,1.90
2008.06.18 02:07:02.213,1.0602,1.0604,2.40,1.90
2008.06.18 02:07:02.821,1.0601,1.0604,11.40,1.90
2008.06.18 02:07:03.158,1.0601,1.0604,2.40,1.90
2008.06.18 02:07:03.804,1.0601,1.0604,7.50,1.90
2008.06.18 02:07:03.992,1.0602,1.0604,2.40,1.90
2008.06.18 02:07:04.753,1.0601,1.0604,11.50,1.90
2008.06.18 02:07:05.364,1.0601,1.0604,2.40,1.90
2008.06.18 02:07:05.479,1.0601,1.0604,8.70,1.90
2008.06.18 02:07:05.932,1.0602,1.0604,2.40,1.90
2008.06.18 02:07:12.020,1.0602,1.0604,2.40,1.00
2008.06.18 02:07:12.272,1.0602,1.0605,2.40,2.10
2008.06.18 02:07:18.837,1.0601,1.0605,9.90,2.10
2008.06.18 02:07:18.880,1.0601,1.0605,2.40,2.10
2008.06.18 02:07:20.329,1.0602,1.0605,2.40,2.10
2008.06.18 02:07:30.055,1.0601,1.0605,7.90,2.10
2008.06.18 02:07:30.156,1.0601,1.0605,2.40,2.10
2008.06.18 02:07:30.374,1.0601,1.0605,3.00,2.10
2008.06.18 02:07:30.862,1.0601,1.0605,14.50,2.10
2008.06.18 02:07:31.195,1.0602,1.0605,2.40,2.10
2008.06.18 02:07:35.584,1.0601,1.0605,9.70,2.10
2008.06.18 02:07:35.920,1.0601,1.0605,2.40,2.10
2008.06.18 02:07:36.584,1.0601,1.0605,2.60,2.10
2008.06.18 02:07:36.934,1.0601,1.0605,9.80,2.10
2008.06.18 02:07:37.455,1.0602,1.0605,2.40,2.10
2008.06.18 02:07:39.503,1.0601,1.0605,6.60,2.10
2008.06.18 02:07:39.717,1.0601,1.0605,2.40,2.10
2008.06.18 02:07:40.176,1.0601,1.0605,4.30,2.10
2008.06.18 02:07:40.483,1.0601,1.0605,8.20,2.10
2008.06.18 02:07:40.746,1.0602,1.0605,2.40,2.10
2008.06.18 02:07:42.719,1.0601,1.0605,7.40,2.10
2008.06.18 02:07:42.870,1.0601,1.0605,2.40,2.10
2008.06.18 02:07:43.203,1.0601,1.0605,4.20,2.10
2008.06.18 02:07:43.648,1.0601,1.0605,13.30,2.10
2008.06.18 02:07:43.904,1.0602,1.0605,2.40,2.10
2008.06.18 02:08:03.027,1.0602,1.0605,2.40,1.20
2008.06.18 02:08:03.068,1.0602,1.0605,2.40,1.00
2008.06.18 02:08:03.452,1.0603,1.0606,2.40,1.00
2008.06.18 02:08:13.118,1.0602,1.0606,9.80,1.00
2008.06.18 02:08:13.432,1.0602,1.0606,2.40,1.00
2008.06.18 02:08:15.749,1.0602,1.0606,2.40,1.20
2008.06.18 02:08:15.830,1.0602,1.0606,2.40,2.10
2008.06.18 02:09:06.714,1.0602,1.0605,2.40,1.00
2008.06.18 02:09:10.349,1.0602,1.0605,2.40,1.00
2008.06.18 02:09:55.054,1.0601,1.0605,2.40,1.00
2008.06.18 02:09:56.253,1.0601,1.0604,2.40,1.00
2008.06.18 02:09:58.572,1.06,1.0603,2.40,1.00
2008.06.18 02:09:59.364,1.06,1.0604,2.40,1.00
2008.06.18 02:10:02.221,1.0599,1.0604,8.20,1.00
2008.06.18 02:10:02.385,1.0599,1.0604,2.40,1.00
2008.06.18 02:10:10.786,1.0599,1.0603,2.40,1.00
2008.06.18 02:10:23.238,1.0599,1.0604,2.40,1.00
2008.06.18 02:10:24.062,1.0599,1.0603,2.40,1.00
2008.06.18 02:10:25.875,1.0599,1.0604,2.40,1.00
2008.06.18 02:10:40.381,1.0598,1.0604,2.40,1.00
2008.06.18 02:10:45.381,1.0598,1.0604,3.30,1.00
2008.06.18 02:10:45.568,1.0598,1.0604,3.60,1.00
2008.06.18 02:10:45.709,1.0598,1.0604,12.60,1.00
2008.06.18 02:10:45.822,1.0598,1.0604,15.70,1.00
2008.06.18 02:10:46.082,1.06,1.0604,2.40,1.00
2008.06.18 02:10:50.068,1.0599,1.0604,2.40,1.00
2008.06.18 02:10:50.379,1.0598,1.0604,2.40,1.00
2008.06.18 02:10:52.908,1.0599,1.0604,2.40,1.20
2008.06.18 02:10:53.045,1.0599,1.0604,2.40,2.10
2008.06.18 02:10:53.518,1.0599,1.0604,2.40,8.80
2008.06.18 02:10:53.732,1.0598,1.0603,2.40,1.00
2008.06.18 02:11:03.107,1.0599,1.0603,2.40,1.00
2008.06.18 02:11:08.412,1.0599,1.0603,2.40,1.00
2008.06.18 02:11:09.138,1.0598,1.0603,2.40,1.00
2008.06.18 02:11:16.804,1.0599,1.0604,2.40,1.00
2008.06.18 02:11:22.155,1.0599,1.0604,2.40,8.60
2008.06.18 02:11:22.229,1.0598,1.0603,2.40,1.00
2008.06.18 02:11:28.779,1.0599,1.0603,2.40,1.00
2008.06.18 02:11:36.468,1.0599,1.0604,2.40,1.20
2008.06.18 02:11:36.500,1.0599,1.0604,2.40,1.00
2008.06.18 02:11:39.996,1.0598,1.0604,2.40,1.00
2008.06.18 02:11:56.021,1.0599,1.0604,2.40,1.00
2008.06.18 02:12:14.135,1.0599,1.0604,2.40,8.10
2008.06.18 02:12:14.177,1.0599,1.0603,2.40,1.00
2008.06.18 02:12:14.578,1.0599,1.0602,2.40,1.00
2008.06.18 02:12:30.586,1.0599,1.0603,2.40,1.00
2008.06.18 02:12:32.815,1.0599,1.0604,2.40,1.00
2008.06.18 02:12:35.457,1.0599,1.0604,3.30,1.00
2008.06.18 02:12:35.512,1.0599,1.0604,3.60,1.00
2008.06.18 02:12:39.614,1.06,1.0604,2.40,1.00
2008.06.18 02:12:43.220,1.0599,1.0604,4.20,1.00
2008.06.18 02:12:45.998,1.0599,1.0604,3.30,1.00
2008.06.18 02:12:46.069,1.0599,1.0604,2.40,1.00
2008.06.18 02:12:46.720,1.06,1.0604,2.40,1.00
2008.06.18 02:12:51.178,1.06,1.0604,2.40,1.00
2008.06.18 02:12:54.419,1.06,1.0603,2.40,1.00
2008.06.18 02:12:54.892,1.06,1.0604,2.40,1.00
2008.06.18 02:12:55.836,1.06,1.0603,2.40,1.00
2008.06.18 02:12:57.501,1.06,1.0604,2.40,1.00
2008.06.18 02:12:59.910,1.06,1.0603,2.40,1.00
2008.06.18 02:13:00.347,1.06,1.0604,2.40,1.00
2008.06.18 02:13:13.565,1.06,1.0605,2.40,1.00
2008.06.18 02:13:16.386,1.0601,1.0605,2.40,1.00
2008.06.18 02:13:18.038,1.0601,1.0604,2.40,1.00
2008.06.18 02:13:22.351,1.0601,1.0605,2.40,1.00
2008.06.18 02:13:25.500,1.0602,1.0605,2.40,1.00
2008.06.18 02:13:29.002,1.0602,1.0606,2.40,1.00
2008.06.18 02:13:29.838,1.0601,1.0606,2.40,1.00
2008.06.18 02:13:30.341,1.0601,1.0605,2.40,1.00
2008.06.18 02:13:32.071,1.0602,1.0605,2.40,1.00
2008.06.18 02:13:33.956,1.0602,1.0606,2.40,1.00
2008.06.18 02:13:36.462,1.0602,1.0605,2.40,1.00
2008.06.18 02:13:37.684,1.0602,1.0606,2.40,1.00
2008.06.18 02:13:47.986,1.0602,1.0607,2.40,1.00
2008.06.18 02:13:50.186,1.0602,1.0606,2.40,1.00
2008.06.18 02:13:55.125,1.0601,1.0606,11.50,1.00
2008.06.18 02:13:55.173,1.0601,1.0606,2.40,1.00
2008.06.18 02:14:10.517,1.06005,1.0606,1.00,1.00
2008.06.18 02:14:10.748,1.06,1.0606,6.60,1.00
2008.06.18 02:14:10.877,1.0599,1.0606,9.60,1.00
2008.06.18 02:14:15.081,1.0599,1.0606,2.40,4.60
2008.06.18 02:14:15.269,1.0599,1.0606,2.40,10.60
2008.06.18 02:14:15.419,1.0599,1.0606,2.40,11.40
2008.06.18 02:14:15.776,1.0599,1.0604,2.40,1.00
2008.06.18 02:14:22.105,1.0598,1.0604,7.60,8.10
2008.06.18 02:14:22.276,1.0598,1.0604,2.40,7.00
2008.06.18 02:14:24.037,1.0598,1.0604,2.40,1.00
2008.06.18 02:14:24.139,1.0598,1.0604,11.10,1.00
2008.06.18 02:14:24.669,1.0599,1.0604,2.40,1.00
2008.06.18 02:14:28.245,1.0599,1.0604,2.40,7.50
2008.06.18 02:14:28.407,1.0598,1.0604,2.40,7.60
2008.06.18 02:14:28.467,1.0598,1.0604,2.40,1.00
2008.06.18 02:14:28.889,1.0598,1.0604,2.40,1.20
2008.06.18 02:14:29.001,1.0598,1.0604,2.40,1.00
2008.06.18 02:14:29.028,1.0598,1.0604,2.40,1.20
2008.06.18 02:14:29.427,1.0598,1.0603,2.40,1.00
2008.06.18 02:14:29.585,1.0598,1.0603,6.10,1.00
2008.06.18 02:14:29.744,1.0599,1.0604,2.40,1.00
2008.06.18 02:14:38.486,1.0599,1.0604,2.40,9.70
2008.06.18 02:14:38.702,1.0598,1.0604,9.80,7.40
2008.06.18 02:14:38.804,1.0598,1.0604,2.40,6.90
2008.06.18 02:14:39.080,1.0597,1.0604,2.60,6.00
2008.06.18 02:14:39.956,1.0597,1.0604,2.40,5.50
2008.06.18 02:14:44.961,1.0597,1.0604,10.50,1.00
2008.06.18 02:14:46.242,1.0597,1.0604,2.40,5.20
2008.06.18 02:14:46.629,1.0597,1.0603,2.40,1.00
2008.06.18 02:14:48.109,1.0597,1.0603,2.40,1.00
2008.06.18 02:14:49.944,1.0597,1.0603,7.20,1.00
2008.06.18 02:14:50.131,1.0597,1.0603,14.50,1.00
2008.06.18 02:14:50.574,1.0598,1.0603,2.40,1.00
2008.06.18 02:14:53.381,1.0599,1.0604,2.40,1.20
2008.06.18 02:14:53.452,1.0599,1.0604,2.40,1.00
2008.06.18 02:14:55.980,1.0599,1.0604,2.40,2.70
2008.06.18 02:14:56.289,1.0598,1.0603,2.40,1.00
2008.06.18 02:15:05.861,1.0597,1.0602,10.60,1.00
2008.06.18 02:15:05.948,1.0597,1.0602,2.40,1.00
2008.06.18 02:15:14.514,1.0597,1.0602,8.70,1.00
2008.06.18 02:15:14.943,1.0597,1.0602,2.40,1.00
2008.06.18 02:15:19.986,1.0597,1.0603,2.40,1.20
2008.06.18 02:15:20.111,1.0597,1.0603,2.40,1.00
2008.06.18 02:15:21.000,1.0596,1.0603,12.80,1.00
2008.06.18 02:15:27.197,1.0596,1.0603,13.40,1.20
2008.06.18 02:15:27.359,1.0596,1.0603,22.00,2.10
2008.06.18 02:15:27.840,1.0596,1.0602,1.90,1.00
2008.06.18 02:15:27.979,1.0596,1.0602,1.00,1.00
2008.06.18 02:15:28.119,1.0595,1.0602,25.30,1.00
2008.06.18 02:15:31.037,1.0595,1.0602,15.30,2.10
2008.06.18 02:15:32.623,1.0595,1.0602,13.90,1.20
2008.06.18 02:15:32.760,1.0595,1.0602,23.10,1.00
2008.06.18 02:15:32.867,1.0595,1.0602,14.40,3.10
2008.06.18 02:15:32.959,1.0595,1.0602,19.20,2.40
2008.06.18 02:15:32.998,1.0595,1.0602,22.00,3.90
2008.06.18 02:15:33.188,1.0595,1.0602,19.80,1.20
2008.06.18 02:15:33.311,1.0595,1.0602,22.90,1.20
2008.06.18 02:15:33.400,1.0596,1.0602,2.40,1.20
2008.06.18 02:15:33.530,1.0596,1.06015,2.40,1.00
2008.06.18 02:15:34.698,1.0596,1.0601,2.40,1.00
2008.06.18 02:15:34.887,1.0596,1.0601,2.40,1.90
2008.06.18 02:15:35.272,1.0596,1.0601,2.40,2.10
2008.06.18 02:16:11.135,1.0596,1.0601,2.40,1.20
2008.06.18 02:16:11.159,1.0596,1.0601,2.40,1.00
2008.06.18 02:16:11.577,1.0596,1.0602,2.40,2.10
2008.06.18 02:16:15.082,1.0596,1.0602,11.70,2.10
2008.06.18 02:16:15.218,1.0596,1.0602,12.70,2.10
2008.06.18 02:16:15.619,1.0597,1.0601,2.40,2.80
2008.06.18 02:16:16.063,1.0597,1.0601,2.40,3.40
2008.06.18 02:16:16.272,1.0596,1.0601,2.40,3.00
2008.06.18 02:16:17.037,1.0596,1.0601,2.40,3.30
2008.06.18 02:16:17.368,1.0596,1.0602,2.40,3.60
2008.06.18 02:16:19.006,1.0596,1.0601,2.40,2.80
2008.06.18 02:16:19.117,1.0596,1.0601,2.40,2.50
2008.06.18 02:16:19.293,1.0596,1.0601,2.40,2.50
2008.06.18 02:16:19.755,1.0596,1.0601,2.40,3.20
2008.06.18 02:16:23.121,1.0596,1.0601,2.40,3.90
2008.06.18 02:16:23.145,1.0596,1.0601,2.40,3.10
2008.06.18 02:16:23.344,1.0596,1.0601,2.40,1.00
2008.06.18 02:16:23.381,1.0596,1.0602,2.40,4.90
2008.06.18 02:16:23.509,1.0596,1.0602,10.00,2.10
2008.06.18 02:16:23.739,1.0596,1.0602,20.40,2.10
2008.06.18 02:16:24.153,1.0597,1.0602,2.40,2.10
2008.06.18 02:16:26.008,1.0597,1.0602,2.40,1.20
2008.06.18 02:16:26.215,1.0597,1.0602,2.40,1.00
2008.06.18 02:16:26.659,1.0597,1.0602,2.40,1.20
2008.06.18 02:16:26.726,1.0597,1.0602,2.40,1.00
2008.06.18 02:16:27.066,1.0597,1.0602,2.40,1.90
2008.06.18 02:16:27.398,1.0597,1.0602,2.40,2.10
2008.06.18 02:16:30.665,1.0596,1.0602,16.30,2.10
2008.06.18 02:16:30.783,1.0596,1.0602,7.00,3.90
2008.06.18 02:16:30.862,1.0596,1.0602,2.40,4.60
2008.06.18 02:16:30.995,1.0596,1.0602,2.40,3.40
2008.06.18 02:16:31.185,1.0596,1.0602,2.40,2.10
2008.06.18 02:16:31.375,1.0596,1.0602,2.40,1.90
2008.06.18 02:16:31.474,1.0596,1.0602,2.40,2.70
2008.06.18 02:16:31.574,1.0596,1.0602,8.00,2.80
2008.06.18 02:16:31.680,1.0596,1.0602,7.50,2.50
2008.06.18 02:16:31.774,1.0596,1.0602,2.40,3.40
2008.06.18 02:16:32.133,1.0596,1.0602,2.40,3.70
2008.06.18 02:16:32.922,1.0596,1.0602,2.40,1.20
2008.06.18 02:16:33.093,1.0596,1.0603,2.40,8.60
2008.06.18 02:16:33.267,1.0596,1.0603,6.90,3.80
2008.06.18 02:16:34.812,1.0596,1.0603,9.10,2.10
2008.06.18 02:16:35.143,1.0596,1.0602,13.60,1.00
2008.06.18 02:16:35.373,1.0596,1.0602,21.00,1.90
2008.06.18 02:16:35.475,1.0597,1.0602,2.40,1.90
2008.06.18 02:16:35.941,1.0597,1.0602,2.40,2.10
2008.06.18 02:16:39.031,1.0597,1.0602,2.40,2.10
2008.06.18 02:16:40.303,1.0597,1.0602,2.40,4.50
2008.06.18 02:16:40.420,1.0596,1.0602,2.60,4.20
2008.06.18 02:16:40.555,1.0596,1.0602,2.40,2.40
2008.06.18 02:16:40.636,1.0596,1.0602,2.60,1.20
2008.06.18 02:16:40.718,1.0596,1.0602,2.80,1.00
2008.06.18 02:16:40.791,1.0596,1.0602,2.80,1.00
2008.06.18 02:16:40.972,1.0596,1.0603,2.20,3.80
2008.06.18 02:16:41.482,1.0596,1.0602,2.40,2.80
2008.06.18 02:16:41.612,1.0596,1.0602,2.40,1.90
2008.06.18 02:16:41.891,1.0596,1.0602,2.40,3.70
2008.06.18 02:16:42.180,1.0596,1.0602,2.40,4.80
2008.06.18 02:16:43.515,1.0596,1.0602,2.50,2.10
2008.06.18 02:16:43.629,1.0596,1.0602,2.80,2.10
2008.06.18 02:16:44.137,1.0597,1.0602,2.40,2.10
2008.06.18 02:16:50.611,1.0597,1.0602,2.40,3.70
2008.06.18 02:16:50.861,1.0596,1.0602,2.00,3.10
2008.06.18 02:16:50.965,1.0596,1.0602,2.40,3.20
2008.06.18 02:16:51.920,1.0596,1.0602,2.40,2.10
2008.06.18 02:16:52.193,1.0596,1.0602,6.80,2.10
2008.06.18 02:16:52.549,1.0597,1.0602,2.40,2.10
2008.06.18 02:16:53.775,1.0597,1.0601,2.40,1.00
2008.06.18 02:16:53.967,1.0597,1.0601,2.40,1.90
2008.06.18 02:16:54.113,1.0597,1.06,2.40,8.80
2008.06.18 02:16:54.466,1.0596,1.06,2.40,8.10
2008.06.18 02:17:00.362,1.0596,1.06,2.40,6.00
2008.06.18 02:17:00.397,1.05955,1.0599,1.00,1.00
2008.06.18 02:17:04.716,1.0595,1.0599,3.60,1.00
2008.06.18 02:17:04.773,1.0595,1.0599,1.90,1.00
2008.06.18 02:17:07.665,1.0595,1.0599,6.90,1.00
2008.06.18 02:17:07.953,1.0595,1.05995,11.50,1.00
2008.06.18 02:17:09.817,1.0596,1.05995,2.40,1.00
2008.06.18 02:17:10.925,1.0596,1.05985,2.40,1.00
2008.06.18 02:17:11.101,1.0595,1.0598,9.00,1.00
2008.06.18 02:17:11.306,1.0595,1.0598,1.90,9.40
2008.06.18 02:17:13.347,1.0595,1.0598,2.20,7.40
2008.06.18 02:17:13.619,1.0595,1.05985,3.40,1.00
2008.06.18 02:17:13.655,1.0595,1.0599,3.40,1.00
2008.06.18 02:17:17.164,1.0595,1.0599,3.30,1.00
2008.06.18 02:17:17.221,1.0595,1.0599,2.40,1.00
2008.06.18 02:17:17.381,1.0595,1.0599,2.40,1.00
2008.06.18 02:17:17.717,1.0595,1.0599,2.40,7.00
2008.06.18 02:17:17.849,1.0594,1.0599,2.40,9.70
2008.06.18 02:17:18.360,1.0594,1.0599,2.40,13.60
2008.06.18 02:17:18.694,1.0594,1.0599,3.30,6.30
2008.06.18 02:17:18.843,1.0594,1.0599,2.20,7.60
2008.06.18 02:17:19.287,1.0595,1.0599,2.40,8.70
2008.06.18 02:17:25.849,1.0595,1.0599,2.40,9.80
2008.06.18 02:17:25.962,1.0595,1.0599,2.40,10.40
2008.06.18 02:17:26.223,1.0595,1.0598,2.40,5.60
2008.06.18 02:17:26.527,1.0594,1.0598,3.20,7.50
2008.06.18 02:17:48.542,1.05945,1.0598,1.00,8.10
2008.06.18 02:17:48.612,1.05945,1.0598,1.00,7.20
2008.06.18 02:17:48.685,1.05945,1.0599,1.00,6.10
2008.06.18 02:17:50.045,1.05945,1.0599,1.00,6.30
2008.06.18 02:17:50.144,1.05945,1.0598,1.00,6.20
2008.06.18 02:17:50.697,1.05945,1.0598,1.00,6.90
2008.06.18 02:17:54.272,1.05935,1.0598,1.00,5.40
2008.06.18 02:17:56.148,1.0594,1.0598,1.90,5.70
2008.06.18 02:17:56.205,1.0594,1.0598,2.80,9.70
2008.06.18 02:17:56.837,1.0594,1.0598,4.90,5.20
2008.06.18 02:18:02.731,1.0594,1.0598,10.50,5.70
2008.06.18 02:18:17.709,1.0595,1.0598,1.00,5.00
2008.06.18 02:18:17.770,1.0595,1.0598,1.90,7.30
2008.06.18 02:18:26.671,1.0595,1.0598,1.90,9.10
2008.06.18 02:18:26.848,1.0595,1.05985,1.90,1.00
2008.06.18 02:18:43.179,1.0595,1.0598,1.90,1.00
2008.06.18 02:18:43.242,1.0595,1.0598,1.90,1.90
2008.06.18 02:18:43.381,1.0595,1.0597,1.90,1.00
2008.06.18 02:18:43.753,1.0595,1.0597,1.90,8.00
2008.06.18 02:18:44.146,1.0595,1.0597,1.90,6.30
2008.06.18 02:18:44.304,1.0595,1.0598,1.90,1.00
2008.06.18 02:18:44.613,1.0595,1.05975,1.90,1.00
2008.06.18 02:18:44.741,1.0595,1.0599,1.90,10.50
2008.06.18 02:18:47.296,1.0595,1.05985,1.90,1.00
2008.06.18 02:18:47.538,1.0595,1.0598,1.90,6.60
2008.06.18 02:18:47.885,1.0595,1.0598,1.90,8.70
2008.06.18 02:18:48.189,1.0595,1.0598,1.90,1.00
2008.06.18 02:18:48.442,1.0595,1.05985,1.90,1.00
2008.06.18 02:18:59.656,1.0595,1.05985,2.80,1.00
2008.06.18 02:18:59.717,1.05955,1.0599,1.00,5.50
2008.06.18 02:19:17.456,1.05955,1.0599,1.00,9.20
2008.06.18 02:19:17.559,1.05955,1.0599,1.00,7.00
2008.06.18 02:19:17.735,1.05955,1.0598,1.00,5.20
2008.06.18 02:19:18.216,1.05955,1.0598,1.00,9.40
2008.06.18 02:19:23.000,1.05945,1.0598,1.00,6.80
2008.06.18 02:20:19.370,1.05945,1.0598,1.00,8.70
2008.06.18 02:20:27.987,1.05945,1.0599,1.00,1.00
2008.06.18 02:20:33.371,1.05945,1.0599,1.00,9.70
2008.06.18 02:20:33.594,1.05945,1.0599,1.00,8.40
2008.06.18 02:20:33.737,1.05945,1.0599,1.00,5.40
2008.06.18 02:20:33.812,1.0595,1.0599,1.00,9.40
2008.06.18 02:20:34.047,1.0595,1.0599,8.20,8.40
2008.06.18 02:20:34.084,1.0595,1.0599,8.40,5.20
2008.06.18 02:20:34.421,1.0595,1.0599,9.70,7.90
2008.06.18 02:20:36.944,1.0595,1.0599,9.60,2.50
2008.06.18 02:20:40.348,1.0596,1.0599,2.40,1.80
2008.06.18 02:20:40.469,1.0596,1.06,7.30,2.10
2008.06.18 02:20:40.889,1.0597,1.06,2.40,1.90
2008.06.18 02:20:40.924,1.0597,1.06,2.40,1.00
2008.06.18 02:20:41.083,1.0597,1.0601,2.40,1.00
2008.06.18 02:20:41.474,1.0597,1.0602,2.40,2.10
2008.06.18 02:20:43.798,1.0597,1.06015,2.40,1.00
2008.06.18 02:20:44.302,1.0597,1.0601,2.40,1.00
2008.06.18 02:21:01.308,1.0597,1.0601,2.40,1.20
2008.06.18 02:21:01.433,1.0596,1.06,8.80,1.00
2008.06.18 02:21:01.598,1.0595,1.06,3.40,1.00
2008.06.18 02:21:07.598,1.0595,1.06,3.70,5.00
2008.06.18 02:21:07.880,1.0595,1.0599,2.50,1.00
2008.06.18 02:21:12.310,1.0596,1.06,2.40,5.20
2008.06.18 02:21:12.627,1.0596,1.06,2.40,1.00
2008.06.18 02:21:13.634,1.0595,1.06,2.40,1.00
2008.06.18 02:21:15.278,1.0595,1.06005,2.40,1.00
2008.06.18 02:21:15.564,1.0595,1.0601,2.40,1.00
2008.06.18 02:21:17.112,1.0595,1.0601,8.70,1.00
2008.06.18 02:21:17.228,1.05955,1.0601,1.00,1.00
2008.06.18 02:21:17.506,1.0596,1.0601,1.00,1.00
2008.06.18 02:21:17.579,1.0596,1.0601,1.90,1.00
2008.06.18 02:21:17.608,1.0596,1.0601,2.80,1.00
2008.06.18 02:21:29.790,1.0596,1.0601,3.20,1.20
2008.06.18 02:21:29.902,1.0596,1.0601,3.30,1.20
2008.06.18 02:21:30.052,1.0596,1.0601,2.40,2.10
2008.06.18 02:21:30.276,1.0596,1.0601,2.40,2.70
2008.06.18 02:21:30.392,1.0596,1.0601,2.40,12.30
2008.06.18 02:21:30.454,1.0596,1.06,2.40,1.00
2008.06.18 02:21:30.753,1.0596,1.06,2.40,1.90
2008.06.18 02:21:30.967,1.0596,1.06,2.40,2.10
2008.06.18 02:21:34.290,1.0595,1.06,2.40,2.10
2008.06.18 02:21:34.483,1.0595,1.0599,2.40,1.00
2008.06.18 02:21:34.566,1.0595,1.0599,2.40,1.90
2008.06.18 02:21:34.852,1.0595,1.0599,2.40,1.00
2008.06.18 02:21:35.008,1.0595,1.06,2.40,6.30
2008.06.18 02:21:35.205,1.0595,1.06,2.40,2.10
2008.06.18 02:21:37.686,1.0595,1.06,2.40,8.80
2008.06.18 02:21:38.258,1.0595,1.0599,2.40,1.00
2008.06.18 02:21:39.041,1.0594,1.0598,7.90,1.00
2008.06.18 02:21:39.201,1.0594,1.0598,2.40,1.00
2008.06.18 02:21:45.621,1.0594,1.0598,10.50,1.00
2008.06.18 02:22:01.500,1.0594,1.0598,9.00,1.00
2008.06.18 02:22:01.847,1.0593,1.0598,8.80,1.00
2008.06.18 02:22:01.957,1.0593,1.0598,7.30,1.20
2008.06.18 02:22:02.146,1.0593,1.0598,9.00,2.10
2008.06.18 02:22:02.618,1.0593,1.0598,9.90,1.20
2008.06.18 02:22:02.720,1.0593,1.0597,9.20,1.00
2008.06.18 02:22:03.263,1.0593,1.0598,6.80,1.20
2008.06.18 02:22:03.434,1.0593,1.0598,6.00,2.10
2008.06.18 02:22:03.697,1.0593,1.0597,7.40,1.00
2008.06.18 02:22:33.100,1.0593,1.0597,9.20,1.00
2008.06.18 02:22:33.927,1.05925,1.0597,1.00,1.00
2008.06.18 02:22:34.478,1.0593,1.0597,9.20,1.00
2008.06.18 02:22:34.808,1.0593,1.0597,7.40,1.00
2008.06.18 02:22:35.096,1.05925,1.0597,1.00,1.00
2008.06.18 02:22:36.277,1.0592,1.0597,10.80,1.00
2008.06.18 02:22:36.364,1.0592,1.0597,7.40,1.00
2008.06.18 02:22:36.471,1.0592,1.0597,12.90,1.00
2008.06.18 02:22:36.528,1.05925,1.0597,1.00,1.00
2008.06.18 02:22:36.651,1.0593,1.0597,1.00,1.00
2008.06.18 02:22:36.802,1.0593,1.0597,7.80,1.00
2008.06.18 02:22:36.856,1.0593,1.0597,6.00,1.00
2008.06.18 02:22:37.205,1.0593,1.0597,7.50,1.00
2008.06.18 02:22:38.397,1.0594,1.0597,9.30,1.00
2008.06.18 02:22:38.666,1.0594,1.0598,9.00,2.10
2008.06.18 02:22:39.164,1.0593,1.0598,9.80,2.10
2008.06.18 02:22:48.964,1.05935,1.0598,1.00,2.10
2008.06.18 02:22:49.486,1.0594,1.0598,6.10,2.10
2008.06.18 02:22:49.795,1.0594,1.0598,10.30,2.10
2008.06.18 02:23:00.210,1.0596,1.0598,2.40,1.90
2008.06.18 02:23:05.032,1.0596,1.0598,2.40,1.00
2008.06.18 02:23:05.230,1.0596,1.0599,2.40,2.10
2008.06.18 02:23:15.297,1.0595,1.0599,2.40,2.10
2008.06.18 02:23:19.999,1.0596,1.0599,2.40,2.10
2008.06.18 02:23:26.111,1.0596,1.0599,2.40,1.20
2008.06.18 02:23:26.225,1.0596,1.0598,2.40,1.00
2008.06.18 02:23:26.294,1.0596,1.05975,2.40,1.00
2008.06.18 02:23:26.586,1.0594,1.0597,6.80,1.00
2008.06.18 02:23:28.413,1.0594,1.0598,4.80,5.50
2008.06.18 02:23:28.695,1.0594,1.05985,7.80,1.00
2008.06.18 02:23:28.815,1.0594,1.0599,8.20,1.00
2008.06.18 02:23:29.304,1.0596,1.05995,2.40,1.00
2008.06.18 02:23:44.071,1.0596,1.06,2.40,1.00
2008.06.18 02:23:44.171,1.0597,1.06005,2.40,1.00
2008.06.18 02:23:44.860,1.0598,1.06005,2.40,1.00
2008.06.18 02:23:46.400,1.0597,1.06005,2.40,1.00
2008.06.18 02:23:51.198,1.0596,1.06005,3.00,1.00
2008.06.18 02:23:56.613,1.0596,1.06005,3.30,1.00
2008.06.18 02:23:56.761,1.0596,1.06005,2.40,1.00
2008.06.18 02:23:57.287,1.0596,1.06,2.40,1.00
2008.06.18 02:24:00.758,1.0594,1.06,6.30,1.00
2008.06.18 02:24:00.947,1.05935,1.06,1.00,1.00
2008.06.18 02:24:01.405,1.05925,1.06,1.20,1.00
2008.06.18 02:24:05.947,1.0592,1.06,7.50,1.00
2008.06.18 02:24:06.603,1.0592,1.06,12.90,1.00
2008.06.18 02:24:06.726,1.0594,1.06,1.00,1.00
2008.06.18 02:24:06.823,1.0594,1.06,1.90,1.00
2008.06.18 02:24:07.058,1.05945,1.06,1.00,1.00
2008.06.18 02:24:07.815,1.0592,1.06,9.10,1.00
2008.06.18 02:24:11.769,1.0594,1.06,1.00,1.00
2008.06.18 02:24:11.838,1.0594,1.06,1.90,1.00
2008.06.18 02:24:12.081,1.05945,1.06,1.00,1.00
2008.06.18 02:24:13.692,1.05945,1.06,1.00,1.00
2008.06.18 02:24:14.715,1.05945,1.06,1.00,1.20
2008.06.18 02:24:14.866,1.05945,1.05995,1.00,1.00
2008.06.18 02:24:15.349,1.05945,1.0599,1.00,1.00
2008.06.18 02:24:18.581,1.0594,1.0599,2.40,1.00
2008.06.18 02:24:19.003,1.0594,1.0598,2.40,1.00
2008.06.18 02:24:19.366,1.0593,1.0598,2.40,1.00
2008.06.18 02:24:21.443,1.0593,1.0599,2.40,1.00
2008.06.18 02:24:21.512,1.0593,1.0599,3.10,1.00
2008.06.18 02:24:21.843,1.0593,1.0599,3.10,1.00
2008.06.18 02:24:22.372,1.0594,1.0599,2.40,1.00
2008.06.18 02:24:23.012,1.0593,1.0599,2.70,1.00
2008.06.18 02:24:23.180,1.05925,1.0599,1.00,1.00
2008.06.18 02:24:25.571,1.0593,1.0599,2.70,1.00
2008.06.18 02:24:25.782,1.0594,1.0599,2.40,1.00
2008.06.18 02:24:31.380,1.0593,1.0598,6.80,1.00
2008.06.18 02:24:34.338,1.0594,1.0599,2.40,1.00
2008.06.18 02:24:46.852,1.0593,1.0599,5.60,1.00
2008.06.18 02:24:46.986,1.05925,1.0599,1.00,1.00
2008.06.18 02:24:50.293,1.05925,1.0598,1.00,1.00
2008.06.18 02:24:50.502,1.0592,1.05975,1.90,1.00
2008.06.18 02:24:50.525,1.0592,1.0597,2.20,5.50
2008.06.18 02:24:50.617,1.0592,1.0597,2.40,9.30
2008.06.18 02:24:50.814,1.0591,1.0596,4.90,1.00
2008.06.18 02:24:51.053,1.0592,1.0596,4.90,1.00
2008.06.18 02:24:51.244,1.0593,1.05975,2.40,1.00
2008.06.18 02:24:51.278,1.0593,1.0598,2.40,16.30
2008.06.18 02:24:51.466,1.0593,1.0598,2.40,5.20
2008.06.18 02:24:51.653,1.0593,1.0598,2.40,1.00
2008.06.18 02:24:51.902,1.0593,1.05985,2.40,1.00
2008.06.18 02:24:52.082,1.0593,1.0599,2.40,1.00
2008.06.18 02:24:55.268,1.0593,1.05985,2.40,1.00
2008.06.18 02:24:55.862,1.05925,1.0597,1.00,1.00
2008.06.18 02:24:57.842,1.0593,1.05985,2.40,1.00
2008.06.18 02:24:58.010,1.0593,1.0599,2.40,5.20
2008.06.18 02:24:58.099,1.0593,1.0599,2.40,1.00
2008.06.18 02:25:04.849,1.0593,1.0599,3.10,1.00
2008.06.18 02:25:04.940,1.0594,1.0599,6.20,1.00
2008.06.18 02:25:05.441,1.0594,1.0599,8.10,1.00
2008.06.18 02:25:08.316,1.0594,1.0599,7.20,1.00
2008.06.18 02:25:08.504,1.0594,1.0599,12.80,1.00
2008.06.18 02:25:17.783,1.05945,1.0599,1.00,1.00
2008.06.18 02:25:19.519,1.0594,1.0599,7.00,1.00
2008.06.18 02:25:21.746,1.0594,1.0599,9.90,1.00
2008.06.18 02:25:21.811,1.0594,1.0599,7.20,1.00
2008.06.18 02:25:25.575,1.05945,1.0599,1.00,1.00
2008.06.18 02:25:25.899,1.0595,1.0599,5.10,1.00
2008.06.18 02:25:26.247,1.0595,1.0599,7.60,1.00
2008.06.18 02:25:28.286,1.0595,1.0599,8.60,1.20
2008.06.18 02:25:28.379,1.0595,1.0598,4.90,1.00
2008.06.18 02:25:28.558,1.05945,1.0598,1.00,1.00
2008.06.18 02:25:28.649,1.0594,1.0598,11.80,1.00
2008.06.18 02:25:29.556,1.0594,1.0598,5.70,1.00
2008.06.18 02:25:29.756,1.0593,1.0598,1.90,1.00
2008.06.18 02:25:30.146,1.0593,1.0599,2.10,1.00
2008.06.18 02:25:33.448,1.0593,1.0599,3.20,1.20
2008.06.18 02:25:33.788,1.0593,1.0599,3.40,1.00
2008.06.18 02:25:33.905,1.0593,1.0599,3.30,2.00
2008.06.18 02:25:34.129,1.0593,1.0599,2.40,3.30
2008.06.18 02:25:34.197,1.0593,1.0599,2.40,11.40
2008.06.18 02:25:34.497,1.0592,1.0597,13.80,1.00
2008.06.18 02:25:35.474,1.0592,1.0596,7.90,1.00
2008.06.18 02:25:36.893,1.0592,1.0597,8.60,1.00
2008.06.18 02:25:41.471,1.0592,1.0597,9.90,1.00
2008.06.18 02:25:41.571,1.05925,1.0597,1.00,1.00
2008.06.18 02:25:41.862,1.0593,1.0597,5.20,1.00
2008.06.18 02:25:42.100,1.0593,1.0597,10.50,1.00
2008.06.18 02:25:45.757,1.0593,1.0597,7.20,1.00
2008.06.18 02:25:45.883,1.05925,1.0597,1.00,1.00
2008.06.18 02:25:46.040,1.0592,1.0597,6.80,1.00
2008.06.18 02:25:46.134,1.0592,1.0597,6.80,1.00
2008.06.18 02:25:46.571,1.0592,1.0596,9.70,1.00
2008.06.18 02:25:47.341,1.0592,1.0597,11.10,1.00
2008.06.18 02:25:48.086,1.0592,1.0597,13.50,1.00
2008.06.18 02:25:48.430,1.0592,1.0597,21.70,1.00
2008.06.18 02:25:48.573,1.05925,1.0597,1.00,1.00
2008.06.18 02:25:48.670,1.0593,1.0597,6.90,1.00
2008.06.18 02:25:48.950,1.0593,1.0597,6.60,1.00
2008.06.18 02:25:57.336,1.0593,1.0598,6.20,1.00
2008.06.18 02:25:58.506,1.0593,1.0598,8.20,1.00
2008.06.18 02:25:58.618,1.0593,1.0598,10.30,1.00
2008.06.18 02:25:58.817,1.0593,1.0598,11.70,1.00
2008.06.18 02:25:58.976,1.05935,1.0598,1.00,1.00
2008.06.18 02:25:59.420,1.0594,1.0598,2.40,1.00
2008.06.18 02:26:00.030,1.0593,1.0598,10.00,1.00
2008.06.18 02:26:00.559,1.0593,1.0598,9.60,1.00
2008.06.18 02:26:01.838,1.0593,1.0597,7.50,1.00
2008.06.18 02:26:09.469,1.0593,1.0597,8.40,1.00
2008.06.18 02:26:09.556,1.0594,1.0598,2.40,1.00
2008.06.18 02:26:09.713,1.0594,1.0598,11.50,1.00
2008.06.18 02:26:09.974,1.0594,1.0598,4.90,1.00
2008.06.18 02:26:10.170,1.0593,1.0598,11.70,1.00
2008.06.18 02:26:12.735,1.0593,1.0597,6.90,1.00
2008.06.18 02:26:22.307,1.0593,1.0598,8.80,1.00
2008.06.18 02:26:26.080,1.0594,1.0598,6.20,1.00
2008.06.18 02:26:26.162,1.0593,1.0598,12.20,1.00
2008.06.18 02:26:27.760,1.0593,1.0597,8.20,1.00
2008.06.18 02:26:32.111,1.0593,1.0597,12.30,1.00
2008.06.18 02:26:32.210,1.0594,1.0598,2.40,1.00
2008.06.18 02:26:32.310,1.0594,1.0598,6.10,1.00
2008.06.18 02:26:32.411,1.0594,1.0598,2.40,1.00
2008.06.18 02:26:32.509,1.0593,1.0598,7.20,1.00
2008.06.18 02:26:33.330,1.0593,1.0597,7.00,1.00
2008.06.18 02:26:33.906,1.0593,1.0597,10.40,1.00
2008.06.18 02:26:34.009,1.0593,1.0597,5.20,1.00
2008.06.18 02:26:34.288,1.0592,1.0597,13.40,1.00
2008.06.18 02:26:42.057,1.0592,1.0597,9.80,1.00
2008.06.18 02:26:42.153,1.0593,1.0597,6.70,1.00
2008.06.18 02:26:42.464,1.0593,1.0597,9.30,1.00
2008.06.18 02:26:42.625,1.0593,1.0597,12.30,1.00
2008.06.18 02:26:42.757,1.0593,1.0597,7.90,1.00
2008.06.18 02:26:42.922,1.0594,1.0597,9.00,1.00
2008.06.18 02:26:43.118,1.0594,1.0598,11.50,1.00
2008.06.18 02:26:57.065,1.0595,1.05985,2.40,1.00
2008.06.18 02:26:57.248,1.0595,1.0599,2.40,7.50
2008.06.18 02:26:57.302,1.0595,1.0599,2.40,1.00
2008.06.18 02:26:58.528,1.0596,1.06,2.40,1.00
2008.06.18 02:26:58.943,1.0595,1.06,2.40,1.00
2008.06.18 02:26:59.123,1.0595,1.06,2.40,1.20
2008.06.18 02:26:59.277,1.0595,1.06,2.40,2.10
2008.06.18 02:27:01.832,1.0595,1.06,2.40,1.20
2008.06.18 02:27:02.064,1.0595,1.06,6.90,1.00
2008.06.18 02:27:02.292,1.0595,1.06,16.60,1.00
2008.06.18 02:27:02.411,1.0596,1.06,2.40,1.00
2008.06.18 02:27:15.378,1.0596,1.06,7.40,1.00
2008.06.18 02:27:23.457,1.0596,1.06,5.50,1.00
2008.06.18 02:27:23.691,1.0595,1.06,6.60,1.00
2008.06.18 02:27:24.438,1.0595,1.0599,11.50,1.00
2008.06.18 02:27:44.663,1.0595,1.0599,6.10,1.00
2008.06.18 02:27:44.887,1.0594,1.0599,12.80,1.00
2008.06.18 02:27:45.401,1.0594,1.0599,10.30,1.00
2008.06.18 02:27:45.522,1.0594,1.0599,10.80,1.00
2008.06.18 02:27:48.758,1.0594,1.0599,11.20,1.20
2008.06.18 02:27:48.803,1.0594,1.0599,6.10,2.10
2008.06.18 02:27:49.410,1.0594,1.0598,8.10,1.00
2008.06.18 02:27:53.763,1.0594,1.0598,7.00,1.00
2008.06.18 02:27:53.884,1.0593,1.0598,10.00,1.00
2008.06.18 02:27:55.721,1.0593,1.0598,21.80,1.00
2008.06.18 02:27:55.912,1.0593,1.0599,18.20,1.00
2008.06.18 02:27:56.058,1.0593,1.0599,14.80,1.00
2008.06.18 02:27:56.529,1.0593,1.0599,13.20,1.00
2008.06.18 02:27:56.754,1.0594,1.0599,6.90,1.00
2008.06.18 02:27:57.000,1.0594,1.0599,9.10,1.00
2008.06.18 02:27:58.168,1.0594,1.0598,10.00,1.00
2008.06.18 02:27:58.953,1.0594,1.0598,11.80,1.20
2008.06.18 02:27:59.059,1.0594,1.0597,7.60,1.00
2008.06.18 02:27:59.240,1.0593,1.0597,9.60,1.00
2008.06.18 02:27:59.608,1.0593,1.0598,9.40,1.00
2008.06.18 02:27:59.720,1.0593,1.0598,22.60,1.00
2008.06.18 02:28:00.049,1.0594,1.0598,8.50,1.00
2008.06.18 02:28:00.376,1.0594,1.0598,6.00,1.00
2008.06.18 02:28:00.880,1.0593,1.0598,8.60,1.00
2008.06.18 02:28:03.254,1.0593,1.0598,13.60,1.20
2008.06.18 02:28:03.488,1.0593,1.0598,7.90,2.10
2008.06.18 02:28:03.779,1.0593,1.0597,7.40,1.00
2008.06.18 02:28:15.552,1.0593,1.0597,10.30,1.00
2008.06.18 02:28:15.765,1.0593,1.0597,10.00,1.00
2008.06.18 02:28:15.824,1.0593,1.0597,6.30,1.00
2008.06.18 02:28:16.433,1.0592,1.0597,13.20,1.00
2008.06.18 02:28:19.234,1.0592,1.0597,12.40,1.00
2008.06.18 02:28:19.676,1.0592,1.0597,10.30,1.00
2008.06.18 02:28:19.785,1.0592,1.0597,17.00,1.00
2008.06.18 02:28:19.915,1.0593,1.0597,9.00,1.00
2008.06.18 02:28:20.276,1.0592,1.0597,12.00,1.00
2008.06.18 02:28:22.795,1.0592,1.0597,19.40,1.00
2008.06.18 02:28:22.905,1.0593,1.0597,8.10,1.00
2008.06.18 02:28:23.210,1.0593,1.0597,10.00,1.00
2008.06.18 02:28:24.419,1.0593,1.0597,7.00,1.00
2008.06.18 02:28:24.691,1.0592,1.0597,7.50,1.00
2008.06.18 02:28:33.309,1.05925,1.0597,1.00,1.00
2008.06.18 02:28:42.334,1.0593,1.0597,9.40,1.00
2008.06.18 02:28:42.739,1.0593,1.0597,8.10,1.00
2008.06.18 02:28:43.600,1.05925,1.0597,1.00,1.00
2008.06.18 02:28:43.708,1.05925,1.0597,1.00,1.20
2008.06.18 02:28:43.820,1.05925,1.0597,1.00,2.10
2008.06.18 02:28:44.033,1.0592,1.0597,9.10,2.10
2008.06.18 02:28:44.278,1.0592,1.0597,6.80,1.00
2008.06.18 02:28:44.598,1.05925,1.0596,1.00,1.00
2008.06.18 02:28:45.058,1.05925,1.0597,1.00,1.00
2008.06.18 02:28:47.377,1.0593,1.0597,8.00,1.00
2008.06.18 02:28:47.720,1.0593,1.0596,9.40,1.00
2008.06.18 02:28:47.975,1.05925,1.0596,1.00,1.00
2008.06.18 02:28:48.066,1.0592,1.0596,8.80,1.00
2008.06.18 02:28:50.549,1.0592,1.0595,9.40,1.00
2008.06.18 02:28:50.676,1.0592,1.0595,2.40,1.00
2008.06.18 02:28:51.030,1.0591,1.0595,10.80,1.00
2008.06.18 02:28:51.148,1.0591,1.0595,2.40,1.00
2008.06.18 02:28:53.805,1.0591,1.0594,2.40,1.00
2008.06.18 02:28:56.610,1.0591,1.0596,2.40,6.40
2008.06.18 02:28:56.702,1.0591,1.0596,2.40,1.00
2008.06.18 02:28:57.133,1.0591,1.0597,2.40,1.00
2008.06.18 02:28:57.563,1.0591,1.0597,8.00,1.00
2008.06.18 02:28:57.776,1.0591,1.0597,16.40,1.00
2008.06.18 02:28:58.117,1.0592,1.0597,2.40,1.00
2008.06.18 02:29:01.894,1.0592,1.0597,2.40,1.20
2008.06.18 02:29:02.042,1.0592,1.05965,2.40,1.00
2008.06.18 02:29:02.472,1.0592,1.0595,2.40,1.00
2008.06.18 02:29:03.183,1.0592,1.05965,2.40,1.00
2008.06.18 02:29:03.368,1.0592,1.0597,2.40,8.70
2008.06.18 02:29:03.584,1.0592,1.0597,2.40,1.00
2008.06.18 02:29:06.858,1.0592,1.0597,2.40,1.20
2008.06.18 02:29:06.930,1.0592,1.0597,2.40,10.00
2008.06.18 02:29:07.233,1.0592,1.0597,2.40,8.50
2008.06.18 02:29:07.542,1.0592,1.0597,2.40,1.00
2008.06.18 02:29:09.924,1.0592,1.0597,2.40,1.20
2008.06.18 02:29:10.066,1.0592,1.05965,2.40,1.00
2008.06.18 02:29:10.461,1.0592,1.0597,2.40,7.90
2008.06.18 02:29:10.695,1.0592,1.0597,2.40,8.10
2008.06.18 02:29:10.811,1.0592,1.05965,2.40,1.00
2008.06.18 02:29:11.330,1.0592,1.0597,2.40,1.00
2008.06.18 02:29:12.406,1.0592,1.0597,3.60,1.00
2008.06.18 02:29:12.514,1.0592,1.0597,3.90,1.00
2008.06.18 02:29:12.626,1.0592,1.0597,6.80,1.00
2008.06.18 02:29:12.815,1.0592,1.0597,16.00,1.00
2008.06.18 02:29:13.112,1.0593,1.0597,7.00,1.00
2008.06.18 02:29:13.272,1.0593,1.0597,10.90,1.00
2008.06.18 02:29:13.441,1.0593,1.0597,2.40,1.00
2008.06.18 02:29:13.751,1.0592,1.0597,11.80,1.00
2008.06.18 02:29:16.557,1.0592,1.0597,7.80,1.00
2008.06.18 02:29:16.710,1.0592,1.0597,3.30,1.00
2008.06.18 02:29:16.858,1.0592,1.0597,2.40,1.00
2008.06.18 02:29:17.458,1.0592,1.0597,9.60,1.00
2008.06.18 02:29:18.690,1.0592,1.0597,2.40,1.00
2008.06.18 02:29:21.395,1.0592,1.0597,11.80,1.00
2008.06.18 02:29:22.913,1.0592,1.0597,2.40,1.00
2008.06.18 02:29:24.155,1.0592,1.0597,2.40,1.00
2008.06.18 02:29:25.946,1.0592,1.0597,11.60,1.00
2008.06.18 02:29:30.383,1.0592,1.0597,9.70,1.00
2008.06.18 02:29:30.555,1.0592,1.0597,11.60,1.00
2008.06.18 02:29:32.343,1.0592,1.0597,12.10,1.00
2008.06.18 02:29:32.503,1.0592,1.0597,7.40,1.00
2008.06.18 02:29:32.896,1.0592,1.0597,2.40,1.00
2008.06.18 02:29:34.519,1.0592,1.0597,8.10,1.00
2008.06.18 02:29:39.727,1.0592,1.0597,9.30,1.20
2008.06.18 02:29:40.003,1.0592,1.0595,7.80,1.00
2008.06.18 02:29:40.448,1.0592,1.0595,2.40,1.00
2008.06.18 02:29:40.772,1.0592,1.0597,2.40,5.50
2008.06.18 02:29:40.832,1.0592,1.0597,2.40,7.50
2008.06.18 02:29:41.104,1.0592,1.0597,2.40,1.00
2008.06.18 02:29:43.485,1.0592,1.0596,2.40,1.00
2008.06.18 02:29:47.645,1.0592,1.0596,7.30,1.00
2008.06.18 02:29:49.393,1.0592,1.0596,2.40,1.00
2008.06.18 02:29:57.441,1.0592,1.0596,9.10,1.00
2008.06.18 02:30:02.195,1.0592,1.0597,10.60,1.00
2008.06.18 02:30:06.933,1.0592,1.0597,2.40,1.00
2008.06.18 02:30:09.446,1.0592,1.0597,9.80,1.00
2008.06.18 02:30:10.219,1.0592,1.0596,7.20,1.00
2008.06.18 02:30:10.947,1.0592,1.0596,2.40,1.00
2008.06.18 02:30:11.979,1.0593,1.0598,2.40,7.50
2008.06.18 02:30:12.185,1.0593,1.0598,2.40,2.10
2008.06.18 02:30:12.516,1.0593,1.0598,2.40,1.90
2008.06.18 02:30:13.401,1.0594,1.0598,2.40,1.90
2008.06.18 02:30:14.477,1.0594,1.0597,2.40,1.00
2008.06.18 02:30:14.570,1.0594,1.05965,2.40,1.00
2008.06.18 02:30:14.674,1.0593,1.05965,2.40,1.00
2008.06.18 02:30:15.307,1.0593,1.0598,2.40,1.90
2008.06.18 02:30:19.379,1.0592,1.0598,2.40,1.90
2008.06.18 02:30:20.294,1.0592,1.05975,2.40,1.00
2008.06.18 02:30:26.082,1.0592,1.05975,2.80,1.00
2008.06.18 02:30:26.696,1.0593,1.05975,2.40,1.00
2008.06.18 02:31:07.003,1.0594,1.05985,2.40,1.00
2008.06.18 02:31:07.125,1.0594,1.0598,2.40,1.00
2008.06.18 02:31:07.362,1.0594,1.05975,2.40,1.00
2008.06.18 02:31:07.598,1.0594,1.05985,2.40,1.00
2008.06.18 02:31:17.632,1.0593,1.05985,2.40,1.00
2008.06.18 02:31:18.153,1.0593,1.05985,2.40,1.00
2008.06.18 02:31:18.300,1.0593,1.0598,2.40,1.90
2008.06.18 02:31:21.154,1.0594,1.0598,2.40,1.90
2008.06.18 02:31:24.528,1.0594,1.05965,2.40,1.00
2008.06.18 02:31:24.663,1.0593,1.05965,2.40,1.00
2008.06.18 02:31:24.760,1.0593,1.05975,2.40,1.00
2008.06.18 02:31:24.815,1.0593,1.0597,2.40,1.00
2008.06.18 02:31:25.047,1.0593,1.05965,2.40,1.00
2008.06.18 02:31:33.542,1.0593,1.05975,2.40,1.00
2008.06.18 02:31:34.469,1.0593,1.0597,2.40,1.00
2008.06.18 02:31:34.565,1.0593,1.05965,2.40,1.00
2008.06.18 02:31:37.849,1.0593,1.05975,2.40,1.00
2008.06.18 02:31:38.016,1.0594,1.05975,2.40,1.00
2008.06.18 02:31:39.185,1.0592,1.05975,2.40,1.00
2008.06.18 02:31:39.916,1.0592,1.05975,11.00,1.00
2008.06.18 02:31:40.015,1.0592,1.05975,19.80,1.00
2008.06.18 02:31:40.497,1.0594,1.05975,2.40,1.00
2008.06.18 02:31:41.180,1.0592,1.05975,2.40,1.00
2008.06.18 02:31:41.893,1.0592,1.0597,2.40,1.00
2008.06.18 02:31:42.043,1.0592,1.0597,2.40,1.90
2008.06.18 02:31:42.627,1.0592,1.0597,6.00,1.90
2008.06.18 02:31:42.725,1.0592,1.0597,16.60,1.90
2008.06.18 02:31:42.995,1.0592,1.0597,2.40,1.90
2008.06.18 02:31:43.233,1.0594,1.0597,2.40,1.90
2008.06.18 02:31:43.635,1.0592,1.05965,2.40,1.00
2008.06.18 02:31:45.864,1.0593,1.05965,2.40,1.00
2008.06.18 02:31:48.819,1.0593,1.05965,6.30,1.00
2008.06.18 02:31:49.078,1.0595,1.05965,2.40,1.00
2008.06.18 02:31:51.725,1.0594,1.05965,2.40,1.00
2008.06.18 02:31:57.313,1.0594,1.0597,2.40,1.00
2008.06.18 02:31:57.472,1.0594,1.0598,2.40,1.20
2008.06.18 02:31:57.622,1.0594,1.05975,2.40,1.00
2008.06.18 02:31:58.252,1.0594,1.05955,2.40,1.00
2008.06.18 02:31:58.392,1.0593,1.05955,2.40,1.00
2008.06.18 02:31:58.910,1.0592,1.05955,2.40,1.00
2008.06.18 02:32:00.499,1.0592,1.0596,2.40,1.00
2008.06.18 02:32:00.635,1.0592,1.05965,2.40,1.00
2008.06.18 02:32:01.267,1.0592,1.05955,2.40,1.00
2008.06.18 02:32:02.221,1.0592,1.05955,7.20,1.00
2008.06.18 02:32:02.689,1.0593,1.05955,2.40,1.00
2008.06.18 02:32:03.591,1.0593,1.05965,2.40,1.00
2008.06.18 02:32:04.033,1.0593,1.05955,2.40,1.00
2008.06.18 02:32:06.791,1.0593,1.0596,2.40,1.00
2008.06.18 02:32:07.050,1.0593,1.05965,2.40,1.00
2008.06.18 02:32:07.190,1.0593,1.05965,8.10,1.00
2008.06.18 02:32:07.580,1.0593,1.0596,2.40,2.10
2008.06.18 02:32:07.784,1.0593,1.05955,2.40,1.00
2008.06.18 02:32:10.580,1.0594,1.05965,2.40,1.00
2008.06.18 02:32:10.854,1.0594,1.05955,2.40,1.00
2008.06.18 02:32:11.008,1.0594,1.05965,2.40,1.00
2008.06.18 02:32:11.967,1.0594,1.0596,2.40,1.00
2008.06.18 02:32:12.153,1.0593,1.05955,2.40,1.00
2008.06.18 02:32:18.191,1.0592,1.05955,7.20,1.00
2008.06.18 02:32:18.403,1.0592,1.05955,2.40,1.00
2008.06.18 02:32:18.961,1.0592,1.05955,10.90,1.00
2008.06.18 02:32:19.397,1.0593,1.05955,2.40,1.00
2008.06.18 02:32:20.274,1.0592,1.05955,6.30,1.00
2008.06.18 02:32:20.434,1.0592,1.05955,2.40,1.00
2008.06.18 02:32:20.899,1.0592,1.0595,9.90,1.00
2008.06.18 02:32:20.977,1.0592,1.05945,7.30,1.00
2008.06.18 02:32:21.085,1.0592,1.05945,2.40,1.00
2008.06.18 02:32:23.767,1.0592,1.0595,2.40,1.00
2008.06.18 02:32:23.862,1.0592,1.05955,2.40,1.00
2008.06.18 02:32:27.484,1.0592,1.0595,2.40,1.00
2008.06.18 02:32:27.560,1.0592,1.05945,2.40,1.00
2008.06.18 02:32:33.339,1.0592,1.05955,2.40,1.00
2008.06.18 02:32:33.829,1.0592,1.05955,10.80,1.00
2008.06.18 02:32:34.215,1.0593,1.05955,2.40,1.00
2008.06.18 02:32:36.645,1.0592,1.0595,8.40,1.00
2008.06.18 02:32:37.022,1.0592,1.0595,2.40,1.20
2008.06.18 02:32:37.055,1.0592,1.05945,2.40,1.00
2008.06.18 02:32:39.979,1.0592,1.05955,2.40,1.00
2008.06.18 02:32:43.396,1.0592,1.0595,2.40,1.00
2008.06.18 02:32:43.560,1.0592,1.05945,2.40,1.00
2008.06.18 02:32:59.995,1.0591,1.05945,2.40,1.00
2008.06.18 02:33:00.178,1.0591,1.0594,2.40,1.00
2008.06.18 02:33:00.310,1.0591,1.05935,2.40,1.00
2008.06.18 02:33:01.656,1.0591,1.05945,2.40,1.00
2008.06.18 02:33:04.444,1.0591,1.0594,2.40,1.00
2008.06.18 02:33:04.546,1.0591,1.05935,2.40,1.00
2008.06.18 02:33:06.993,1.0591,1.05935,2.40,1.00
2008.06.18 02:33:12.357,1.059,1.0593,2.40,1.00
2008.06.18 02:33:12.555,1.059,1.0593,2.80,1.20
2008.06.18 02:33:12.583,1.059,1.05925,1.80,1.00
2008.06.18 02:33:12.748,1.059,1.05925,2.40,1.00
2008.06.18 02:33:16.750,1.059,1.0593,2.40,1.00
2008.06.18 02:33:16.830,1.059,1.05935,2.40,1.00
2008.06.18 02:33:17.176,1.059,1.05935,2.00,1.00
2008.06.18 02:33:17.700,1.0591,1.05935,2.40,1.00
2008.06.18 02:33:18.091,1.0591,1.0593,2.40,1.00
2008.06.18 02:33:18.292,1.059,1.05925,2.40,1.00
2008.06.18 02:33:21.261,1.0591,1.05925,2.40,1.00
2008.06.18 02:33:21.339,1.0591,1.05935,2.40,1.00
2008.06.18 02:33:22.052,1.0591,1.0594,2.40,2.10
2008.06.18 02:33:22.205,1.059,1.0593,2.40,1.20
2008.06.18 02:33:22.354,1.059,1.05925,2.40,1.00
2008.06.18 02:33:22.530,1.05895,1.05925,1.00,1.00
2008.06.18 02:33:29.017,1.05895,1.0593,1.00,1.00
2008.06.18 02:33:29.355,1.059,1.05935,2.40,1.00
2008.06.18 02:33:29.403,1.059,1.05935,8.00,1.00
2008.06.18 02:33:33.938,1.0591,1.05935,2.40,1.00
2008.06.18 02:33:34.090,1.0591,1.05945,2.40,1.00
2008.06.18 02:33:34.569,1.0591,1.05945,9.30,1.00
2008.06.18 02:33:39.233,1.0591,1.05945,11.20,1.00
2008.06.18 02:33:39.578,1.0591,1.05945,8.00,1.00
2008.06.18 02:33:58.635,1.0591,1.05945,3.30,1.00
2008.06.18 02:33:58.770,1.0591,1.0594,3.30,1.00
2008.06.18 02:33:58.791,1.0591,1.0594,2.40,1.00
2008.06.18 02:33:59.024,1.0591,1.05945,2.40,1.00
2008.06.18 02:33:59.138,1.0591,1.0594,2.40,1.00
2008.06.18 02:33:59.333,1.0591,1.05935,2.40,1.00
2008.06.18 02:34:00.064,1.0592,1.05945,2.40,1.00
2008.06.18 02:34:25.338,1.0592,1.05955,2.40,1.00
2008.06.18 02:34:26.206,1.0592,1.05955,9.10,1.00
2008.06.18 02:34:26.789,1.0593,1.05955,2.40,1.00
2008.06.18 02:34:54.253,1.0592,1.05955,11.60,1.00
2008.06.18 02:34:54.412,1.0592,1.05955,2.40,1.00
2008.06.18 02:34:54.823,1.0592,1.05955,2.40,1.00
2008.06.18 02:34:56.968,1.0592,1.05945,2.40,1.00
2008.06.18 02:35:00.081,1.0593,1.05945,2.40,1.00
2008.06.18 02:35:00.183,1.0593,1.05955,2.40,1.00
2008.06.18 02:35:01.656,1.0592,1.05955,1.90,1.00
2008.06.18 02:35:01.966,1.0592,1.05955,2.40,1.00
2008.06.18 02:35:02.109,1.0592,1.05945,2.40,1.00
2008.06.18 02:35:02.313,1.0592,1.05955,2.40,1.00
2008.06.18 02:35:02.451,1.0593,1.05955,2.40,1.00
2008.06.18 02:35:07.837,1.0592,1.05955,6.90,1.00
2008.06.18 02:35:07.889,1.0592,1.05955,2.40,1.00
2008.06.18 02:35:07.985,1.0592,1.0595,2.40,1.00
2008.06.18 02:35:08.272,1.0592,1.05945,2.40,1.00
2008.06.18 02:35:10.609,1.0592,1.05955,2.40,1.00
2008.06.18 02:35:13.674,1.0592,1.05955,8.10,1.00
2008.06.18 02:35:14.306,1.0593,1.05955,2.40,1.00
2008.06.18 02:35:22.103,1.0593,1.0595,2.40,1.00
2008.06.18 02:35:22.323,1.0593,1.05945,2.40,1.00
2008.06.18 02:35:22.409,1.0592,1.05945,2.40,1.00
2008.06.18 02:35:26.715,1.0592,1.0595,2.40,1.00
2008.06.18 02:35:26.849,1.0593,1.05955,2.40,1.00
2008.06.18 02:35:28.309,1.0592,1.05955,9.20,1.00
2008.06.18 02:35:28.914,1.0592,1.05955,2.40,1.00
2008.06.18 02:35:29.459,1.0592,1.05955,7.40,1.00
2008.06.18 02:35:29.581,1.0593,1.05955,2.40,1.00
2008.06.18 02:35:30.091,1.0593,1.05945,2.40,1.00
2008.06.18 02:35:30.210,1.0592,1.05945,2.40,1.00
2008.06.18 02:35:30.361,1.0592,1.0595,2.40,1.00
2008.06.18 02:35:30.517,1.0592,1.05955,2.40,1.00
2008.06.18 02:35:33.817,1.0592,1.05955,11.20,1.00
2008.06.18 02:35:33.901,1.0593,1.05955,2.40,1.00
2008.06.18 02:35:34.578,1.0592,1.05955,8.50,1.00
2008.06.18 02:35:34.659,1.0592,1.05955,2.40,1.00
2008.06.18 02:35:39.212,1.0592,1.0595,2.40,1.00
2008.06.18 02:35:39.271,1.0592,1.05945,2.40,1.00
2008.06.18 02:35:40.518,1.0592,1.0595,2.40,1.00
2008.06.18 02:35:40.628,1.0592,1.0595,2.40,1.20
2008.06.18 02:35:40.908,1.0592,1.05945,2.40,1.00
2008.06.18 02:35:41.029,1.0592,1.05955,2.40,1.00
2008.06.18 02:35:41.458,1.0592,1.0595,2.40,1.00
2008.06.18 02:35:41.577,1.0592,1.05945,2.40,1.00
2008.06.18 02:35:42.587,1.0592,1.05955,2.40,1.00
2008.06.18 02:35:44.676,1.0592,1.0595,2.40,1.00
2008.06.18 02:35:44.830,1.0592,1.05945,2.40,1.00
2008.06.18 02:35:54.913,1.0592,1.0594,2.40,1.00
2008.06.18 02:35:55.048,1.0592,1.0594,2.40,1.90
2008.06.18 02:35:55.605,1.0591,1.0594,6.70,1.90
2008.06.18 02:35:55.823,1.0591,1.0594,2.40,1.90
2008.06.18 02:36:08.149,1.0591,1.0594,2.40,1.00
2008.06.18 02:36:08.307,1.0591,1.0595,2.40,1.90
2008.06.18 02:36:09.665,1.0592,1.0595,2.40,1.90
2008.06.18 02:36:10.081,1.0591,1.0595,2.40,1.90
2008.06.18 02:36:10.873,1.0592,1.0595,2.40,1.90
2008.06.18 02:36:25.026,1.0591,1.0595,2.40,1.90
2008.06.18 02:36:25.071,1.0591,1.0594,2.40,1.00
2008.06.18 02:36:25.292,1.0591,1.0594,2.40,1.90
2008.06.18 02:36:25.515,1.0591,1.0594,2.40,1.00
2008.06.18 02:36:25.819,1.0591,1.0595,2.40,1.90
2008.06.18 02:36:31.595,1.0591,1.0595,2.40,1.90
2008.06.18 02:36:33.685,1.0591,1.0594,2.40,1.00
2008.06.18 02:36:33.896,1.0591,1.0594,2.40,1.90
2008.06.18 02:36:34.769,1.0591,1.0594,2.40,1.00
2008.06.18 02:36:35.090,1.0591,1.0595,2.40,1.90
2008.06.18 02:36:38.210,1.0592,1.0595,2.40,1.90
2008.06.18 02:36:38.893,1.0591,1.0595,2.40,1.90
2008.06.18 02:36:48.819,1.0591,1.0595,2.40,4.00
2008.06.18 02:36:49.082,1.0591,1.0594,2.40,1.00
2008.06.18 02:36:49.133,1.0591,1.0594,2.40,1.90
2008.06.18 02:36:50.179,1.0591,1.0594,2.40,1.00
2008.06.18 02:36:50.269,1.0591,1.0595,2.40,1.90
2008.06.18 02:36:54.271,1.0591,1.0595,2.40,3.70
2008.06.18 02:36:54.313,1.0591,1.05945,2.40,1.00
2008.06.18 02:36:54.448,1.0591,1.0594,2.40,1.00
2008.06.18 02:36:54.558,1.0591,1.0594,2.40,1.90
2008.06.18 02:37:12.709,1.0591,1.0594,2.40,1.00
2008.06.18 02:37:12.742,1.0591,1.0595,2.40,1.90
2008.06.18 02:37:24.626,1.0591,1.0594,2.40,1.00
2008.06.18 02:37:24.855,1.0591,1.0594,2.40,1.90
2008.06.18 02:37:26.906,1.0591,1.0594,2.40,1.00
2008.06.18 02:37:27.284,1.0591,1.0595,2.40,1.90
2008.06.18 02:37:35.150,1.0592,1.0595,2.40,1.90
2008.06.18 02:37:38.774,1.0592,1.0595,2.40,1.00
2008.06.18 02:37:38.985,1.0592,1.0596,2.40,2.10
2008.06.18 02:37:39.138,1.0592,1.0596,2.40,1.90
2008.06.18 02:37:39.869,1.0593,1.0596,2.40,1.90
2008.06.18 02:37:40.330,1.0592,1.0596,2.40,1.90
2008.06.18 02:37:41.090,1.0593,1.0595,2.40,1.00
2008.06.18 02:37:41.563,1.0593,1.0596,2.40,1.90
2008.06.18 02:37:42.141,1.0592,1.0596,2.40,1.90
2008.06.18 02:37:42.538,1.0592,1.0595,2.40,1.00
2008.06.18 02:37:42.787,1.0592,1.0595,2.40,1.90
2008.06.18 02:37:43.443,1.0592,1.0595,2.40,1.00
2008.06.18 02:37:43.766,1.0592,1.0596,2.40,2.10
2008.06.18 02:37:43.993,1.0592,1.0595,2.40,1.00
2008.06.18 02:37:44.107,1.0592,1.0595,2.40,1.90
2008.06.18 02:37:44.863,1.0592,1.0595,2.40,1.00
2008.06.18 02:37:44.976,1.0592,1.0596,2.40,1.90
2008.06.18 02:37:48.793,1.0593,1.0596,2.40,1.90
2008.06.18 02:37:50.427,1.0592,1.0596,2.40,1.90
2008.06.18 02:37:51.408,1.0591,1.0596,9.30,1.90
2008.06.18 02:37:51.441,1.05905,1.0596,1.00,1.90
2008.06.18 02:37:51.653,1.0589,1.0596,6.60,1.90
2008.06.18 02:37:51.933,1.0589,1.0596,12.40,1.90
2008.06.18 02:37:52.200,1.0589,1.0596,2.40,1.90
2008.06.18 02:37:53.716,1.0589,1.0596,1.20,1.90
2008.06.18 02:37:54.605,1.0589,1.0596,2.50,1.90
2008.06.18 02:37:56.362,1.0589,1.0596,1.20,1.90
2008.06.18 02:37:57.892,1.0589,1.05955,1.20,1.00
2008.06.18 02:37:58.050,1.05885,1.05955,1.20,1.00
2008.06.18 02:37:58.333,1.05885,1.0595,1.20,1.00
2008.06.18 02:37:58.624,1.0588,1.0595,3.40,1.00
2008.06.18 02:38:00.263,1.0588,1.0595,4.20,1.00
2008.06.18 02:38:00.802,1.0588,1.0595,11.50,1.00
2008.06.18 02:38:00.898,1.0589,1.0595,6.10,1.00
2008.06.18 02:38:01.293,1.0589,1.0595,9.80,1.00
2008.06.18 02:38:03.698,1.0589,1.0595,2.40,1.00
2008.06.18 02:38:03.853,1.0588,1.0595,16.60,1.00
2008.06.18 02:38:03.924,1.0589,1.0595,5.70,1.00
2008.06.18 02:38:04.605,1.0589,1.0595,6.70,1.00
2008.06.18 02:38:06.286,1.0589,1.0595,2.40,1.20
2008.06.18 02:38:06.457,1.0589,1.0595,2.40,2.10
2008.06.18 02:38:06.518,1.0589,1.05945,2.40,1.00
2008.06.18 02:38:07.820,1.0589,1.0595,2.40,1.00
2008.06.18 02:38:08.770,1.0589,1.0596,2.40,9.30
2008.06.18 02:38:08.925,1.0589,1.0596,2.40,2.10
2008.06.18 02:38:11.543,1.0589,1.05955,2.40,1.00
2008.06.18 02:38:11.852,1.0589,1.0595,2.40,1.00
2008.06.18 02:38:12.643,1.0589,1.0595,3.30,1.00
2008.06.18 02:38:12.735,1.0589,1.0595,3.20,1.00
2008.06.18 02:38:12.943,1.0589,1.0595,8.50,1.00
2008.06.18 02:38:13.015,1.059,1.05955,2.40,1.00
2008.06.18 02:38:14.128,1.059,1.0596,2.40,1.00
2008.06.18 02:38:15.047,1.05895,1.0596,1.00,1.00
2008.06.18 02:38:15.385,1.05895,1.0596,1.00,1.00
2008.06.18 02:38:15.749,1.059,1.0596,1.00,1.00
2008.06.18 02:38:15.976,1.059,1.0596,1.90,1.00
2008.06.18 02:38:20.911,1.059,1.0596,1.00,1.00
2008.06.18 02:38:21.088,1.0589,1.0596,2.20,1.00
2008.06.18 02:38:21.643,1.0589,1.05965,1.80,1.00
2008.06.18 02:38:21.727,1.0589,1.05965,2.10,1.00
2008.06.18 02:38:23.786,1.0589,1.05965,2.80,1.00
2008.06.18 02:38:24.636,1.0589,1.05965,2.40,1.00
2008.06.18 02:38:24.802,1.05895,1.05965,1.00,1.00
2008.06.18 02:38:25.306,1.059,1.05965,2.40,1.00
2008.06.18 02:38:28.785,1.059,1.0596,2.40,1.00
2008.06.18 02:38:36.270,1.059,1.0596,2.40,1.20
2008.06.18 02:38:36.373,1.059,1.0596,2.40,2.10
2008.06.18 02:38:44.327,1.059,1.0596,11.80,2.10
2008.06.18 02:38:56.658,1.059,1.0596,8.40,2.10
2008.06.18 02:38:56.741,1.059,1.0596,13.40,2.10
2008.06.18 02:38:56.817,1.0591,1.0596,9.10,2.10
2008.06.18 02:38:56.932,1.0591,1.0596,8.20,1.90
2008.06.18 02:38:57.647,1.0591,1.0596,7.80,1.00
2008.06.18 02:38:57.704,1.0591,1.0597,10.80,2.10
2008.06.18 02:39:02.428,1.0591,1.0597,8.80,2.10
2008.06.18 02:39:02.541,1.059,1.0597,15.30,2.10
2008.06.18 02:39:02.657,1.059,1.0597,11.50,2.10
2008.06.18 02:39:03.096,1.059,1.0597,7.30,2.10
2008.06.18 02:39:04.950,1.059,1.0597,9.00,2.10
2008.06.18 02:39:09.518,1.059,1.0597,7.90,3.70
2008.06.18 02:39:10.119,1.059,1.0596,8.10,1.00
2008.06.18 02:39:11.973,1.059,1.0596,7.60,1.20
2008.06.18 02:39:12.075,1.059,1.0596,7.50,2.10
2008.06.18 02:39:22.029,1.059,1.0596,2.40,2.10
2008.06.18 02:39:22.092,1.0589,1.0596,17.50,2.10
2008.06.18 02:39:22.190,1.0589,1.0596,8.50,2.10
2008.06.18 02:39:22.395,1.0589,1.0596,10.60,3.70
2008.06.18 02:39:22.547,1.0589,1.0595,7.30,1.00
2008.06.18 02:39:22.609,1.05885,1.0595,1.00,1.00
2008.06.18 02:39:24.253,1.0589,1.0595,9.30,1.00
2008.06.18 02:39:24.565,1.0589,1.05955,7.00,1.00
2008.06.18 02:39:26.177,1.0589,1.05955,11.50,1.00
2008.06.18 02:39:26.583,1.0589,1.0595,9.30,1.00
2008.06.18 02:39:38.172,1.0589,1.0595,10.40,1.20
2008.06.18 02:39:38.335,1.0589,1.0595,8.50,2.10
2008.06.18 02:39:40.975,1.0589,1.0595,2.40,2.10
2008.06.18 02:39:41.081,1.0588,1.0595,15.80,2.10
2008.06.18 02:39:41.130,1.0588,1.0595,7.20,2.10
2008.06.18 02:39:41.280,1.0588,1.05945,13.40,1.00
2008.06.18 02:39:41.829,1.0588,1.0594,13.60,1.00
2008.06.18 02:39:45.249,1.0588,1.05945,7.40,1.00
2008.06.18 02:39:46.604,1.0588,1.05945,9.00,1.00
2008.06.18 02:39:46.721,1.05885,1.05945,1.00,1.00
2008.06.18 02:39:47.183,1.0589,1.05945,8.20,1.00
2008.06.18 02:39:47.548,1.0589,1.05945,9.10,1.00
2008.06.18 02:39:54.242,1.0589,1.0594,6.30,1.00
2008.06.18 02:39:54.274,1.0588,1.0594,20.80,1.00
2008.06.18 02:39:54.366,1.0588,1.0594,6.70,1.00
2008.06.18 02:39:56.122,1.0588,1.0594,4.20,1.00
2008.06.18 02:40:05.949,1.0589,1.0594,6.70,1.00
2008.06.18 02:40:06.138,1.0589,1.05945,8.50,1.00
2008.06.18 02:40:09.858,1.0589,1.05945,9.30,1.00
2008.06.18 02:40:09.911,1.0588,1.05945,12.20,1.00
2008.06.18 02:40:09.972,1.0589,1.05945,5.50,1.00
2008.06.18 02:40:10.723,1.0589,1.05945,8.50,1.00
2008.06.18 02:40:22.259,1.0589,1.05945,4.80,1.00
2008.06.18 02:40:22.508,1.0588,1.05945,17.00,1.00
2008.06.18 02:40:22.649,1.0588,1.05945,7.20,1.00
2008.06.18 02:40:28.178,1.0588,1.0594,8.60,1.00
2008.06.18 02:40:38.242,1.0588,1.0594,7.60,1.00
2008.06.18 02:40:38.273,1.0588,1.0594,6.90,1.00
2008.06.18 02:40:38.472,1.05885,1.0594,1.00,1.00
2008.06.18 02:40:38.505,1.0589,1.0594,6.80,1.00
2008.06.18 02:40:38.534,1.0589,1.05945,10.30,1.00
2008.06.18 02:41:10.228,1.0589,1.05945,8.60,1.00
2008.06.18 02:41:10.594,1.0588,1.05945,22.00,1.00
2008.06.18 02:41:10.808,1.0588,1.05945,11.40,1.00
2008.06.18 02:41:11.218,1.0588,1.05945,10.60,1.00
2008.06.18 02:41:11.437,1.0589,1.05945,8.70,1.00
2008.06.18 02:41:11.766,1.0589,1.05945,10.50,1.00
2008.06.18 02:41:12.418,1.0589,1.05945,9.40,1.00
2008.06.18 02:41:12.527,1.0588,1.05945,18.60,1.00
2008.06.18 02:41:12.660,1.0588,1.05945,10.40,1.00
2008.06.18 02:41:13.416,1.0588,1.0594,7.60,1.00
2008.06.18 02:41:13.958,1.0589,1.0594,5.70,1.00
2008.06.18 02:41:14.102,1.0589,1.05945,7.60,1.00
2008.06.18 02:41:14.495,1.0589,1.05945,2.40,1.00
2008.06.18 02:41:14.638,1.0588,1.05945,12.40,1.00
2008.06.18 02:41:16.598,1.0588,1.0594,13.60,1.00
2008.06.18 02:41:38.896,1.0588,1.05945,6.90,1.00
2008.06.18 02:41:39.131,1.0589,1.05945,5.50,1.00
2008.06.18 02:41:39.661,1.0589,1.05945,8.20,1.00
2008.06.18 02:41:58.210,1.0589,1.05945,9.70,1.00
2008.06.18 02:41:58.274,1.0589,1.05945,9.60,1.00
2008.06.18 02:41:58.319,1.0589,1.05945,3.80,1.00
2008.06.18 02:41:58.541,1.059,1.05945,4.90,1.00
2008.06.18 02:41:58.817,1.0592,1.05945,2.40,1.00
2008.06.18 02:41:59.249,1.0592,1.0595,2.40,1.00
2008.06.18 02:41:59.346,1.0592,1.05955,2.40,1.00
2008.06.18 02:42:01.744,1.0592,1.05965,2.40,1.00
2008.06.18 02:42:03.010,1.0592,1.0596,2.40,1.00
2008.06.18 02:42:03.239,1.0592,1.0596,2.40,1.90
2008.06.18 02:42:10.146,1.0592,1.0596,2.40,1.00
2008.06.18 02:42:10.241,1.0592,1.0597,2.40,1.90
2008.06.18 02:42:23.297,1.0592,1.0597,7.40,1.90
2008.06.18 02:42:23.825,1.0592,1.0597,2.40,1.90
2008.06.18 02:42:25.783,1.0592,1.0597,6.20,1.90
2008.06.18 02:42:26.268,1.0592,1.0597,2.40,1.90
2008.06.18 02:42:26.977,1.0592,1.0596,2.40,1.00
2008.06.18 02:42:27.029,1.0592,1.0596,2.40,1.90
2008.06.18 02:42:27.220,1.0592,1.0596,2.40,1.00
2008.06.18 02:42:27.628,1.0592,1.0597,2.40,1.90
2008.06.18 02:42:27.779,1.0592,1.0597,10.50,1.90
2008.06.18 02:42:29.318,1.0592,1.0597,2.40,1.90
2008.06.18 02:42:45.391,1.0592,1.0597,7.90,1.90
2008.06.18 02:42:49.158,1.0592,1.0597,10.30,1.00
2008.06.18 02:42:49.231,1.0597,1.0599,1.00,2.70
2008.06.18 02:42:49.320,1.0597,1.0599,1.00,3.60
2008.06.18 02:42:49.410,1.0597,1.0599,1.90,1.90
2008.06.18 02:42:49.522,1.0597,1.0599,1.90,1.00
2008.06.18 02:42:49.777,1.0597,1.06,1.90,1.00
2008.06.18 02:42:50.403,1.0597,1.06,3.70,1.00
2008.06.18 02:42:50.624,1.0597,1.06,7.50,1.00
2008.06.18 02:42:50.872,1.0598,1.0601,2.40,1.00
2008.06.18 02:42:55.072,1.0598,1.0601,11.60,1.00
2008.06.18 02:42:55.672,1.0598,1.0601,2.40,1.00
2008.06.18 02:42:56.817,1.0598,1.0601,2.40,1.20
2008.06.18 02:42:56.897,1.0597,1.0599,9.60,1.00
2008.06.18 02:42:57.151,1.0597,1.0599,2.80,1.00
2008.06.18 02:42:57.376,1.0596,1.0599,11.00,1.00
2008.06.18 02:42:57.478,1.0596,1.0599,9.70,1.00
2008.06.18 02:42:57.588,1.0596,1.0599,2.40,1.00
2008.06.18 02:43:00.419,1.0597,1.06,2.40,9.00
2008.06.18 02:43:00.468,1.0597,1.06,2.40,7.90
2008.06.18 02:43:00.695,1.0597,1.06,2.40,1.00
2008.06.18 02:43:16.988,1.0596,1.0599,2.40,1.00
2008.06.18 02:43:55.416,1.0596,1.06,2.40,1.00
2008.06.18 02:44:07.933,1.0596,1.0601,2.40,1.00
2008.06.18 02:44:12.194,1.0596,1.06,2.40,1.00
2008.06.18 02:44:27.571,1.0596,1.0601,2.40,1.00
2008.06.18 02:44:41.210,1.0596,1.06,2.40,1.00
2008.06.18 02:44:41.413,1.0596,1.06,7.40,1.00
2008.06.18 02:44:41.858,1.0597,1.06,2.40,1.00
2008.06.18 02:44:42.377,1.0596,1.06,2.40,1.00
2008.06.18 02:44:44.696,1.0596,1.06,6.70,1.00
2008.06.18 02:44:45.198,1.0596,1.06,2.40,1.00
2008.06.18 02:44:47.865,1.0596,1.06,11.80,1.00
2008.06.18 02:44:48.258,1.0597,1.06,2.40,1.00
2008.06.18 02:44:49.069,1.0596,1.06,7.90,1.00
2008.06.18 02:44:49.190,1.0596,1.06,2.40,1.00
2008.06.18 02:44:56.147,1.0596,1.06,9.60,1.00
2008.06.18 02:44:56.585,1.0597,1.06,2.40,1.00
2008.06.18 02:44:58.075,1.0596,1.06,9.20,1.00
2008.06.18 02:44:58.222,1.0596,1.06,2.40,1.00
2008.06.18 02:45:00.557,1.0596,1.06,9.10,1.00
2008.06.18 02:45:00.864,1.0597,1.06,2.40,1.00
2008.06.18 02:45:26.890,1.0597,1.0601,2.40,1.00
2008.06.18 02:45:31.762,1.0597,1.0601,2.40,1.00
2008.06.18 02:45:59.195,1.0596,1.0601,3.30,1.00
2008.06.18 02:45:59.218,1.0596,1.0601,2.40,1.00
2008.06.18 02:46:00.139,1.0596,1.0601,9.30,1.00
2008.06.18 02:46:00.610,1.0597,1.0601,2.40,1.00
2008.06.18 02:46:03.348,1.0597,1.06,2.40,1.00
2008.06.18 02:46:42.296,1.0598,1.0601,2.40,1.00
2008.06.18 02:46:45.373,1.0597,1.0601,8.10,1.00
2008.06.18 02:46:45.399,1.0597,1.0601,2.40,1.00
2008.06.18 02:46:46.131,1.0597,1.06,2.40,1.00
2008.06.18 02:47:09.122,1.0596,1.06,2.40,1.00
2008.06.18 02:47:09.658,1.0596,1.06,2.40,9.70
2008.06.18 02:47:09.952,1.0596,1.0599,2.40,1.00
2008.06.18 02:47:10.900,1.0596,1.06,2.40,1.00
2008.06.18 02:47:20.147,1.0596,1.06,9.40,1.00
2008.06.18 02:47:20.640,1.0597,1.06,2.40,1.00
2008.06.18 02:47:21.636,1.0597,1.06,2.40,1.00
2008.06.18 02:47:21.687,1.0596,1.06,6.30,1.00
2008.06.18 02:47:22.109,1.0596,1.06,2.40,1.00
2008.06.18 02:48:07.981,1.0596,1.0599,2.40,1.00
2008.06.18 02:48:19.992,1.0595,1.0599,10.60,1.00
2008.06.18 02:48:20.354,1.0595,1.0599,2.40,1.00
2008.06.18 02:48:24.546,1.0595,1.0599,7.90,1.00
2008.06.18 02:48:24.995,1.0595,1.0599,2.40,1.00
2008.06.18 02:48:25.384,1.0595,1.0599,6.00,1.00
2008.06.18 02:48:25.813,1.0596,1.0599,2.40,1.00
2008.06.18 02:49:14.555,1.0596,1.06,2.40,1.00
2008.06.18 02:49:14.587,1.0596,1.06,3.30,1.00
2008.06.18 02:49:14.668,1.0596,1.06,9.30,1.00
2008.06.18 02:49:14.869,1.0596,1.06,8.80,1.00
2008.06.18 02:49:14.890,1.0596,1.06,11.80,1.00
2008.06.18 02:49:14.977,1.0596,1.06,9.80,1.00
2008.06.18 02:49:15.209,1.0596,1.06,2.40,1.00
2008.06.18 02:49:15.720,1.0596,1.0599,2.40,1.00
2008.06.18 02:49:16.026,1.0596,1.06,2.40,1.00
2008.06.18 02:49:23.978,1.0596,1.06,9.40,1.00
2008.06.18 02:49:24.205,1.0596,1.06,2.40,1.00
2008.06.18 02:50:05.161,1.0596,1.0599,2.40,1.00
2008.06.18 02:50:11.481,1.0596,1.0599,3.30,1.00
2008.06.18 02:50:11.542,1.0596,1.0599,4.00,1.00
2008.06.18 02:50:11.597,1.0596,1.0599,3.30,1.00
2008.06.18 02:50:11.650,1.0596,1.06,3.30,1.00
2008.06.18 02:50:11.738,1.0596,1.06,2.40,1.00
2008.06.18 02:50:11.997,1.0596,1.0601,2.40,1.00
2008.06.18 02:50:12.176,1.0596,1.0601,7.30,1.00
2008.06.18 02:50:12.728,1.0597,1.0601,2.40,1.00
2008.06.18 02:50:20.417,1.0597,1.0602,2.40,1.00
2008.06.18 02:50:20.650,1.0597,1.0602,3.30,1.00
2008.06.18 02:50:20.737,1.05975,1.0602,1.00,1.00
2008.06.18 02:50:21.304,1.0597,1.0602,2.40,1.00
2008.06.18 02:50:23.530,1.0597,1.0602,3.30,1.00
2008.06.18 02:50:23.570,1.05975,1.0602,1.00,1.00
2008.06.18 02:50:24.069,1.0597,1.0602,2.40,1.00
2008.06.18 02:50:24.881,1.0597,1.0601,2.40,1.00
2008.06.18 02:51:01.627,1.0597,1.06,2.40,1.00
2008.06.18 02:51:27.562,1.05965,1.06,1.00,1.00
2008.06.18 02:51:52.329,1.05965,1.0601,1.00,1.00
2008.06.18 02:51:52.762,1.05965,1.0602,1.00,1.00
2008.06.18 02:51:56.372,1.05965,1.0601,1.00,1.00
2008.06.18 02:51:59.211,1.05965,1.06,1.00,1.00
2008.06.18 02:52:13.328,1.0597,1.06,2.40,1.00
2008.06.18 02:53:11.662,1.05965,1.06,1.00,1.00
2008.06.18 02:53:12.643,1.0597,1.06,2.40,1.00
2008.06.18 02:53:14.414,1.05965,1.0599,1.00,1.00
2008.06.18 02:53:14.522,1.0596,1.0599,2.40,1.00
2008.06.18 02:53:26.939,1.0596,1.06,2.40,1.00
2008.06.18 02:53:27.135,1.0596,1.06,3.30,1.00
2008.06.18 02:53:27.252,1.0596,1.06,3.60,1.00
2008.06.18 02:53:28.889,1.0596,1.06,7.00,1.00
2008.06.18 02:53:29.117,1.0596,1.06,2.20,1.00
2008.06.18 02:53:31.870,1.0596,1.0599,2.40,1.00
2008.06.18 02:53:37.033,1.0596,1.06,2.20,1.00
2008.06.18 02:53:37.404,1.0596,1.06,13.20,1.00
2008.06.18 02:53:37.696,1.0597,1.06,2.40,1.00
2008.06.18 02:53:42.088,1.0596,1.0599,9.60,1.00
2008.06.18 02:53:42.196,1.0596,1.0599,2.70,1.00
2008.06.18 02:53:52.424,1.0596,1.06,2.60,1.00
2008.06.18 02:53:52.863,1.0596,1.06,7.40,1.00
2008.06.18 02:53:53.401,1.0597,1.06,2.40,1.00
2008.06.18 02:54:35.707,1.0596,1.06,13.40,1.00
2008.06.18 02:55:05.554,1.0597,1.06,2.40,1.00
2008.06.18 02:55:55.927,1.0596,1.0602,1.00,1.00
2008.06.18 02:55:58.087,1.0596,1.0602,7.50,10.90
2008.06.18 02:55:58.625,1.0597,1.0601,2.40,1.00
2008.06.18 02:56:00.323,1.0597,1.06,2.40,1.00
2008.06.18 02:56:52.352,1.0597,1.0601,2.40,7.00
2008.06.18 02:56:52.382,1.0597,1.0601,2.40,1.00
2008.06.18 02:56:55.276,1.0597,1.0601,2.40,3.10
2008.06.18 02:56:55.610,1.0597,1.0601,2.40,9.80
2008.06.18 02:56:56.186,1.0597,1.06,2.40,1.00
2008.06.18 02:57:37.563,1.0597,1.0601,2.40,6.70
2008.06.18 02:57:37.641,1.0597,1.0601,2.40,1.00
2008.06.18 02:57:38.624,1.0597,1.0601,2.40,3.10
2008.06.18 02:57:39.040,1.0597,1.0601,2.40,10.50
2008.06.18 02:57:39.097,1.0597,1.0601,2.40,11.70
2008.06.18 02:57:39.430,1.0597,1.06,2.40,1.00
2008.06.18 02:57:49.327,1.0596,1.06,10.00,1.00
2008.06.18 02:57:49.365,1.0596,1.06,2.60,1.00
2008.06.18 02:57:56.662,1.0596,1.06,2.60,1.00
2008.06.18 02:58:02.140,1.0596,1.06,11.40,1.00
2008.06.18 02:58:02.593,1.0597,1.06,2.40,1.00
2008.06.18 02:58:38.025,1.0596,1.06,8.40,1.00
2008.06.18 02:58:38.679,1.0597,1.06,2.40,1.00
2008.06.18 02:58:58.424,1.0596,1.06,7.90,1.00
2008.06.18 02:58:58.869,1.0596,1.06,10.90,1.00
2008.06.18 02:58:58.928,1.0596,1.06,3.30,1.00
2008.06.18 02:58:59.069,1.0596,1.06,2.40,1.00
2008.06.18 02:58:59.142,1.0596,1.06,2.40,6.30
2008.06.18 02:58:59.314,1.0596,1.06,2.40,7.20
2008.06.18 02:59:00.011,1.0596,1.06,2.40,5.70
2008.06.18 02:59:00.225,1.0596,1.06,2.40,1.00
2008.06.18 02:59:07.874,1.0596,1.06,11.00,1.00
2008.06.18 02:59:08.288,1.0597,1.06,2.40,1.00
2008.06.18 02:59:10.514,1.0596,1.06,8.20,1.00
2008.06.18 02:59:10.724,1.0596,1.06,2.40,1.00
2008.06.18 02:59:13.726,1.0596,1.06,2.40,1.20
2008.06.18 02:59:13.758,1.0596,1.06,2.40,2.10
2008.06.18 02:59:13.945,1.0596,1.06,2.40,11.40
2008.06.18 02:59:14.220,1.0596,1.0599,2.40,1.00
