2015.07.07 04:00:00.468,0.96867,0.96875,1.00,1.00
2015.07.07 04:00:01.401,0.96862,0.96875,1.00,2.25
2015.07.07 04:00:05.782,0.96863,0.96875,1.00,1.50
2015.07.07 04:00:06.086,0.96862,0.96873,1.00,1.50
2015.07.07 04:00:09.747,0.96867,0.96873,1.00,1.00
2015.07.07 04:00:09.798,0.96867,0.96875,1.00,1.00
2015.07.07 04:00:16.773,0.96867,0.96874,1.00,1.00
2015.07.07 04:00:26.582,0.96862,0.96874,1.00,1.00
2015.07.07 04:00:28.004,0.96862,0.96875,1.00,1.50
2015.07.07 04:00:29.559,0.96867,0.96875,1.00,1.00
2015.07.07 04:00:33.711,0.96867,0.96876,1.00,2.25
2015.07.07 04:00:36.430,0.96867,0.96877,1.00,1.00
2015.07.07 04:00:36.756,0.96872,0.96879,1.00,1.87
2015.07.07 04:00:37.263,0.96872,0.96879,1.00,1.00
2015.07.07 04:00:40.424,0.96872,0.96881,1.00,1.87
2015.07.07 04:00:40.941,0.96872,0.96881,1.00,1.50
2015.07.07 04:00:42.058,0.96872,0.9688,1.00,1.00
2015.07.07 04:00:49.785,0.96872,0.96879,1.00,1.00
2015.07.07 04:00:50.655,0.96872,0.9688,1.00,1.00
2015.07.07 04:00:51.110,0.96868,0.96879,1.00,1.00
2015.07.07 04:00:52.457,0.96872,0.96879,1.00,1.00
2015.07.07 04:00:52.659,0.96867,0.9688,1.00,1.00
2015.07.07 04:00:52.868,0.96873,0.9688,1.00,1.00
2015.07.07 04:00:53.510,0.96867,0.9688,1.00,1.00
2015.07.07 04:00:54.016,0.96867,0.96879,1.00,1.00
2015.07.07 04:00:56.949,0.96872,0.96882,1.00,1.00
2015.07.07 04:00:57.594,0.96873,0.96882,1.00,1.00
2015.07.07 04:00:57.897,0.96873,0.96879,1.00,1.00
2015.07.07 04:00:58.939,0.96867,0.96879,1.00,1.00
2015.07.07 04:01:02.444,0.96872,0.96879,1.00,1.00
2015.07.07 04:01:10.794,0.96867,0.96879,1.00,1.50
2015.07.07 04:01:16.034,0.96867,0.96877,1.00,1.00
2015.07.07 04:01:17.706,0.96867,0.96879,1.00,2.25
2015.07.07 04:01:21.557,0.96872,0.96879,1.00,1.50
2015.07.07 04:01:22.169,0.96867,0.96879,1.00,1.50
2015.07.07 04:01:22.327,0.96872,0.96879,1.00,1.50
2015.07.07 04:01:22.877,0.96868,0.96879,1.00,1.50
2015.07.07 04:01:34.105,0.96868,0.96878,1.00,1.00
2015.07.07 04:01:36.829,0.96868,0.96877,1.00,1.00
2015.07.07 04:01:48.611,0.96868,0.96876,1.00,1.00
2015.07.07 04:01:51.300,0.9687,0.96876,1.00,1.00
2015.07.07 04:01:51.503,0.96877,0.96886,1.00,1.00
2015.07.07 04:01:51.806,0.96877,0.96888,1.00,1.50
2015.07.07 04:01:52.312,0.96877,0.96887,1.00,1.00
2015.07.07 04:01:52.877,0.96877,0.96887,1.00,1.87
2015.07.07 04:01:53.029,0.96872,0.96883,1.00,1.00
2015.07.07 04:01:53.569,0.96871,0.96883,1.00,1.00
2015.07.07 04:01:55.825,0.96871,0.96885,1.00,1.50
2015.07.07 04:01:55.926,0.96871,0.96883,1.00,1.00
2015.07.07 04:01:56.427,0.96872,0.96883,1.00,1.00
2015.07.07 04:01:57.119,0.96872,0.96886,1.00,2.25
2015.07.07 04:01:57.629,0.96872,0.96885,1.00,1.00
2015.07.07 04:01:58.307,0.96872,0.96884,1.00,1.00
2015.07.07 04:01:59.966,0.96872,0.96883,1.00,1.00
2015.07.07 04:02:00.068,0.96877,0.96883,1.00,1.00
2015.07.07 04:02:00.169,0.96877,0.96885,1.00,1.50
2015.07.07 04:02:00.704,0.96877,0.96886,1.00,1.00
2015.07.07 04:02:00.805,0.96877,0.96892,2.25,1.00
2015.07.07 04:02:01.082,0.96879,0.96892,1.00,1.00
2015.07.07 04:02:01.396,0.96883,0.96893,1.00,1.00
2015.07.07 04:02:01.498,0.96883,0.96895,1.00,1.00
2015.07.07 04:02:02.099,0.96882,0.96895,1.00,1.00
2015.07.07 04:02:02.563,0.96882,0.96893,1.00,1.00
2015.07.07 04:02:03.105,0.96881,0.96893,1.00,1.50
2015.07.07 04:02:03.409,0.96877,0.96886,1.00,1.00
2015.07.07 04:02:04.115,0.96877,0.96887,1.00,1.50
2015.07.07 04:02:04.166,0.96872,0.96887,3.00,1.50
2015.07.07 04:02:10.303,0.96873,0.96888,1.00,1.12
2015.07.07 04:02:12.048,0.96875,0.96888,1.00,1.00
2015.07.07 04:02:12.656,0.96875,0.96888,1.00,1.37
2015.07.07 04:02:14.277,0.96875,0.96888,1.00,1.00
2015.07.07 04:02:14.592,0.96875,0.96886,1.00,1.00
2015.07.07 04:02:15.098,0.96875,0.96887,1.00,1.50
2015.07.07 04:02:15.149,0.96872,0.96887,3.75,1.50
2015.07.07 04:02:15.735,0.96872,0.96886,3.75,1.00
2015.07.07 04:02:17.743,0.96872,0.96887,3.75,1.50
2015.07.07 04:02:20.747,0.96872,0.96887,3.37,1.00
2015.07.07 04:02:21.519,0.96873,0.96886,1.12,1.00
2015.07.07 04:02:22.240,0.96872,0.96885,1.87,1.00
2015.07.07 04:02:29.565,0.96877,0.96885,1.00,1.00
2015.07.07 04:02:29.908,0.96872,0.96885,1.00,1.00
2015.07.07 04:02:30.416,0.96871,0.96886,1.12,2.25
2015.07.07 04:02:36.440,0.96871,0.96885,1.00,1.00
2015.07.07 04:02:37.107,0.9687,0.96885,3.00,1.00
2015.07.07 04:02:40.506,0.96871,0.96885,1.00,1.00
2015.07.07 04:02:42.880,0.96872,0.96885,1.00,1.00
2015.07.07 04:02:48.818,0.96871,0.96885,1.00,1.00
2015.07.07 04:02:49.354,0.96872,0.96885,1.00,1.00
2015.07.07 04:02:51.335,0.96872,0.96887,1.87,1.12
2015.07.07 04:02:51.882,0.96872,0.96887,1.50,1.37
2015.07.07 04:02:52.034,0.96872,0.96887,1.50,1.37
2015.07.07 04:02:52.237,0.96871,0.96886,2.25,1.12
2015.07.07 04:02:52.526,0.96871,0.96884,1.00,1.00
2015.07.07 04:02:52.578,0.96869,0.96884,1.50,1.50
2015.07.07 04:02:53.120,0.96869,0.96883,1.50,1.00
2015.07.07 04:02:53.740,0.96869,0.96882,1.50,1.00
2015.07.07 04:02:53.841,0.96869,0.96884,2.25,1.50
2015.07.07 04:02:54.353,0.9687,0.96884,1.00,1.50
2015.07.07 04:02:56.492,0.96871,0.96885,1.00,1.00
2015.07.07 04:02:56.996,0.96872,0.96885,1.00,1.00
2015.07.07 04:02:57.791,0.96872,0.96884,1.00,1.00
2015.07.07 04:02:58.345,0.96872,0.96885,1.00,1.00
2015.07.07 04:02:59.315,0.96872,0.96884,1.00,1.00
2015.07.07 04:02:59.669,0.96872,0.96886,1.00,3.00
2015.07.07 04:02:59.720,0.96871,0.96884,1.50,1.00
2015.07.07 04:02:59.821,0.96872,0.96886,1.00,1.50
2015.07.07 04:03:00.560,0.96873,0.96886,1.00,1.00
2015.07.07 04:03:01.410,0.96872,0.96887,2.25,1.50
2015.07.07 04:03:03.944,0.96872,0.96886,1.50,2.25
2015.07.07 04:03:10.434,0.96872,0.96885,2.25,1.00
2015.07.07 04:03:12.338,0.96873,0.96886,1.00,1.12
2015.07.07 04:03:12.684,0.96877,0.96888,1.00,2.62
2015.07.07 04:03:12.735,0.96877,0.96888,1.00,2.25
2015.07.07 04:03:12.787,0.96872,0.96887,2.25,1.00
2015.07.07 04:03:15.907,0.96872,0.96887,1.87,1.00
2015.07.07 04:03:16.736,0.96872,0.96887,2.25,1.00
2015.07.07 04:03:17.721,0.96873,0.96888,1.00,2.62
2015.07.07 04:03:18.270,0.96872,0.96887,2.25,1.00
2015.07.07 04:03:19.005,0.96873,0.96887,1.00,1.00
2015.07.07 04:03:33.814,0.96874,0.96887,1.00,1.00
2015.07.07 04:03:34.525,0.96875,0.96887,1.00,1.00
2015.07.07 04:03:34.576,0.96877,0.9689,1.00,1.50
2015.07.07 04:03:35.123,0.96877,0.96891,1.00,2.62
2015.07.07 04:03:35.797,0.96877,0.9689,1.00,1.00
2015.07.07 04:03:40.851,0.96877,0.9689,1.00,1.37
2015.07.07 04:03:42.476,0.96877,0.9689,1.00,1.00
2015.07.07 04:03:49.449,0.96877,0.96891,1.00,3.00
2015.07.07 04:03:50.475,0.96876,0.96891,1.00,2.25
2015.07.07 04:03:58.021,0.96879,0.96891,1.00,1.50
2015.07.07 04:03:58.655,0.96877,0.96892,1.50,2.62
2015.07.07 04:04:00.314,0.96877,0.9689,1.00,1.00
2015.07.07 04:04:01.266,0.96879,0.96891,1.00,1.00
2015.07.07 04:04:01.469,0.96879,0.96893,1.12,1.00
2015.07.07 04:04:02.002,0.96878,0.96894,1.87,1.50
2015.07.07 04:04:05.202,0.9688,0.96893,1.00,1.00
2015.07.07 04:04:05.868,0.96879,0.96894,1.12,1.00
2015.07.07 04:04:18.287,0.96879,0.96893,2.25,1.00
2015.07.07 04:04:31.917,0.9688,0.96893,1.00,1.00
2015.07.07 04:04:32.577,0.96879,0.96893,1.50,1.00
2015.07.07 04:04:36.413,0.96879,0.96894,1.00,1.00
2015.07.07 04:04:43.462,0.96879,0.96892,1.00,1.00
2015.07.07 04:04:51.692,0.96877,0.96892,1.50,1.00
2015.07.07 04:04:53.700,0.96878,0.96892,1.00,1.00
2015.07.07 04:04:57.111,0.96877,0.96892,1.12,1.50
2015.07.07 04:05:15.972,0.96878,0.96892,1.00,2.25
2015.07.07 04:05:17.621,0.96878,0.96891,1.00,1.00
2015.07.07 04:05:24.782,0.96877,0.96891,2.62,1.00
2015.07.07 04:05:25.415,0.96877,0.96892,1.87,1.00
2015.07.07 04:05:27.317,0.96878,0.96892,1.00,1.00
2015.07.07 04:05:27.368,0.96878,0.96892,1.37,1.00
2015.07.07 04:05:27.592,0.96878,0.96892,1.00,1.00
2015.07.07 04:05:27.643,0.96878,0.96894,1.50,1.50
2015.07.07 04:05:28.363,0.96878,0.96894,2.62,1.50
2015.07.07 04:05:33.288,0.96883,0.96894,1.00,1.50
2015.07.07 04:05:33.602,0.96878,0.96893,2.62,1.50
2015.07.07 04:05:34.108,0.96878,0.96893,1.00,2.25
2015.07.07 04:05:34.744,0.96878,0.9689,1.00,1.00
2015.07.07 04:05:34.997,0.96877,0.96892,1.12,2.25
2015.07.07 04:05:35.510,0.96877,0.96889,1.00,1.00
2015.07.07 04:05:35.966,0.96877,0.96887,1.00,1.00
2015.07.07 04:05:36.498,0.96877,0.96888,1.00,1.50
2015.07.07 04:05:39.070,0.96877,0.9689,1.00,1.50
2015.07.07 04:05:39.831,0.96877,0.96889,1.00,1.00
2015.07.07 04:05:40.440,0.96877,0.96888,1.00,1.00
2015.07.07 04:05:42.672,0.96877,0.96891,1.00,1.50
2015.07.07 04:05:43.221,0.96877,0.9689,1.00,1.00
2015.07.07 04:05:51.091,0.96877,0.96889,1.00,1.00
2015.07.07 04:05:51.525,0.96874,0.96888,1.50,1.50
2015.07.07 04:05:51.626,0.96872,0.96887,2.25,1.50
2015.07.07 04:05:53.449,0.96873,0.96886,1.00,1.00
2015.07.07 04:05:56.009,0.96872,0.96886,2.62,1.00
2015.07.07 04:05:56.513,0.96872,0.96885,2.62,1.00
2015.07.07 04:05:56.866,0.96872,0.96887,2.62,1.50
2015.07.07 04:06:02.332,0.96872,0.96887,2.62,1.50
2015.07.07 04:06:02.934,0.96874,0.96887,1.00,1.00
2015.07.07 04:06:03.662,0.96873,0.96887,1.00,1.00
2015.07.07 04:06:06.154,0.96873,0.96887,1.87,1.00
2015.07.07 04:06:06.457,0.96877,0.96888,1.00,1.00
2015.07.07 04:06:06.570,0.96874,0.96888,1.37,1.00
2015.07.07 04:06:07.324,0.96874,0.96888,1.12,1.00
2015.07.07 04:06:07.849,0.96873,0.96887,1.87,1.00
2015.07.07 04:06:08.457,0.96874,0.96883,1.00,1.00
2015.07.07 04:06:08.558,0.96874,0.96888,1.00,3.00
2015.07.07 04:06:10.514,0.96873,0.96887,1.37,1.00
2015.07.07 04:06:11.163,0.96873,0.96887,1.00,1.00
2015.07.07 04:06:13.873,0.96876,0.96887,1.00,1.00
2015.07.07 04:06:13.924,0.96876,0.96889,1.00,1.50
2015.07.07 04:06:13.975,0.96878,0.96889,1.00,1.00
2015.07.07 04:06:14.320,0.96881,0.96894,1.00,1.00
2015.07.07 04:06:14.827,0.96881,0.96895,1.12,1.50
2015.07.07 04:06:15.982,0.96877,0.96894,5.62,2.25
2015.07.07 04:06:16.134,0.96877,0.96892,3.00,1.00
2015.07.07 04:06:16.752,0.96875,0.9689,1.00,1.50
2015.07.07 04:06:17.055,0.96875,0.96887,1.00,1.00
2015.07.07 04:06:17.208,0.96875,0.9689,1.00,1.50
2015.07.07 04:06:18.052,0.96875,0.96889,1.00,1.50
2015.07.07 04:06:19.106,0.96875,0.96888,1.00,1.00
2015.07.07 04:06:19.384,0.96875,0.96886,1.00,1.00
2015.07.07 04:06:19.485,0.96872,0.96886,2.62,1.00
2015.07.07 04:06:19.588,0.96872,0.96886,3.37,1.00
2015.07.07 04:06:19.639,0.96872,0.96888,3.37,1.00
2015.07.07 04:06:20.158,0.96874,0.96889,1.37,2.25
2015.07.07 04:06:22.590,0.96875,0.96889,1.37,2.25
2015.07.07 04:06:27.859,0.96875,0.9689,1.87,1.00
2015.07.07 04:06:28.011,0.96874,0.96889,1.50,1.00
2015.07.07 04:06:28.533,0.96874,0.9689,1.00,2.25
2015.07.07 04:06:29.060,0.96874,0.96889,1.00,1.00
2015.07.07 04:06:30.313,0.96873,0.9689,1.87,1.50
2015.07.07 04:06:36.461,0.96873,0.96889,1.87,1.00
2015.07.07 04:06:37.470,0.96874,0.9689,1.12,2.25
2015.07.07 04:06:37.649,0.96874,0.96888,1.12,1.00
2015.07.07 04:06:38.311,0.96873,0.9689,2.62,2.25
2015.07.07 04:06:44.256,0.96875,0.9689,1.00,2.25
2015.07.07 04:06:45.780,0.96876,0.9689,1.00,1.50
2015.07.07 04:06:45.932,0.96876,0.96892,1.87,2.25
2015.07.07 04:06:57.755,0.96876,0.96892,1.87,1.50
2015.07.07 04:06:58.458,0.96877,0.96893,1.87,1.12
2015.07.07 04:06:59.168,0.96877,0.96892,1.37,1.00
2015.07.07 04:06:59.849,0.96877,0.96891,1.37,1.00
2015.07.07 04:07:01.408,0.96877,0.96892,1.37,1.00
2015.07.07 04:07:11.730,0.96877,0.96892,1.00,1.50
2015.07.07 04:07:11.781,0.96877,0.9689,1.00,1.37
2015.07.07 04:07:12.085,0.96877,0.96887,1.00,1.00
2015.07.07 04:07:12.135,0.96873,0.96887,1.50,1.00
2015.07.07 04:07:12.899,0.96874,0.96887,1.00,1.00
2015.07.07 04:07:12.949,0.96877,0.96887,1.00,1.00
2015.07.07 04:07:13.154,0.96874,0.96887,1.00,1.00
2015.07.07 04:07:13.610,0.96877,0.96887,1.00,1.00
2015.07.07 04:07:14.137,0.96877,0.96888,1.00,1.50
2015.07.07 04:07:14.652,0.96877,0.96887,1.00,1.00
2015.07.07 04:07:16.400,0.96877,0.96886,1.00,1.00
2015.07.07 04:07:23.009,0.96877,0.96887,1.00,2.25
2015.07.07 04:07:29.051,0.96877,0.96886,1.00,1.00
2015.07.07 04:07:37.269,0.96878,0.96886,1.00,1.50
2015.07.07 04:07:37.775,0.96878,0.96887,1.00,1.00
2015.07.07 04:07:38.647,0.96882,0.96887,1.00,1.00
2015.07.07 04:07:38.987,0.96878,0.96887,1.00,1.00
2015.07.07 04:07:43.100,0.96878,0.96886,1.00,1.00
2015.07.07 04:07:43.631,0.96878,0.96885,1.00,1.00
2015.07.07 04:07:49.778,0.96877,0.96885,1.00,1.00
2015.07.07 04:07:49.980,0.96872,0.96884,1.00,1.50
2015.07.07 04:07:50.031,0.96872,0.96882,1.00,1.00
2015.07.07 04:07:52.939,0.96872,0.96885,1.00,3.00
2015.07.07 04:07:53.192,0.96877,0.96885,1.00,1.50
2015.07.07 04:07:53.768,0.96877,0.96886,1.00,1.00
2015.07.07 04:07:56.546,0.96877,0.96887,1.00,1.00
2015.07.07 04:08:01.365,0.96877,0.96886,1.00,1.00
2015.07.07 04:08:01.668,0.96872,0.96886,1.50,1.00
2015.07.07 04:08:02.067,0.96877,0.96886,1.00,1.00
2015.07.07 04:08:02.639,0.96877,0.96887,1.00,1.00
2015.07.07 04:08:02.978,0.96877,0.96885,1.00,1.00
2015.07.07 04:08:03.287,0.96872,0.96885,1.50,1.00
2015.07.07 04:08:03.489,0.96875,0.96886,1.00,1.00
2015.07.07 04:08:03.641,0.96875,0.96888,1.00,1.50
2015.07.07 04:08:04.171,0.96875,0.96885,1.00,1.00
2015.07.07 04:08:04.374,0.96869,0.96881,1.10,1.00
2015.07.07 04:08:04.943,0.96868,0.96882,1.00,1.50
2015.07.07 04:08:04.994,0.96873,0.96881,1.00,1.00
2015.07.07 04:08:06.911,0.96868,0.96881,1.00,1.00
2015.07.07 04:08:07.875,0.96868,0.9688,1.00,1.00
2015.07.07 04:08:08.302,0.96867,0.96877,1.00,1.00
2015.07.07 04:08:09.512,0.96867,0.96876,1.00,1.00
2015.07.07 04:08:09.899,0.96862,0.96875,2.25,1.50
2015.07.07 04:08:09.950,0.96862,0.96877,3.00,2.25
2015.07.07 04:08:10.455,0.96863,0.96877,1.12,2.25
2015.07.07 04:08:11.229,0.96863,0.96878,2.25,1.00
2015.07.07 04:08:11.281,0.96867,0.9688,1.00,2.25
2015.07.07 04:08:11.585,0.96872,0.96884,1.00,1.00
2015.07.07 04:08:12.091,0.96872,0.96885,1.00,1.00
2015.07.07 04:08:12.721,0.96872,0.96884,1.00,1.00
2015.07.07 04:08:17.716,0.9687,0.96884,1.00,1.00
2015.07.07 04:08:18.009,0.96868,0.96882,1.50,1.00
2015.07.07 04:08:36.373,0.96868,0.96883,1.12,1.50
2015.07.07 04:08:46.336,0.96867,0.96883,4.12,1.00
2015.07.07 04:08:46.846,0.96867,0.96882,1.87,1.00
2015.07.07 04:08:47.888,0.96868,0.96883,1.87,1.50
2015.07.07 04:08:48.199,0.96872,0.96884,1.00,2.25
2015.07.07 04:08:48.351,0.9687,0.96884,1.12,2.25
2015.07.07 04:08:51.068,0.96872,0.96884,1.00,2.25
2015.07.07 04:08:54.159,0.96869,0.96884,1.50,2.25
2015.07.07 04:08:54.681,0.9687,0.96884,1.00,1.50
2015.07.07 04:08:55.197,0.96869,0.96884,2.25,1.50
2015.07.07 04:08:55.856,0.96871,0.96885,1.00,2.62
2015.07.07 04:08:58.182,0.96871,0.96886,2.25,1.50
2015.07.07 04:08:58.633,0.96874,0.96886,1.00,1.00
2015.07.07 04:08:58.735,0.96875,0.96888,1.00,2.25
2015.07.07 04:08:58.938,0.96878,0.9689,1.00,1.50
2015.07.07 04:08:59.294,0.96878,0.96892,1.00,1.50
2015.07.07 04:08:59.395,0.96878,0.9689,1.00,1.00
2015.07.07 04:08:59.731,0.96878,0.96892,1.00,2.25
2015.07.07 04:09:06.374,0.96882,0.96892,1.00,1.50
2015.07.07 04:09:06.627,0.96878,0.96892,1.12,1.00
2015.07.07 04:09:07.158,0.96879,0.96892,1.00,1.00
2015.07.07 04:09:08.076,0.96877,0.96892,3.37,1.50
2015.07.07 04:09:10.361,0.96879,0.96892,1.00,1.50
2015.07.07 04:09:11.059,0.96878,0.96892,1.00,1.50
2015.07.07 04:09:11.164,0.96877,0.9689,1.00,1.50
2015.07.07 04:09:11.468,0.96878,0.96888,1.00,1.50
2015.07.07 04:09:12.048,0.96878,0.96886,1.00,1.00
2015.07.07 04:09:12.099,0.96873,0.96886,1.00,1.00
2015.07.07 04:09:14.078,0.96872,0.96886,1.12,2.25
2015.07.07 04:09:16.078,0.96873,0.96886,1.00,1.50
2015.07.07 04:09:16.635,0.96874,0.96886,1.00,1.00
2015.07.07 04:09:18.560,0.96874,0.96888,1.00,1.50
2015.07.07 04:09:19.096,0.96875,0.96888,1.00,1.50
2015.07.07 04:09:20.366,0.96874,0.96888,1.00,1.50
2015.07.07 04:09:20.821,0.96876,0.96888,1.00,1.00
2015.07.07 04:09:21.361,0.96877,0.96888,1.00,1.00
2015.07.07 04:09:22.776,0.96877,0.96889,1.00,1.00
2015.07.07 04:09:23.626,0.96877,0.96888,1.00,1.00
2015.07.07 04:09:24.333,0.96877,0.96889,1.00,1.00
2015.07.07 04:09:24.536,0.96875,0.9689,1.00,1.50
2015.07.07 04:09:24.839,0.96877,0.96891,1.00,1.00
2015.07.07 04:09:26.237,0.96877,0.96892,1.50,1.50
2015.07.07 04:09:33.576,0.9688,0.96892,1.00,1.50
2015.07.07 04:09:33.678,0.96877,0.96891,1.00,1.50
2015.07.07 04:09:34.195,0.96878,0.96891,1.00,2.25
2015.07.07 04:09:41.054,0.96878,0.9689,1.00,1.00
2015.07.07 04:09:49.476,0.96877,0.9689,1.00,1.00
2015.07.07 04:09:49.731,0.96879,0.96891,1.00,1.00
2015.07.07 04:09:50.430,0.96879,0.96892,1.00,1.50
2015.07.07 04:09:50.733,0.96882,0.96892,1.00,1.00
2015.07.07 04:09:50.936,0.96879,0.96892,1.00,1.00
2015.07.07 04:09:51.485,0.96879,0.96891,1.00,1.00
2015.07.07 04:09:54.594,0.96877,0.96889,2.62,1.00
2015.07.07 04:09:54.797,0.96877,0.96891,1.87,1.00
2015.07.07 04:09:55.831,0.96877,0.9689,1.50,1.00
2015.07.07 04:09:56.344,0.96877,0.96891,1.87,1.00
2015.07.07 04:09:57.330,0.96877,0.96892,2.62,1.50
2015.07.07 04:09:59.885,0.96878,0.9689,1.00,1.00
2015.07.07 04:10:00.411,0.96877,0.96889,1.87,1.00
2015.07.07 04:10:00.760,0.96879,0.96891,1.00,1.00
2015.07.07 04:10:01.227,0.96882,0.96894,1.00,1.00
2015.07.07 04:10:01.763,0.96882,0.96895,1.00,2.25
2015.07.07 04:10:04.405,0.96882,0.96894,1.00,1.00
2015.07.07 04:10:04.659,0.96878,0.96892,1.00,2.25
2015.07.07 04:10:05.240,0.96878,0.96891,1.00,1.00
2015.07.07 04:10:05.842,0.96878,0.9689,1.00,1.00
2015.07.07 04:10:07.487,0.96878,0.96891,1.00,1.00
2015.07.07 04:10:08.700,0.96878,0.96893,1.50,3.00
2015.07.07 04:10:12.152,0.96882,0.96893,1.00,1.50
2015.07.07 04:10:12.704,0.96882,0.96894,1.00,1.00
2015.07.07 04:10:15.454,0.96882,0.96895,1.00,1.00
2015.07.07 04:10:18.123,0.9688,0.96895,1.50,1.50
2015.07.07 04:10:18.224,0.96882,0.96895,1.00,1.50
2015.07.07 04:10:18.921,0.96882,0.96894,1.00,1.00
2015.07.07 04:10:31.532,0.96882,0.96896,1.00,2.25
2015.07.07 04:10:32.090,0.96882,0.96895,1.00,1.00
2015.07.07 04:10:33.423,0.96882,0.96893,1.00,1.00
2015.07.07 04:10:35.840,0.96882,0.96895,1.00,1.00
2015.07.07 04:10:36.399,0.96882,0.96896,1.00,2.25
2015.07.07 04:10:40.370,0.96882,0.96895,1.00,1.00
2015.07.07 04:10:40.753,0.9688,0.96892,1.00,1.00
2015.07.07 04:10:41.070,0.96878,0.96889,1.00,1.00
2015.07.07 04:10:41.579,0.96878,0.96888,1.00,1.50
2015.07.07 04:10:43.083,0.96877,0.96888,1.00,1.50
2015.07.07 04:10:43.235,0.96878,0.96891,1.00,1.50
2015.07.07 04:10:43.491,0.96882,0.96893,1.00,1.50
2015.07.07 04:10:43.542,0.96882,0.96896,1.00,1.00
2015.07.07 04:10:44.119,0.96883,0.96896,1.00,1.00
2015.07.07 04:10:44.636,0.96882,0.96896,2.25,1.00
2015.07.07 04:10:46.880,0.96882,0.96893,2.25,1.00
2015.07.07 04:10:46.981,0.9688,0.96893,1.50,1.00
2015.07.07 04:10:47.082,0.9688,0.96891,1.00,1.00
2015.07.07 04:10:47.362,0.96878,0.96891,2.25,1.00
2015.07.07 04:10:48.594,0.96879,0.96892,1.00,1.00
2015.07.07 04:10:48.848,0.9688,0.96895,1.50,2.25
2015.07.07 04:10:49.255,0.96882,0.96894,1.00,1.00
2015.07.07 04:10:49.610,0.96881,0.96896,1.50,1.00
2015.07.07 04:10:50.118,0.96882,0.96896,1.50,1.00
2015.07.07 04:10:50.759,0.96882,0.96897,1.50,1.00
2015.07.07 04:10:51.324,0.96883,0.96897,1.00,1.00
2015.07.07 04:10:51.830,0.96883,0.96898,1.50,1.50
2015.07.07 04:10:52.463,0.96884,0.96898,1.00,1.00
2015.07.07 04:10:53.087,0.96886,0.96899,1.00,1.00
2015.07.07 04:10:53.896,0.96884,0.96899,1.00,1.00
2015.07.07 04:10:53.998,0.96886,0.96899,1.00,1.00
2015.07.07 04:10:56.088,0.96885,0.96898,1.00,1.00
2015.07.07 04:10:56.393,0.96885,0.969,1.00,3.37
2015.07.07 04:10:56.867,0.96885,0.96898,1.00,1.00
2015.07.07 04:10:58.295,0.96885,0.96899,1.00,1.00
2015.07.07 04:10:58.810,0.96884,0.96899,1.50,1.50
2015.07.07 04:10:59.336,0.96884,0.96894,1.00,1.00
2015.07.07 04:10:59.488,0.96882,0.96895,1.50,1.00
2015.07.07 04:10:59.998,0.96882,0.96896,1.50,1.50
2015.07.07 04:11:00.509,0.96883,0.96897,1.00,3.00
2015.07.07 04:11:01.015,0.96884,0.96897,1.00,1.00
2015.07.07 04:11:01.705,0.96883,0.96898,1.00,1.50
2015.07.07 04:11:06.555,0.96884,0.96898,1.00,1.50
2015.07.07 04:11:08.211,0.96885,0.96898,1.00,1.00
2015.07.07 04:11:08.742,0.96884,0.96899,1.00,1.87
2015.07.07 04:11:10.163,0.96885,0.96899,1.00,1.12
2015.07.07 04:11:11.189,0.96885,0.96896,1.00,1.00
2015.07.07 04:11:11.463,0.96883,0.96896,1.00,1.00
2015.07.07 04:11:11.565,0.9688,0.96896,1.50,1.12
2015.07.07 04:11:11.616,0.9688,0.96894,1.00,1.00
2015.07.07 04:11:12.123,0.96881,0.96894,1.00,1.00
2015.07.07 04:11:12.665,0.96881,0.96895,1.00,1.50
2015.07.07 04:11:13.816,0.96881,0.96894,1.00,1.00
2015.07.07 04:11:14.677,0.96879,0.96894,1.00,1.12
2015.07.07 04:11:18.749,0.96879,0.96892,1.00,1.00
2015.07.07 04:11:22.645,0.9688,0.96893,1.00,1.00
2015.07.07 04:11:27.864,0.96877,0.96889,1.50,1.00
2015.07.07 04:11:28.168,0.96877,0.96886,1.00,1.00
2015.07.07 04:11:38.741,0.96878,0.96887,1.00,1.00
2015.07.07 04:11:39.248,0.96878,0.96889,1.00,1.00
2015.07.07 04:11:39.754,0.96877,0.9689,1.00,1.87
2015.07.07 04:11:40.982,0.96877,0.96889,1.00,1.00
2015.07.07 04:11:44.359,0.96877,0.96887,1.00,1.00
2015.07.07 04:11:45.213,0.96874,0.96887,1.00,1.00
2015.07.07 04:11:45.314,0.96872,0.96887,4.12,1.00
2015.07.07 04:11:48.241,0.96873,0.96888,1.00,1.00
2015.07.07 04:11:55.365,0.96874,0.96888,1.00,1.00
2015.07.07 04:11:55.466,0.96877,0.96888,1.00,1.00
2015.07.07 04:11:55.982,0.96877,0.96889,1.00,1.00
2015.07.07 04:12:00.214,0.96877,0.96888,1.00,1.00
2015.07.07 04:12:00.647,0.96873,0.96887,1.50,1.50
2015.07.07 04:12:03.304,0.96873,0.96888,3.00,1.00
2015.07.07 04:12:07.596,0.96874,0.96889,1.00,1.12
2015.07.07 04:12:07.647,0.96877,0.96889,1.00,1.12
2015.07.07 04:12:08.197,0.96877,0.9689,1.00,1.50
2015.07.07 04:12:08.839,0.96877,0.96892,2.25,3.97
2015.07.07 04:12:08.891,0.96877,0.9689,1.00,1.00
2015.07.07 04:12:17.012,0.96877,0.96889,1.00,1.00
2015.07.07 04:12:17.731,0.96877,0.96888,1.00,1.00
2015.07.07 04:12:23.308,0.96877,0.96887,1.00,1.00
2015.07.07 04:12:23.581,0.96872,0.96884,1.00,1.50
2015.07.07 04:12:23.683,0.96872,0.96882,1.00,1.00
2015.07.07 04:12:23.835,0.96869,0.9688,1.00,1.00
2015.07.07 04:12:24.384,0.96868,0.9688,1.87,1.00
2015.07.07 04:12:25.107,0.96872,0.96882,1.00,1.00
2015.07.07 04:12:26.136,0.96872,0.96884,1.00,2.25
2015.07.07 04:12:26.459,0.96877,0.96884,1.00,1.00
2015.07.07 04:12:27.648,0.96872,0.96884,1.00,1.50
2015.07.07 04:12:30.578,0.96872,0.96883,1.00,1.00
2015.07.07 04:12:34.769,0.96872,0.96884,1.00,1.50
2015.07.07 04:12:36.981,0.96872,0.96882,1.00,1.00
2015.07.07 04:13:00.751,0.96872,0.96881,1.00,1.37
2015.07.07 04:13:00.903,0.96867,0.9688,1.00,1.12
2015.07.07 04:13:01.157,0.96867,0.96878,1.00,1.00
2015.07.07 04:13:01.487,0.96868,0.96875,1.00,1.00
2015.07.07 04:13:01.992,0.96867,0.96875,1.00,1.00
2015.07.07 04:13:03.480,0.96867,0.96876,1.00,1.00
2015.07.07 04:13:08.580,0.96862,0.96876,1.00,1.87
2015.07.07 04:13:09.086,0.96863,0.96874,1.00,1.87
2015.07.07 04:13:09.613,0.96862,0.96874,1.00,1.50
2015.07.07 04:13:09.667,0.96862,0.96876,1.00,3.00
2015.07.07 04:13:10.463,0.96867,0.96876,1.00,1.00
2015.07.07 04:13:12.772,0.96867,0.96878,1.00,2.25
2015.07.07 04:13:13.176,0.96867,0.9688,1.00,2.25
2015.07.07 04:13:18.284,0.96867,0.96878,1.00,1.50
2015.07.07 04:13:18.822,0.96867,0.96877,1.00,1.00
2015.07.07 04:13:19.415,0.96867,0.96875,1.00,1.00
2015.07.07 04:13:19.567,0.96862,0.96875,1.00,1.00
2015.07.07 04:13:20.025,0.96867,0.96875,1.00,1.00
2015.07.07 04:13:20.576,0.96867,0.96876,1.00,1.00
2015.07.07 04:13:24.705,0.96867,0.96878,1.00,1.12
2015.07.07 04:13:24.756,0.96872,0.96878,1.00,1.12
2015.07.07 04:13:25.009,0.96872,0.9688,1.00,1.87
2015.07.07 04:13:25.535,0.96868,0.9688,1.00,1.87
2015.07.07 04:13:27.377,0.96867,0.9688,1.00,1.00
2015.07.07 04:13:31.205,0.96867,0.96881,1.00,1.12
2015.07.07 04:13:33.211,0.96867,0.96882,2.25,1.12
2015.07.07 04:13:33.715,0.96869,0.96882,1.00,1.12
2015.07.07 04:13:40.166,0.96868,0.96882,1.00,1.12
2015.07.07 04:13:40.733,0.96868,0.96882,1.00,1.37
2015.07.07 04:13:41.946,0.96867,0.96881,1.00,1.87
2015.07.07 04:13:48.752,0.96867,0.96881,1.00,1.12
2015.07.07 04:13:49.464,0.96867,0.96881,1.00,1.37
2015.07.07 04:13:50.485,0.96867,0.96881,1.00,1.12
2015.07.07 04:13:50.989,0.96867,0.96881,1.00,1.37
2015.07.07 04:13:51.494,0.96867,0.96881,1.00,1.00
2015.07.07 04:13:53.384,0.96867,0.96882,1.00,2.62
2015.07.07 04:13:55.569,0.96872,0.96882,1.00,1.12
2015.07.07 04:13:55.923,0.96872,0.96884,1.00,1.00
2015.07.07 04:13:57.127,0.9687,0.96884,1.50,1.00
2015.07.07 04:13:57.481,0.96868,0.96884,1.00,2.62
2015.07.07 04:13:59.783,0.96867,0.96881,3.00,1.00
2015.07.07 04:14:01.994,0.96867,0.96882,3.00,1.50
2015.07.07 04:14:05.688,0.96867,0.96882,2.25,1.87
2015.07.07 04:14:07.120,0.96867,0.96881,1.50,1.37
2015.07.07 04:14:07.424,0.96868,0.96878,1.00,1.87
2015.07.07 04:14:10.363,0.96868,0.96878,1.00,1.87
2015.07.07 04:14:12.362,0.96867,0.96879,1.00,1.00
2015.07.07 04:14:12.668,0.96867,0.96876,1.00,1.00
2015.07.07 04:14:12.978,0.9686,0.96868,1.00,1.00
2015.07.07 04:14:13.080,0.96858,0.96868,1.00,1.00
2015.07.07 04:14:13.182,0.96862,0.96869,1.00,1.00
2015.07.07 04:14:15.687,0.96858,0.96869,1.00,1.12
2015.07.07 04:14:15.890,0.96862,0.96869,1.00,1.00
2015.07.07 04:14:15.942,0.96862,0.96875,1.00,1.00
2015.07.07 04:14:16.571,0.96863,0.96878,2.25,2.25
2015.07.07 04:14:17.577,0.96863,0.96876,1.50,1.00
2015.07.07 04:14:17.959,0.96867,0.96878,1.00,1.00
2015.07.07 04:14:20.016,0.96867,0.96881,1.00,2.25
2015.07.07 04:14:20.320,0.96872,0.96882,1.00,1.50
2015.07.07 04:14:20.837,0.96872,0.96881,1.00,1.00
2015.07.07 04:14:21.679,0.96872,0.96882,1.00,1.00
2015.07.07 04:14:22.395,0.96869,0.96882,1.00,1.87
2015.07.07 04:14:22.446,0.96867,0.96881,1.50,1.37
2015.07.07 04:14:23.120,0.96867,0.96879,1.00,1.00
2015.07.07 04:14:23.710,0.96867,0.96878,1.00,1.00
2015.07.07 04:14:24.659,0.96867,0.9688,1.00,2.62
2015.07.07 04:14:26.675,0.96867,0.9688,1.50,1.37
2015.07.07 04:14:27.224,0.96867,0.96881,1.00,1.87
2015.07.07 04:14:28.561,0.96867,0.9688,1.00,1.12
2015.07.07 04:14:29.072,0.96867,0.96879,1.00,1.00
2015.07.07 04:14:33.530,0.96867,0.96879,1.00,1.37
2015.07.07 04:14:37.314,0.96867,0.96879,1.00,1.12
2015.07.07 04:14:39.674,0.96868,0.9688,1.00,1.87
2015.07.07 04:14:45.248,0.96868,0.96876,1.00,1.00
2015.07.07 04:14:45.753,0.96867,0.96877,1.00,1.87
2015.07.07 04:14:48.277,0.96867,0.96875,1.00,1.12
2015.07.07 04:14:48.379,0.96862,0.96875,1.50,1.00
2015.07.07 04:14:48.910,0.96863,0.96876,1.50,1.00
2015.07.07 04:14:49.488,0.96863,0.96877,1.50,1.00
2015.07.07 04:14:51.818,0.96864,0.96877,1.00,1.00
2015.07.07 04:14:51.872,0.96867,0.96877,1.00,1.00
2015.07.07 04:14:52.747,0.96867,0.96878,1.00,1.12
2015.07.07 04:14:56.379,0.96863,0.96878,2.32,1.12
2015.07.07 04:14:56.733,0.96867,0.96877,1.00,1.00
2015.07.07 04:14:57.240,0.96867,0.96878,1.00,3.37
2015.07.07 04:14:58.607,0.96867,0.96877,1.00,1.00
2015.07.07 04:15:01.601,0.96867,0.96878,1.00,3.37
2015.07.07 04:15:02.125,0.96867,0.96876,1.00,1.00
2015.07.07 04:15:02.831,0.96867,0.96875,1.00,1.00
2015.07.07 04:15:02.887,0.96862,0.96875,1.00,1.00
2015.07.07 04:15:06.378,0.96862,0.96873,1.00,1.00
2015.07.07 04:15:06.986,0.96867,0.96876,1.00,1.57
2015.07.07 04:15:07.038,0.96868,0.96878,1.00,1.00
2015.07.07 04:15:07.090,0.96868,0.9688,1.00,1.50
2015.07.07 04:15:07.141,0.96872,0.9688,1.00,1.00
2015.07.07 04:15:07.546,0.96872,0.96882,1.00,1.00
2015.07.07 04:15:08.947,0.96872,0.96884,1.00,1.37
2015.07.07 04:15:11.113,0.96872,0.96884,1.00,1.00
2015.07.07 04:15:13.121,0.96872,0.96885,1.00,3.00
2015.07.07 04:15:14.337,0.96872,0.96884,1.00,1.00
2015.07.07 04:15:28.659,0.96872,0.96883,1.00,1.00
2015.07.07 04:15:35.933,0.96872,0.96884,1.00,1.50
2015.07.07 04:15:36.471,0.96872,0.96883,1.00,1.50
2015.07.07 04:15:41.106,0.96873,0.96883,1.00,1.50
2015.07.07 04:15:43.123,0.96872,0.96883,1.00,2.25
2015.07.07 04:15:46.557,0.96874,0.96886,1.35,1.50
2015.07.07 04:15:46.780,0.96879,0.96886,1.00,1.00
2015.07.07 04:15:46.831,0.96879,0.96892,1.00,1.50
2015.07.07 04:15:49.068,0.96879,0.96891,1.50,1.00
2015.07.07 04:15:49.170,0.96877,0.96888,2.25,1.00
2015.07.07 04:15:49.372,0.96874,0.96887,1.50,1.00
2015.07.07 04:15:49.423,0.96874,0.96883,1.50,1.00
2015.07.07 04:15:49.626,0.96872,0.96883,1.00,1.00
2015.07.07 04:16:01.294,0.96872,0.96882,1.00,1.00
2015.07.07 04:16:12.879,0.96872,0.96881,1.00,1.00
2015.07.07 04:16:13.783,0.96869,0.96881,1.00,1.00
2015.07.07 04:16:14.289,0.96869,0.9688,1.00,1.00
2015.07.07 04:16:15.376,0.96869,0.96879,1.00,1.00
2015.07.07 04:16:18.961,0.96867,0.96879,1.00,1.00
2015.07.07 04:16:20.899,0.96867,0.96877,1.00,1.00
2015.07.07 04:16:21.102,0.96867,0.96879,1.00,1.00
2015.07.07 04:16:21.892,0.96867,0.96878,1.00,1.00
2015.07.07 04:16:25.859,0.96868,0.96878,1.50,1.00
2015.07.07 04:16:26.163,0.96868,0.9688,2.25,1.00
2015.07.07 04:16:26.573,0.96865,0.9688,2.62,1.37
2015.07.07 04:16:27.124,0.96867,0.9688,1.00,1.37
2015.07.07 04:16:27.478,0.96867,0.96877,1.00,1.00
2015.07.07 04:16:27.681,0.96863,0.96877,1.00,1.87
2015.07.07 04:16:28.483,0.96864,0.96877,1.00,1.87
2015.07.07 04:16:29.804,0.96864,0.96877,1.00,1.87
2015.07.07 04:16:29.989,0.96864,0.96877,1.00,1.87
2015.07.07 04:16:30.141,0.96863,0.96874,1.00,1.00
2015.07.07 04:16:30.444,0.96857,0.96865,1.00,1.00
2015.07.07 04:16:30.495,0.96852,0.96865,1.12,1.00
2015.07.07 04:16:30.647,0.96857,0.96865,1.00,1.00
2015.07.07 04:16:30.698,0.96857,0.9687,1.00,3.37
2015.07.07 04:16:30.800,0.96854,0.96868,1.50,1.00
2015.07.07 04:16:30.851,0.96857,0.96869,1.00,1.00
2015.07.07 04:16:31.134,0.96857,0.96871,2.25,1.00
2015.07.07 04:16:31.437,0.9686,0.96871,1.00,1.00
2015.07.07 04:16:31.691,0.96858,0.96871,1.00,1.00
2015.07.07 04:16:32.196,0.96859,0.96871,1.00,1.00
2015.07.07 04:16:32.784,0.96859,0.96873,1.00,1.50
2015.07.07 04:16:33.902,0.96858,0.96873,1.50,1.50
2015.07.07 04:16:34.988,0.96859,0.96873,1.00,2.25
2015.07.07 04:16:38.101,0.96862,0.96873,1.00,1.00
2015.07.07 04:16:38.627,0.96862,0.96874,1.00,2.25
2015.07.07 04:16:40.412,0.96862,0.96875,1.00,3.00
2015.07.07 04:16:40.928,0.96863,0.96876,1.00,1.00
2015.07.07 04:16:41.383,0.96865,0.96878,1.00,1.50
2015.07.07 04:16:41.940,0.96867,0.96878,1.00,1.50
2015.07.07 04:16:47.324,0.96865,0.96878,1.00,1.50
2015.07.07 04:16:47.493,0.96863,0.96878,1.12,1.50
2015.07.07 04:16:49.765,0.96863,0.96878,1.37,2.25
2015.07.07 04:16:49.868,0.96863,0.96878,1.12,2.25
2015.07.07 04:16:50.376,0.96864,0.96878,1.00,2.25
2015.07.07 04:16:53.013,0.96864,0.96877,1.50,1.00
2015.07.07 04:16:53.429,0.96864,0.96872,1.50,1.00
2015.07.07 04:16:53.706,0.96857,0.96869,1.00,1.50
2015.07.07 04:16:53.808,0.96857,0.96867,1.00,1.00
2015.07.07 04:16:56.322,0.96857,0.96868,1.00,1.00
2015.07.07 04:16:57.143,0.96862,0.96868,1.00,1.00
2015.07.07 04:16:57.295,0.96862,0.96871,1.00,1.50
2015.07.07 04:16:57.700,0.96858,0.96871,1.00,1.50
2015.07.07 04:16:58.225,0.96862,0.96871,1.00,1.00
2015.07.07 04:16:58.578,0.96857,0.96871,1.00,1.00
2015.07.07 04:16:58.629,0.96857,0.96869,1.00,1.00
2015.07.07 04:17:00.708,0.96857,0.9687,1.00,1.00
2015.07.07 04:17:01.276,0.96857,0.96869,1.00,1.00
2015.07.07 04:17:14.015,0.96857,0.96866,1.00,1.00
2015.07.07 04:17:14.319,0.96857,0.96864,1.00,1.50
2015.07.07 04:17:14.669,0.96852,0.96863,1.00,1.50
2015.07.07 04:17:15.183,0.96852,0.96865,1.00,1.50
2015.07.07 04:17:16.035,0.96857,0.96865,1.00,1.00
2015.07.07 04:17:17.418,0.96852,0.96861,1.00,1.00
2015.07.07 04:17:17.469,0.96847,0.9686,1.10,1.50
2015.07.07 04:17:17.722,0.96848,0.96858,1.00,1.00
2015.07.07 04:17:18.126,0.96847,0.9686,1.00,1.50
2015.07.07 04:17:18.781,0.96847,0.96857,1.00,1.00
2015.07.07 04:17:18.832,0.96844,0.96857,1.00,1.50
2015.07.07 04:17:18.985,0.96842,0.96856,1.00,1.00
2015.07.07 04:17:21.541,0.96844,0.96856,1.00,1.00
2015.07.07 04:17:21.693,0.96842,0.96856,1.00,1.50
2015.07.07 04:17:22.221,0.96842,0.96855,1.00,1.00
2015.07.07 04:17:22.651,0.96843,0.96857,1.00,1.00
2015.07.07 04:17:22.904,0.96843,0.96857,1.37,1.00
2015.07.07 04:17:23.106,0.96844,0.96859,1.50,2.25
2015.07.07 04:17:23.208,0.96847,0.96858,1.00,1.50
2015.07.07 04:17:23.511,0.96847,0.96853,1.00,1.00
2015.07.07 04:17:23.986,0.96842,0.96854,1.00,1.00
2015.07.07 04:17:25.373,0.96842,0.96851,1.00,1.00
2015.07.07 04:17:25.525,0.96838,0.96852,1.12,2.25
2015.07.07 04:17:26.158,0.96838,0.96853,1.00,1.00
2015.07.07 04:17:28.391,0.96842,0.96852,1.00,1.00
2015.07.07 04:17:29.246,0.96842,0.9685,1.00,1.00
2015.07.07 04:17:30.117,0.96837,0.9685,1.50,1.00
2015.07.07 04:17:30.218,0.96837,0.96852,1.12,2.25
2015.07.07 04:17:31.142,0.96837,0.96852,1.37,2.25
2015.07.07 04:17:31.641,0.96843,0.96853,1.00,2.25
2015.07.07 04:17:31.742,0.96843,0.96856,1.00,2.25
2015.07.07 04:17:34.962,0.96843,0.96857,1.00,1.87
2015.07.07 04:17:35.063,0.96843,0.96854,1.00,1.00
2015.07.07 04:17:35.461,0.96847,0.96857,1.00,2.25
2015.07.07 04:17:35.564,0.96847,0.96859,1.00,2.62
2015.07.07 04:17:35.969,0.96847,0.96861,1.00,2.25
2015.07.07 04:17:36.415,0.96848,0.96863,2.25,1.00
2015.07.07 04:17:36.918,0.96848,0.96864,1.50,2.25
2015.07.07 04:17:37.720,0.96848,0.96863,1.50,1.00
2015.07.07 04:17:39.892,0.96849,0.96862,1.00,1.00
2015.07.07 04:17:43.644,0.96847,0.96862,2.25,1.50
2015.07.07 04:17:44.188,0.96847,0.96861,1.00,1.50
2015.07.07 04:17:48.884,0.96847,0.96859,1.00,1.00
2015.07.07 04:17:57.330,0.96852,0.96859,1.00,1.50
2015.07.07 04:17:57.997,0.96852,0.9686,1.00,1.00
2015.07.07 04:17:58.521,0.96847,0.9686,1.00,1.50
2015.07.07 04:17:59.035,0.96847,0.96859,1.00,1.00
2015.07.07 04:18:01.712,0.96847,0.96858,1.00,1.50
2015.07.07 04:18:02.913,0.96852,0.96858,1.00,1.50
2015.07.07 04:18:03.473,0.96847,0.96858,1.00,1.00
2015.07.07 04:18:03.625,0.96847,0.9686,1.00,1.50
2015.07.07 04:18:04.349,0.96846,0.96857,1.00,1.00
2015.07.07 04:18:04.450,0.96846,0.96859,1.00,2.25
2015.07.07 04:18:04.805,0.96848,0.9686,1.00,1.50
2015.07.07 04:18:05.109,0.96847,0.96862,1.50,1.50
2015.07.07 04:18:05.210,0.96847,0.96864,1.50,2.25
2015.07.07 04:18:05.543,0.96847,0.96861,1.50,1.50
2015.07.07 04:18:06.201,0.96847,0.9686,1.00,1.00
2015.07.07 04:18:07.534,0.96852,0.96861,1.00,1.50
2015.07.07 04:18:08.038,0.96852,0.96862,1.00,1.00
2015.07.07 04:18:08.698,0.96852,0.96861,1.00,1.00
2015.07.07 04:18:08.982,0.96848,0.96862,1.00,1.00
2015.07.07 04:18:09.488,0.96847,0.96861,2.25,1.00
2015.07.07 04:18:09.742,0.96848,0.96857,1.00,1.00
2015.07.07 04:18:10.203,0.96847,0.96859,1.00,2.25
2015.07.07 04:18:10.733,0.96847,0.96861,2.25,1.00
2015.07.07 04:18:10.846,0.96852,0.96862,1.00,1.50
2015.07.07 04:18:11.363,0.96852,0.96863,1.00,1.00
2015.07.07 04:18:14.242,0.96849,0.96863,1.00,1.00
2015.07.07 04:18:14.747,0.96848,0.96862,2.25,1.00
2015.07.07 04:18:15.776,0.96849,0.96864,1.50,3.00
2015.07.07 04:18:19.540,0.96849,0.96863,1.00,1.00
2015.07.07 04:18:20.119,0.96848,0.96863,1.50,2.25
2015.07.07 04:18:21.583,0.96848,0.96862,1.50,1.00
2015.07.07 04:18:22.653,0.96846,0.96861,1.50,1.00
2015.07.07 04:18:22.805,0.96845,0.96859,1.50,1.00
2015.07.07 04:18:23.344,0.96844,0.96858,1.50,1.00
2015.07.07 04:18:26.455,0.96844,0.96857,1.00,1.00
2015.07.07 04:18:26.982,0.96844,0.96856,1.12,1.00
2015.07.07 04:18:27.638,0.96844,0.96857,1.12,1.00
2015.07.07 04:18:31.937,0.96844,0.96859,1.00,2.25
2015.07.07 04:18:34.092,0.96844,0.96859,2.62,1.00
2015.07.07 04:18:34.244,0.96847,0.9686,1.00,1.00
2015.07.07 04:18:34.758,0.96847,0.96861,1.50,1.00
2015.07.07 04:18:47.699,0.96848,0.96861,1.00,1.00
2015.07.07 04:18:47.805,0.96847,0.96863,2.62,1.50
2015.07.07 04:18:48.312,0.96848,0.96863,1.87,1.00
2015.07.07 04:18:49.672,0.96848,0.96864,1.87,2.25
2015.07.07 04:18:49.976,0.96853,0.96864,1.00,1.50
2015.07.07 04:18:56.530,0.96853,0.96865,1.00,1.00
2015.07.07 04:18:58.411,0.96853,0.96866,1.00,3.00
2015.07.07 04:19:07.156,0.96857,0.96866,1.00,2.25
2015.07.07 04:19:07.511,0.96857,0.9687,1.50,1.50
2015.07.07 04:19:08.059,0.96858,0.9687,1.00,1.00
2015.07.07 04:19:08.313,0.96858,0.96873,1.00,3.00
2015.07.07 04:19:08.861,0.96859,0.96872,1.00,1.00
2015.07.07 04:19:08.912,0.96859,0.96874,1.00,1.50
2015.07.07 04:19:09.115,0.96862,0.96876,1.00,2.25
2015.07.07 04:19:17.586,0.96863,0.96874,1.00,1.00
2015.07.07 04:19:18.094,0.96862,0.96874,1.00,1.00
2015.07.07 04:19:26.267,0.96862,0.96875,1.00,1.00
2015.07.07 04:19:27.072,0.96862,0.96876,1.00,3.00
2015.07.07 04:19:29.889,0.96862,0.96875,1.00,1.00
2015.07.07 04:19:31.040,0.96862,0.96874,1.00,1.00
2015.07.07 04:19:31.445,0.96857,0.96872,3.07,1.00
2015.07.07 04:19:32.109,0.96857,0.96871,1.00,1.50
2015.07.07 04:19:34.005,0.96857,0.96872,1.00,1.50
2015.07.07 04:19:38.362,0.96858,0.96872,1.00,2.25
2015.07.07 04:19:40.481,0.96857,0.96872,1.00,1.50
2015.07.07 04:19:40.987,0.96857,0.96871,1.00,1.87
2015.07.07 04:19:41.379,0.96854,0.96869,1.00,1.50
2015.07.07 04:19:43.079,0.96854,0.9687,1.50,1.87
2015.07.07 04:19:43.782,0.96854,0.96869,1.50,1.00
2015.07.07 04:19:49.936,0.96854,0.9687,1.50,1.87
2015.07.07 04:19:50.189,0.96857,0.9687,1.00,1.12
2015.07.07 04:19:53.750,0.96857,0.96871,1.00,1.00
2015.07.07 04:19:54.054,0.96862,0.96872,1.00,1.00
2015.07.07 04:19:54.587,0.96862,0.96873,1.00,1.00
2015.07.07 04:19:59.306,0.96862,0.96874,1.00,1.00
2015.07.07 04:19:59.811,0.96862,0.96875,1.00,1.50
2015.07.07 04:20:33.115,0.96862,0.96873,1.00,1.12
2015.07.07 04:20:33.166,0.96859,0.96873,1.00,1.12
2015.07.07 04:20:33.368,0.96857,0.96872,1.50,1.50
2015.07.07 04:20:37.863,0.96857,0.96873,1.50,1.50
2015.07.07 04:20:38.433,0.96858,0.96873,1.00,1.00
2015.07.07 04:20:40.522,0.96858,0.96871,1.00,1.00
2015.07.07 04:20:41.186,0.96857,0.96872,1.00,1.87
2015.07.07 04:20:44.484,0.96857,0.96871,1.00,1.00
2015.07.07 04:21:01.537,0.96857,0.96872,1.00,1.00
2015.07.07 04:21:01.950,0.96862,0.96872,1.00,1.00
2015.07.07 04:21:02.556,0.96862,0.96873,1.00,3.00
2015.07.07 04:21:02.910,0.96862,0.96868,1.00,1.00
2015.07.07 04:21:03.429,0.96857,0.96868,1.00,1.00
2015.07.07 04:21:03.582,0.96857,0.9687,1.00,1.50
2015.07.07 04:21:03.836,0.96857,0.96868,1.00,1.00
2015.07.07 04:21:03.989,0.96859,0.96871,1.00,1.00
2015.07.07 04:21:04.040,0.96859,0.96873,1.00,1.50
2015.07.07 04:21:04.092,0.96863,0.96873,1.00,1.50
2015.07.07 04:21:10.318,0.96863,0.96874,1.00,1.50
2015.07.07 04:21:18.541,0.96863,0.96875,1.00,1.00
2015.07.07 04:21:23.782,0.9686,0.96875,1.00,1.00
2015.07.07 04:21:29.909,0.96862,0.96875,1.00,1.00
2015.07.07 04:21:38.594,0.96862,0.96876,1.00,1.50
2015.07.07 04:21:45.138,0.96865,0.96876,1.00,1.00
2015.07.07 04:21:45.341,0.96869,0.96884,1.12,2.25
2015.07.07 04:21:45.750,0.96874,0.96887,1.00,1.00
2015.07.07 04:21:46.257,0.96874,0.96888,1.50,2.25
2015.07.07 04:21:51.271,0.96875,0.96888,1.00,1.50
2015.07.07 04:21:51.373,0.96875,0.96891,1.00,2.25
2015.07.07 04:21:51.726,0.96877,0.96891,1.50,2.25
2015.07.07 04:21:52.572,0.96877,0.96888,1.00,1.00
2015.07.07 04:21:52.775,0.96874,0.96888,2.25,1.50
2015.07.07 04:21:53.381,0.96873,0.96888,2.25,1.50
2015.07.07 04:21:57.044,0.96873,0.96888,2.62,1.50
2015.07.07 04:21:57.097,0.96878,0.96891,1.00,1.50
2015.07.07 04:21:57.451,0.96878,0.96893,1.00,3.00
2015.07.07 04:21:57.654,0.9688,0.96893,1.00,1.00
2015.07.07 04:21:57.958,0.96881,0.96895,1.00,1.50
2015.07.07 04:21:58.566,0.9688,0.96895,2.25,1.50
2015.07.07 04:21:59.441,0.96881,0.96895,1.00,1.00
2015.07.07 04:22:03.161,0.9688,0.96895,1.50,1.00
2015.07.07 04:22:05.710,0.9688,0.96892,2.25,1.00
2015.07.07 04:22:05.964,0.96877,0.9689,1.00,1.50
2015.07.07 04:22:06.469,0.96877,0.96889,1.00,1.00
2015.07.07 04:22:06.900,0.96882,0.9689,1.00,1.00
2015.07.07 04:22:06.952,0.96882,0.96892,1.00,1.00
2015.07.07 04:22:07.205,0.96883,0.96895,1.00,2.25
2015.07.07 04:22:07.711,0.96882,0.96897,1.00,1.50
2015.07.07 04:22:08.218,0.96882,0.96895,1.00,1.00
2015.07.07 04:22:08.662,0.96882,0.96892,1.00,1.00
2015.07.07 04:22:08.814,0.96882,0.96895,1.00,1.00
2015.07.07 04:22:08.865,0.96882,0.96891,1.00,1.00
2015.07.07 04:22:09.017,0.96882,0.96894,1.00,1.50
2015.07.07 04:22:09.270,0.96882,0.96896,1.00,2.25
2015.07.07 04:22:17.910,0.96882,0.96895,1.00,1.00
2015.07.07 04:22:19.887,0.96882,0.96896,1.00,2.25
2015.07.07 04:22:36.425,0.96882,0.96897,1.00,2.25
2015.07.07 04:22:38.314,0.96882,0.96896,1.00,1.00
2015.07.07 04:22:39.752,0.96882,0.96897,1.00,3.00
2015.07.07 04:22:44.345,0.96885,0.96897,1.00,2.25
2015.07.07 04:22:44.650,0.96888,0.96899,1.00,1.50
2015.07.07 04:22:45.156,0.96887,0.96898,1.00,1.50
2015.07.07 04:22:45.748,0.96887,0.96899,1.00,1.50
2015.07.07 04:22:47.429,0.96887,0.96897,1.00,1.00
2015.07.07 04:22:47.834,0.96882,0.96896,1.00,1.00
2015.07.07 04:22:49.681,0.96887,0.96896,1.00,1.50
2015.07.07 04:22:49.893,0.96883,0.96896,1.00,1.50
2015.07.07 04:22:50.465,0.96887,0.96898,1.00,1.00
2015.07.07 04:22:50.970,0.96887,0.96897,1.00,1.00
2015.07.07 04:22:51.533,0.96887,0.96898,1.00,1.50
2015.07.07 04:22:54.673,0.96887,0.96897,1.00,1.00
2015.07.07 04:22:54.875,0.96882,0.96897,1.50,1.00
2015.07.07 04:22:55.446,0.96883,0.96897,1.00,1.00
2015.07.07 04:22:56.477,0.96883,0.96896,1.00,1.00
2015.07.07 04:22:57.028,0.96882,0.96896,1.00,1.00
2015.07.07 04:23:01.994,0.96883,0.96896,1.00,1.00
2015.07.07 04:23:02.974,0.96883,0.96894,1.00,1.00
2015.07.07 04:23:08.442,0.96879,0.96894,1.87,1.50
2015.07.07 04:23:08.646,0.96879,0.96892,1.37,1.50
2015.07.07 04:23:08.697,0.96878,0.96892,1.10,1.50
2015.07.07 04:23:08.849,0.96878,0.9689,1.00,1.00
2015.07.07 04:23:14.351,0.96878,0.96891,1.00,2.25
2015.07.07 04:23:15.435,0.96878,0.9689,1.00,1.00
2015.07.07 04:23:15.955,0.96878,0.96891,1.00,1.50
2015.07.07 04:23:16.528,0.96878,0.9689,1.00,1.00
2015.07.07 04:23:41.501,0.96878,0.96893,1.12,2.25
2015.07.07 04:23:42.049,0.96883,0.96893,1.00,1.00
2015.07.07 04:23:42.200,0.96883,0.96895,1.00,1.00
2015.07.07 04:23:45.099,0.96879,0.96895,1.50,1.00
2015.07.07 04:23:47.021,0.9688,0.96895,1.00,1.50
2015.07.07 04:23:51.117,0.96879,0.96895,1.50,1.50
2015.07.07 04:23:51.281,0.96882,0.96895,1.00,1.50
2015.07.07 04:23:54.454,0.96879,0.96895,1.50,1.12
2015.07.07 04:23:59.770,0.96879,0.96894,1.50,1.00
2015.07.07 04:24:00.818,0.9688,0.96894,1.00,1.00
2015.07.07 04:24:08.872,0.9688,0.96895,1.00,1.12
2015.07.07 04:24:11.340,0.96881,0.96895,1.00,1.00
2015.07.07 04:24:18.404,0.9688,0.96895,1.50,1.00
2015.07.07 04:24:20.335,0.96879,0.96894,1.00,1.00
2015.07.07 04:24:27.916,0.96879,0.96893,1.00,1.00
2015.07.07 04:24:31.297,0.96879,0.96893,1.87,1.00
2015.07.07 04:24:31.348,0.96879,0.96895,1.37,1.50
2015.07.07 04:24:31.600,0.96883,0.96896,1.00,1.00
2015.07.07 04:24:31.752,0.96881,0.96895,1.00,1.00
2015.07.07 04:24:32.257,0.9688,0.96895,1.00,1.00
2015.07.07 04:24:32.922,0.96882,0.96895,1.00,1.87
2015.07.07 04:24:33.226,0.96879,0.96892,1.00,1.00
2015.07.07 04:24:33.682,0.96877,0.96892,1.50,1.00
2015.07.07 04:24:34.000,0.96877,0.9689,1.50,1.00
2015.07.07 04:24:35.336,0.96877,0.96891,1.50,1.00
2015.07.07 04:24:37.088,0.96877,0.96892,1.50,2.25
2015.07.07 04:24:37.593,0.96877,0.96891,1.50,1.00
2015.07.07 04:24:45.870,0.96877,0.96889,1.00,1.00
2015.07.07 04:24:46.397,0.96877,0.9689,1.00,1.00
2015.07.07 04:24:52.066,0.96877,0.96887,1.00,1.50
2015.07.07 04:24:52.168,0.96873,0.96884,1.00,1.50
2015.07.07 04:24:52.320,0.9687,0.96883,1.00,1.00
2015.07.07 04:24:52.371,0.96868,0.96883,1.57,1.00
2015.07.07 04:24:52.624,0.96872,0.96884,1.00,1.00
2015.07.07 04:24:53.817,0.96877,0.96884,1.00,1.00
2015.07.07 04:24:53.919,0.96877,0.96886,1.00,1.50
2015.07.07 04:24:54.223,0.96877,0.9689,1.00,2.62
2015.07.07 04:24:54.783,0.96877,0.9689,1.00,1.00
2015.07.07 04:24:55.375,0.96877,0.96889,1.00,1.00
2015.07.07 04:24:58.388,0.96877,0.9689,1.00,2.25
2015.07.07 04:25:01.286,0.96877,0.96889,1.00,1.00
2015.07.07 04:25:02.724,0.96877,0.9689,1.00,1.50
2015.07.07 04:25:05.956,0.96877,0.96888,1.00,1.00
2015.07.07 04:25:10.901,0.96872,0.96888,2.62,2.25
2015.07.07 04:25:11.410,0.96872,0.96887,1.50,1.00
2015.07.07 04:25:12.052,0.96873,0.96888,1.00,2.25
2015.07.07 04:25:12.912,0.96872,0.96888,1.50,3.00
2015.07.07 04:25:15.569,0.96873,0.96888,1.00,2.25
2015.07.07 04:25:15.872,0.96875,0.96888,1.00,1.00
2015.07.07 04:25:16.394,0.96875,0.9689,1.00,1.50
2015.07.07 04:25:16.496,0.96875,0.96888,1.50,1.00
2015.07.07 04:25:16.597,0.96875,0.9689,1.50,1.50
2015.07.07 04:25:17.130,0.96876,0.96889,1.50,1.00
2015.07.07 04:25:17.239,0.96876,0.96891,1.50,1.00
2015.07.07 04:25:22.409,0.96876,0.9689,1.50,1.00
2015.07.07 04:25:31.922,0.96876,0.96891,1.00,1.00
2015.07.07 04:25:32.290,0.96876,0.96888,1.00,1.00
2015.07.07 04:25:32.391,0.96876,0.96891,1.00,1.87
2015.07.07 04:25:32.926,0.96875,0.9689,1.50,1.00
2015.07.07 04:25:34.179,0.96876,0.96891,1.00,1.12
2015.07.07 04:25:34.737,0.96877,0.96891,1.00,1.12
2015.07.07 04:25:35.439,0.96877,0.9689,1.00,1.00
2015.07.07 04:25:38.283,0.96877,0.96891,1.00,2.25
2015.07.07 04:25:42.104,0.96877,0.9689,1.00,1.00
2015.07.07 04:25:42.627,0.96877,0.96892,1.50,1.50
2015.07.07 04:25:45.511,0.96878,0.96892,1.50,1.00
2015.07.07 04:25:45.857,0.96878,0.96894,1.50,2.25
2015.07.07 04:25:46.369,0.96878,0.96893,1.50,1.00
2015.07.07 04:25:50.677,0.96878,0.96895,1.00,2.62
2015.07.07 04:25:51.188,0.96878,0.96894,1.00,1.87
2015.07.07 04:25:53.606,0.96878,0.96892,1.00,1.00
2015.07.07 04:25:54.163,0.96878,0.96893,1.00,1.50
2015.07.07 04:25:56.977,0.96879,0.96893,1.00,2.62
2015.07.07 04:25:57.522,0.96879,0.96892,1.00,1.00
2015.07.07 04:26:01.837,0.96878,0.96892,1.00,1.00
2015.07.07 04:26:04.749,0.96878,0.96893,1.00,2.25
2015.07.07 04:26:05.884,0.96878,0.96891,1.00,1.00
2015.07.07 04:26:12.176,0.96878,0.96893,1.00,2.25
2015.07.07 04:26:14.087,0.96878,0.96892,1.00,1.00
2015.07.07 04:26:20.889,0.96878,0.96893,1.50,1.50
2015.07.07 04:26:23.395,0.96878,0.96894,1.00,1.50
2015.07.07 04:26:23.509,0.96878,0.96891,1.00,1.00
2015.07.07 04:26:23.664,0.96878,0.96893,1.00,1.00
2015.07.07 04:26:25.762,0.96879,0.96893,1.00,1.00
2015.07.07 04:26:28.049,0.96879,0.96894,1.00,1.50
2015.07.07 04:26:28.258,0.96879,0.96892,1.00,1.00
2015.07.07 04:26:28.410,0.96879,0.96894,1.00,1.12
2015.07.07 04:26:28.972,0.96879,0.96893,1.00,1.00
2015.07.07 04:26:30.368,0.96878,0.96893,1.00,1.12
2015.07.07 04:26:31.004,0.9688,0.96894,1.00,1.00
2015.07.07 04:26:31.105,0.96878,0.96894,1.00,1.00
2015.07.07 04:26:31.614,0.96879,0.96895,1.00,1.37
2015.07.07 04:26:32.847,0.96879,0.96892,1.00,1.00
2015.07.07 04:26:33.151,0.96882,0.96894,1.00,1.00
2015.07.07 04:26:33.303,0.96882,0.96896,1.00,1.00
2015.07.07 04:26:33.638,0.96882,0.96899,1.50,3.37
2015.07.07 04:26:34.997,0.96882,0.96896,1.50,1.00
2015.07.07 04:26:35.700,0.96882,0.96895,1.00,1.12
2015.07.07 04:26:35.751,0.96879,0.96895,1.12,1.87
2015.07.07 04:26:38.078,0.9688,0.96895,1.00,1.00
2015.07.07 04:26:38.230,0.96882,0.96895,1.00,1.00
2015.07.07 04:26:38.755,0.9688,0.96895,1.00,1.00
2015.07.07 04:26:40.364,0.9688,0.96894,1.00,1.12
2015.07.07 04:26:48.892,0.9688,0.96896,1.00,3.37
2015.07.07 04:26:52.477,0.9688,0.96896,1.00,2.62
2015.07.07 04:26:54.504,0.9688,0.96896,1.00,2.62
2015.07.07 04:26:55.166,0.9688,0.96896,1.00,2.62
2015.07.07 04:26:55.643,0.9688,0.96893,1.00,1.00
2015.07.07 04:26:55.808,0.9688,0.96895,1.00,1.50
2015.07.07 04:26:56.338,0.96879,0.96894,1.00,1.87
2015.07.07 04:26:56.877,0.9688,0.96895,1.00,1.12
2015.07.07 04:26:57.252,0.96878,0.96891,1.00,1.00
2015.07.07 04:26:57.505,0.96875,0.9689,1.50,1.50
2015.07.07 04:26:58.015,0.96876,0.9689,1.00,1.50
2015.07.07 04:26:58.521,0.96877,0.9689,1.00,1.00
2015.07.07 04:26:59.564,0.96877,0.96891,1.00,1.50
2015.07.07 04:27:14.410,0.96877,0.96892,1.00,1.00
2015.07.07 04:27:14.960,0.96877,0.96893,1.50,1.00
2015.07.07 04:27:15.477,0.96878,0.96893,1.00,1.00
2015.07.07 04:27:16.194,0.96878,0.96894,1.00,1.87
2015.07.07 04:27:16.726,0.96879,0.96893,1.00,1.00
2015.07.07 04:27:18.059,0.96877,0.96892,1.00,2.25
2015.07.07 04:27:18.413,0.96878,0.9689,1.00,1.00
2015.07.07 04:27:20.045,0.96878,0.96891,1.00,2.25
2015.07.07 04:27:20.564,0.96877,0.96891,1.00,2.25
2015.07.07 04:27:21.216,0.96877,0.9689,1.00,1.00
2015.07.07 04:27:21.717,0.96878,0.9689,1.00,1.00
2015.07.07 04:27:22.500,0.96878,0.96891,1.00,2.25
2015.07.07 04:27:23.086,0.96877,0.96891,1.00,2.25
2015.07.07 04:27:29.794,0.96877,0.9689,1.00,1.00
2015.07.07 04:27:35.700,0.96877,0.96891,1.00,2.25
2015.07.07 04:27:38.416,0.96877,0.9689,1.00,1.00
2015.07.07 04:27:38.963,0.96877,0.96891,1.00,1.50
2015.07.07 04:27:44.335,0.96878,0.96891,1.00,1.00
2015.07.07 04:27:45.481,0.96877,0.96891,1.50,1.00
2015.07.07 04:27:48.129,0.96875,0.9689,1.50,1.50
2015.07.07 04:27:48.382,0.96874,0.96887,1.00,1.00
2015.07.07 04:27:48.689,0.96874,0.96889,1.00,1.00
2015.07.07 04:27:49.199,0.96874,0.9689,1.00,2.62
2015.07.07 04:27:49.606,0.96876,0.9689,1.00,1.50
2015.07.07 04:27:49.916,0.96876,0.96887,1.00,1.00
2015.07.07 04:27:50.068,0.96876,0.9689,1.00,1.00
2015.07.07 04:27:50.611,0.96877,0.9689,1.00,1.00
2015.07.07 04:27:51.029,0.96879,0.96891,1.00,1.00
2015.07.07 04:27:52.887,0.96879,0.96889,1.00,1.00
2015.07.07 04:27:52.938,0.96879,0.96892,1.00,1.50
2015.07.07 04:27:53.040,0.96879,0.96888,1.00,1.00
2015.07.07 04:27:53.091,0.96881,0.96891,1.00,1.00
2015.07.07 04:27:53.243,0.96879,0.96891,1.00,1.00
2015.07.07 04:27:53.395,0.96879,0.96894,1.00,1.00
2015.07.07 04:27:53.964,0.96879,0.96893,1.00,1.00
2015.07.07 04:27:54.895,0.9688,0.96893,1.00,1.00
2015.07.07 04:27:55.985,0.9688,0.96895,1.50,1.50
2015.07.07 04:27:56.036,0.96882,0.96895,1.00,1.50
2015.07.07 04:27:56.459,0.9688,0.96895,1.00,1.50
2015.07.07 04:27:56.510,0.96878,0.96894,1.87,1.00
2015.07.07 04:27:56.901,0.9688,0.96894,1.50,1.00
2015.07.07 04:27:57.155,0.96882,0.96897,1.12,1.50
2015.07.07 04:27:57.206,0.96882,0.96895,1.12,1.00
2015.07.07 04:27:57.257,0.96882,0.96897,1.00,1.00
2015.07.07 04:27:57.794,0.96883,0.96896,1.00,1.00
2015.07.07 04:27:59.353,0.96883,0.96896,1.00,1.37
2015.07.07 04:28:00.151,0.96882,0.96894,1.00,1.00
2015.07.07 04:28:00.357,0.96878,0.96892,1.00,1.00
2015.07.07 04:28:00.459,0.96878,0.9689,1.00,1.00
2015.07.07 04:28:00.994,0.96877,0.96891,1.50,1.00
2015.07.07 04:28:11.021,0.96877,0.96892,2.25,2.25
2015.07.07 04:28:14.897,0.96877,0.96891,1.50,1.00
2015.07.07 04:28:15.761,0.96877,0.96892,1.50,1.50
2015.07.07 04:28:16.464,0.96877,0.9689,1.50,1.00
2015.07.07 04:28:24.893,0.96878,0.9689,1.00,1.00
2015.07.07 04:28:25.407,0.96877,0.9689,2.25,1.00
2015.07.07 04:28:29.268,0.96878,0.96892,1.00,1.00
2015.07.07 04:28:29.775,0.96877,0.96892,2.62,1.00
2015.07.07 04:28:36.277,0.96878,0.96892,1.00,1.00
2015.07.07 04:28:36.977,0.96877,0.96892,1.50,1.00
2015.07.07 04:28:39.243,0.96878,0.96892,1.00,1.00
2015.07.07 04:28:39.761,0.96877,0.96892,2.25,1.00
2015.07.07 04:28:43.950,0.96878,0.96892,1.00,1.00
2015.07.07 04:28:44.563,0.96877,0.96892,2.25,1.00
2015.07.07 04:28:50.661,0.96878,0.96892,1.00,1.00
2015.07.07 04:28:51.989,0.96878,0.96893,1.50,1.00
2015.07.07 04:28:52.922,0.96882,0.96893,1.00,1.00
2015.07.07 04:28:54.917,0.96879,0.96893,1.00,1.00
2015.07.07 04:28:55.477,0.96879,0.96894,1.00,1.00
2015.07.07 04:28:55.578,0.96882,0.96894,1.00,1.00
2015.07.07 04:28:55.931,0.96879,0.96894,1.00,1.00
2015.07.07 04:28:56.083,0.96879,0.96892,1.00,1.00
2015.07.07 04:28:57.443,0.96879,0.96894,1.00,1.00
2015.07.07 04:28:58.103,0.96879,0.96893,1.00,1.00
2015.07.07 04:28:58.204,0.96879,0.96895,1.00,2.25
2015.07.07 04:28:58.750,0.96878,0.96895,2.25,2.25
2015.07.07 04:29:02.343,0.96879,0.96895,1.00,2.25
2015.07.07 04:29:02.920,0.96879,0.96893,1.00,1.00
2015.07.07 04:29:03.072,0.96879,0.96895,1.00,1.50
2015.07.07 04:29:03.174,0.96878,0.96893,2.25,1.00
2015.07.07 04:29:03.266,0.96878,0.96895,2.25,3.00
2015.07.07 04:29:03.571,0.96878,0.96893,1.50,1.00
2015.07.07 04:29:04.119,0.96877,0.96893,1.00,1.00
2015.07.07 04:29:09.485,0.96877,0.96891,1.00,1.00
2015.07.07 04:29:09.587,0.96877,0.96893,1.00,1.00
2015.07.07 04:29:10.088,0.96877,0.96892,3.00,1.00
2015.07.07 04:29:11.043,0.96877,0.96894,3.00,2.25
2015.07.07 04:29:12.459,0.96878,0.96894,1.00,1.50
2015.07.07 04:29:17.078,0.96878,0.96891,1.00,1.00
2015.07.07 04:29:17.277,0.96878,0.96894,1.00,1.50
2015.07.07 04:29:20.658,0.96882,0.96894,1.00,1.00
2015.07.07 04:29:26.480,0.96882,0.96895,1.00,1.50
2015.07.07 04:29:27.334,0.96882,0.96896,1.00,1.50
2015.07.07 04:29:27.385,0.9688,0.96896,2.25,1.50
2015.07.07 04:29:27.948,0.96882,0.96894,1.00,1.00
2015.07.07 04:29:28.049,0.96882,0.96896,1.00,1.00
2015.07.07 04:29:28.555,0.96882,0.96897,1.50,1.00
2015.07.07 04:29:29.088,0.96883,0.96897,1.00,1.00
2015.07.07 04:29:29.670,0.96882,0.96897,1.50,1.00
2015.07.07 04:29:31.588,0.96882,0.96895,1.00,1.00
2015.07.07 04:29:32.152,0.96881,0.96895,1.50,1.50
2015.07.07 04:29:33.262,0.96879,0.96894,1.00,1.00
2015.07.07 04:29:33.465,0.96878,0.96892,1.00,1.00
2015.07.07 04:29:34.099,0.96875,0.96892,3.00,2.25
2015.07.07 04:29:34.356,0.96875,0.96889,1.50,1.00
2015.07.07 04:29:36.576,0.96875,0.96888,1.00,1.00
2015.07.07 04:29:37.114,0.96874,0.96888,1.50,1.00
2015.07.07 04:29:38.288,0.96874,0.96889,1.00,1.50
2015.07.07 04:29:42.092,0.96877,0.96889,1.00,1.50
2015.07.07 04:29:43.698,0.96877,0.96888,1.00,1.00
2015.07.07 04:29:44.106,0.96873,0.96888,2.25,1.00
2015.07.07 04:29:44.502,0.96873,0.96885,1.00,1.00
2015.07.07 04:29:44.806,0.96878,0.96885,1.00,1.00
2015.07.07 04:29:47.680,0.96878,0.96889,1.00,1.50
2015.07.07 04:29:48.199,0.96877,0.96889,1.00,1.50
2015.07.07 04:29:54.533,0.96878,0.96889,1.00,1.50
2015.07.07 04:29:58.298,0.96878,0.9689,1.00,1.00
2015.07.07 04:29:58.932,0.96878,0.96889,1.00,1.00
2015.07.07 04:30:01.610,0.96878,0.96891,1.00,1.00
2015.07.07 04:30:02.800,0.96877,0.96891,1.00,1.50
2015.07.07 04:30:03.354,0.96878,0.96891,1.00,1.50
2015.07.07 04:30:06.409,0.96878,0.96889,1.00,1.50
2015.07.07 04:30:07.179,0.96877,0.96889,1.00,1.50
2015.07.07 04:30:11.002,0.96877,0.96886,1.00,1.00
2015.07.07 04:30:11.053,0.96872,0.96886,1.00,1.00
2015.07.07 04:30:11.408,0.96872,0.96882,1.00,1.50
2015.07.07 04:30:11.611,0.96869,0.96881,1.00,1.00
2015.07.07 04:30:11.712,0.96872,0.96881,1.00,1.00
2015.07.07 04:30:12.041,0.96868,0.9688,1.00,1.00
2015.07.07 04:30:12.244,0.96868,0.96878,1.00,1.00
2015.07.07 04:30:12.799,0.96868,0.96877,1.00,1.00
2015.07.07 04:30:16.005,0.96868,0.96879,1.00,1.50
2015.07.07 04:30:16.107,0.96873,0.96879,1.00,1.00
2015.07.07 04:30:16.629,0.96867,0.96879,1.00,1.00
2015.07.07 04:30:18.112,0.96867,0.9688,1.00,1.50
2015.07.07 04:30:18.633,0.96867,0.96879,1.00,1.00
2015.07.07 04:30:19.273,0.96872,0.96879,1.00,1.00
2015.07.07 04:30:19.757,0.96872,0.96881,1.00,1.00
2015.07.07 04:30:19.960,0.96867,0.96881,1.00,1.00
2015.07.07 04:30:20.903,0.9687,0.96881,1.00,1.00
2015.07.07 04:30:21.266,0.9687,0.96887,1.50,1.87
2015.07.07 04:30:21.318,0.96875,0.96887,1.00,1.87
2015.07.07 04:30:21.471,0.96872,0.96888,2.25,1.00
2015.07.07 04:30:21.573,0.96873,0.9689,1.50,1.50
2015.07.07 04:30:21.624,0.96873,0.96888,1.00,1.50
2015.07.07 04:30:21.726,0.96871,0.96888,1.50,2.25
2015.07.07 04:30:21.827,0.96869,0.96886,2.25,1.00
2015.07.07 04:30:22.131,0.96868,0.96884,2.25,1.00
2015.07.07 04:30:22.586,0.96872,0.96883,1.00,1.00
2015.07.07 04:30:22.637,0.96872,0.96885,1.00,1.00
2015.07.07 04:30:23.043,0.96873,0.96887,1.00,1.00
2015.07.07 04:30:23.637,0.96873,0.96889,1.00,1.50
2015.07.07 04:30:24.431,0.96876,0.96889,1.00,1.00
2015.07.07 04:30:24.482,0.96876,0.96891,1.00,1.00
2015.07.07 04:30:24.984,0.96876,0.96892,1.00,1.50
2015.07.07 04:30:25.490,0.96879,0.96892,1.00,1.00
2015.07.07 04:30:25.541,0.9688,0.96894,1.00,1.50
2015.07.07 04:30:25.592,0.96882,0.96894,1.00,1.50
2015.07.07 04:30:25.644,0.96883,0.969,1.00,1.87
2015.07.07 04:30:26.191,0.96882,0.96899,2.25,1.00
2015.07.07 04:30:26.697,0.96882,0.96898,1.50,1.50
2015.07.07 04:30:31.624,0.96881,0.96898,1.00,2.25
2015.07.07 04:30:31.877,0.9688,0.96895,1.00,1.00
2015.07.07 04:30:32.283,0.96882,0.96895,1.00,1.00
2015.07.07 04:30:32.537,0.96879,0.96894,1.00,1.00
2015.07.07 04:30:32.588,0.96876,0.96893,1.00,1.50
2015.07.07 04:30:32.690,0.96875,0.96891,1.00,1.00
2015.07.07 04:30:33.044,0.96876,0.96891,1.37,1.00
2015.07.07 04:30:33.096,0.96877,0.96894,2.62,1.50
2015.07.07 04:30:33.199,0.9688,0.96896,1.00,2.25
2015.07.07 04:30:33.726,0.9688,0.96895,1.50,1.00
2015.07.07 04:30:34.533,0.9688,0.96894,1.00,1.00
2015.07.07 04:30:34.685,0.96875,0.96891,1.50,2.25
2015.07.07 04:30:34.982,0.96872,0.96887,1.00,1.00
2015.07.07 04:30:35.135,0.9687,0.96886,1.50,1.50
2015.07.07 04:30:35.666,0.9687,0.96885,1.00,1.00
2015.07.07 04:30:36.394,0.96869,0.96886,3.00,2.25
2015.07.07 04:30:36.698,0.96867,0.96883,1.00,1.00
2015.07.07 04:30:36.951,0.96865,0.96882,1.00,1.50
2015.07.07 04:30:37.108,0.96864,0.9688,1.00,1.00
2015.07.07 04:30:37.635,0.96863,0.96879,1.12,1.00
2015.07.07 04:30:38.394,0.96864,0.96879,1.00,1.50
2015.07.07 04:30:39.492,0.96862,0.96879,2.25,1.50
2015.07.07 04:30:40.622,0.96862,0.96878,2.25,1.00
2015.07.07 04:30:41.143,0.96862,0.96877,1.00,1.00
2015.07.07 04:30:42.375,0.96863,0.96877,1.00,1.00
2015.07.07 04:30:42.628,0.9686,0.96874,1.50,1.00
2015.07.07 04:30:42.780,0.9686,0.96876,1.50,1.50
2015.07.07 04:30:42.831,0.96862,0.96876,1.00,1.00
2015.07.07 04:30:43.407,0.96862,0.96878,1.00,2.25
2015.07.07 04:30:44.569,0.96863,0.96878,1.12,2.25
2015.07.07 04:30:44.924,0.96863,0.9688,1.50,2.25
2015.07.07 04:30:46.125,0.96865,0.9688,1.50,1.00
2015.07.07 04:30:46.227,0.96865,0.96882,1.50,3.00
2015.07.07 04:30:49.214,0.96864,0.96879,1.00,1.00
2015.07.07 04:30:49.730,0.96864,0.9688,1.50,1.00
2015.07.07 04:30:51.948,0.96868,0.9688,1.00,1.00
2015.07.07 04:30:53.602,0.96867,0.9688,1.00,1.00
2015.07.07 04:30:54.363,0.96864,0.9688,1.50,1.00
2015.07.07 04:30:54.710,0.96865,0.96882,1.50,3.00
2015.07.07 04:30:54.913,0.96865,0.9688,1.50,1.00
2015.07.07 04:30:55.279,0.96868,0.96882,1.00,1.50
2015.07.07 04:30:55.814,0.96867,0.96882,1.00,1.50
2015.07.07 04:30:56.017,0.96868,0.96885,2.25,3.00
2015.07.07 04:30:56.270,0.96872,0.96884,1.00,1.00
2015.07.07 04:30:56.819,0.96873,0.96885,1.00,1.50
2015.07.07 04:30:57.678,0.96872,0.96885,1.00,1.50
2015.07.07 04:30:59.758,0.9687,0.96885,1.00,1.00
2015.07.07 04:30:59.863,0.96872,0.96885,1.00,1.00
2015.07.07 04:31:00.723,0.96872,0.96882,1.00,1.00
2015.07.07 04:31:00.876,0.96868,0.96883,2.62,1.00
2015.07.07 04:31:01.524,0.9687,0.96884,1.37,1.00
2015.07.07 04:31:01.575,0.96871,0.96887,1.37,1.00
2015.07.07 04:31:01.778,0.96873,0.96889,1.37,1.50
2015.07.07 04:31:02.133,0.96874,0.96891,1.87,1.00
2015.07.07 04:31:02.701,0.96877,0.96891,2.25,1.00
2015.07.07 04:31:03.105,0.96878,0.96892,1.37,1.00
2015.07.07 04:31:03.459,0.96879,0.96894,1.37,1.00
2015.07.07 04:31:03.962,0.96878,0.96893,1.37,1.00
2015.07.07 04:31:04.013,0.96877,0.96893,1.00,1.00
2015.07.07 04:31:04.215,0.96879,0.96892,1.12,1.50
2015.07.07 04:31:04.367,0.96879,0.96894,1.12,2.25
2015.07.07 04:31:05.053,0.9688,0.96894,1.00,1.00
2015.07.07 04:31:05.414,0.96878,0.96893,1.50,1.00
2015.07.07 04:31:05.465,0.96878,0.96891,1.00,1.00
2015.07.07 04:31:05.971,0.96878,0.96894,1.00,1.50
2015.07.07 04:31:06.514,0.96878,0.96895,1.50,1.50
2015.07.07 04:31:07.403,0.9688,0.96895,1.00,1.00
2015.07.07 04:31:07.928,0.9688,0.96896,1.00,1.50
2015.07.07 04:31:08.435,0.96881,0.96896,1.00,1.00
2015.07.07 04:31:08.935,0.96879,0.96894,2.25,1.00
2015.07.07 04:31:09.481,0.96882,0.96893,1.00,1.00
2015.07.07 04:31:09.689,0.96879,0.96893,1.00,1.00
2015.07.07 04:31:09.943,0.9688,0.96895,1.50,1.00
2015.07.07 04:31:10.044,0.9688,0.96897,2.25,3.00
2015.07.07 04:31:10.804,0.96882,0.96897,1.00,1.00
2015.07.07 04:31:11.897,0.96881,0.96897,1.00,1.00
2015.07.07 04:31:12.445,0.96882,0.96897,1.00,1.00
2015.07.07 04:31:12.547,0.96882,0.96899,1.50,2.25
2015.07.07 04:31:14.856,0.96882,0.96895,1.00,1.00
2015.07.07 04:31:15.008,0.96879,0.96895,1.50,1.00
2015.07.07 04:31:15.306,0.96879,0.96893,1.00,1.00
2015.07.07 04:31:15.357,0.9688,0.96895,1.00,1.00
2015.07.07 04:31:15.863,0.96881,0.96895,1.00,1.00
2015.07.07 04:31:16.776,0.9688,0.96896,1.50,1.50
2015.07.07 04:31:16.827,0.96881,0.96896,1.37,1.50
2015.07.07 04:31:17.182,0.9688,0.96895,1.00,1.00
2015.07.07 04:31:17.283,0.96878,0.96894,1.50,1.00
2015.07.07 04:31:17.794,0.96878,0.96893,2.25,1.00
2015.07.07 04:31:18.332,0.96882,0.96893,1.00,1.00
2015.07.07 04:31:18.383,0.96882,0.96895,1.00,1.00
2015.07.07 04:31:18.485,0.96883,0.96898,1.00,1.00
2015.07.07 04:31:19.070,0.96883,0.96897,1.00,1.00
2015.07.07 04:31:19.476,0.9688,0.96896,1.00,1.00
2015.07.07 04:31:20.029,0.9688,0.96895,1.00,1.00
2015.07.07 04:31:20.221,0.96882,0.96895,1.00,1.00
2015.07.07 04:31:20.325,0.9688,0.96895,1.00,1.00
2015.07.07 04:31:20.861,0.96881,0.96897,1.50,1.50
2015.07.07 04:31:21.281,0.96882,0.96899,1.50,2.25
2015.07.07 04:31:21.974,0.96883,0.96899,1.50,1.00
2015.07.07 04:31:22.025,0.96884,0.96901,1.00,1.50
2015.07.07 04:31:22.557,0.96885,0.96901,1.00,1.00
2015.07.07 04:31:23.303,0.96885,0.96902,2.25,1.50
2015.07.07 04:31:23.404,0.96887,0.96902,1.00,1.00
2015.07.07 04:31:23.658,0.96887,0.96904,1.00,3.37
2015.07.07 04:31:23.709,0.96887,0.96902,1.00,1.00
2015.07.07 04:31:24.296,0.96886,0.96902,1.00,1.87
2015.07.07 04:31:24.844,0.96885,0.96902,2.25,1.87
2015.07.07 04:31:25.148,0.96887,0.96902,1.00,1.50
2015.07.07 04:31:25.688,0.96887,0.96901,1.00,1.00
2015.07.07 04:31:26.601,0.96889,0.96901,1.00,1.00
2015.07.07 04:31:26.702,0.96887,0.96901,1.50,1.00
2015.07.07 04:31:27.216,0.96887,0.96902,1.50,1.87
2015.07.07 04:31:28.073,0.96887,0.969,1.00,1.00
2015.07.07 04:31:28.897,0.96886,0.969,1.00,1.00
2015.07.07 04:31:30.365,0.96887,0.969,1.00,1.00
2015.07.07 04:31:30.879,0.96886,0.969,1.50,1.50
2015.07.07 04:31:32.390,0.96887,0.969,1.00,1.00
2015.07.07 04:31:32.603,0.96885,0.96901,1.87,1.00
2015.07.07 04:31:33.738,0.96884,0.96901,2.25,1.50
2015.07.07 04:31:33.890,0.96884,0.96899,1.00,1.12
2015.07.07 04:31:33.992,0.96882,0.96898,1.00,1.00
2015.07.07 04:31:34.544,0.96881,0.96897,1.00,1.00
2015.07.07 04:31:38.367,0.96881,0.96896,1.00,1.00
2015.07.07 04:31:50.362,0.96881,0.96897,1.00,1.87
2015.07.07 04:31:51.624,0.96883,0.96897,1.00,1.50
2015.07.07 04:31:52.154,0.96883,0.96898,1.00,1.00
2015.07.07 04:31:52.458,0.96885,0.969,1.00,1.00
2015.07.07 04:31:52.983,0.96885,0.96901,2.25,1.87
2015.07.07 04:31:54.521,0.96887,0.96901,1.00,1.87
2015.07.07 04:31:55.193,0.96888,0.96904,1.50,2.62
2015.07.07 04:31:55.497,0.9689,0.96904,1.00,2.62
2015.07.07 04:31:56.730,0.9689,0.96904,1.00,1.12
2015.07.07 04:31:57.294,0.9689,0.96901,1.00,1.00
2015.07.07 04:31:57.395,0.96888,0.96902,1.50,1.12
2015.07.07 04:31:57.496,0.96885,0.96901,2.25,1.00
2015.07.07 04:31:57.851,0.96885,0.96898,1.00,1.00
2015.07.07 04:31:58.306,0.96883,0.96898,1.50,1.00
2015.07.07 04:31:58.539,0.96883,0.96896,1.50,1.00
2015.07.07 04:31:58.590,0.96881,0.96896,1.50,1.00
2015.07.07 04:31:58.641,0.96883,0.96896,1.00,1.00
2015.07.07 04:31:58.692,0.96881,0.96896,1.00,1.00
2015.07.07 04:31:59.047,0.96881,0.96894,1.00,1.50
2015.07.07 04:32:03.304,0.96879,0.96894,1.00,1.50
2015.07.07 04:32:04.199,0.9688,0.96896,1.00,1.00
2015.07.07 04:32:08.125,0.9688,0.96897,1.50,1.50
2015.07.07 04:32:08.687,0.96881,0.96897,1.00,1.00
2015.07.07 04:32:09.223,0.96883,0.96897,1.00,1.00
2015.07.07 04:32:09.532,0.96886,0.969,1.00,1.12
2015.07.07 04:32:10.065,0.96886,0.96901,1.00,1.87
2015.07.07 04:32:10.571,0.96885,0.96901,1.00,1.12
2015.07.07 04:32:11.407,0.96886,0.96902,1.00,2.62
2015.07.07 04:32:11.914,0.96887,0.96902,1.50,1.00
2015.07.07 04:32:12.218,0.9689,0.96902,1.00,1.00
2015.07.07 04:32:14.207,0.96889,0.96902,1.00,1.00
2015.07.07 04:32:14.514,0.96888,0.969,1.00,1.00
2015.07.07 04:32:16.901,0.96888,0.96904,1.87,1.00
2015.07.07 04:32:17.053,0.9689,0.96905,1.00,1.50
2015.07.07 04:32:17.379,0.96892,0.96909,1.00,2.25
2015.07.07 04:32:17.480,0.96891,0.96907,1.00,1.00
2015.07.07 04:32:18.292,0.96891,0.96908,2.25,2.25
2015.07.07 04:32:18.812,0.96891,0.96907,2.25,1.00
2015.07.07 04:32:19.510,0.96892,0.96907,1.00,1.50
2015.07.07 04:32:20.377,0.96892,0.96908,1.00,1.50
2015.07.07 04:32:22.020,0.96893,0.96909,1.50,1.50
2015.07.07 04:32:22.541,0.96896,0.96909,1.00,1.50
2015.07.07 04:32:22.693,0.96893,0.96909,3.00,1.00
2015.07.07 04:32:23.231,0.96895,0.96912,1.50,1.50
2015.07.07 04:32:23.634,0.96897,0.96912,1.00,1.50
2015.07.07 04:32:27.004,0.96897,0.96913,1.50,2.25
2015.07.07 04:32:31.820,0.96896,0.96912,1.00,1.00
2015.07.07 04:32:32.332,0.96895,0.96911,1.00,1.00
2015.07.07 04:32:33.344,0.96893,0.96908,1.50,1.00
2015.07.07 04:32:33.675,0.96896,0.96909,1.00,1.00
2015.07.07 04:32:33.726,0.96896,0.96911,1.00,1.00
2015.07.07 04:32:34.231,0.96896,0.96911,1.37,1.00
2015.07.07 04:32:38.125,0.96896,0.96913,1.87,1.50
2015.07.07 04:32:39.043,0.96897,0.96912,1.12,1.00
2015.07.07 04:32:43.901,0.96897,0.96911,2.62,1.00
2015.07.07 04:32:43.952,0.96897,0.96913,2.62,1.50
2015.07.07 04:32:44.393,0.96902,0.96914,1.00,1.00
2015.07.07 04:32:44.595,0.96899,0.96913,1.37,1.00
2015.07.07 04:32:44.922,0.96902,0.96914,1.00,1.00
2015.07.07 04:32:46.866,0.96902,0.96913,1.00,1.00
2015.07.07 04:32:47.145,0.96897,0.96913,3.00,1.12
2015.07.07 04:32:47.196,0.96897,0.9691,1.00,1.00
2015.07.07 04:32:47.348,0.96894,0.96909,1.00,1.00
2015.07.07 04:32:47.652,0.96892,0.96909,3.37,1.00
2015.07.07 04:32:47.754,0.96892,0.96907,2.62,1.00
2015.07.07 04:32:48.107,0.9689,0.96907,1.50,1.00
2015.07.07 04:32:48.633,0.9689,0.96906,1.50,1.00
2015.07.07 04:32:49.141,0.96893,0.96905,1.00,1.00
2015.07.07 04:32:49.445,0.96889,0.96905,1.87,1.00
2015.07.07 04:32:50.236,0.96892,0.96905,1.00,1.00
2015.07.07 04:32:51.071,0.96892,0.96906,1.00,1.50
2015.07.07 04:32:51.883,0.96896,0.96906,1.00,1.50
2015.07.07 04:32:52.085,0.96899,0.96913,1.00,1.00
2015.07.07 04:32:52.515,0.96901,0.96915,1.00,1.00
2015.07.07 04:32:52.769,0.96903,0.96918,1.00,1.00
2015.07.07 04:32:55.682,0.96904,0.96918,1.00,1.00
2015.07.07 04:32:57.685,0.96905,0.96918,1.00,1.00
2015.07.07 04:32:58.228,0.96904,0.96918,1.00,1.00
2015.07.07 04:32:58.636,0.96902,0.96918,2.25,1.00
2015.07.07 04:32:58.839,0.96902,0.96914,1.00,1.00
2015.07.07 04:32:59.093,0.96901,0.96916,1.00,1.00
2015.07.07 04:33:00.868,0.96902,0.96916,1.00,1.00
2015.07.07 04:33:01.676,0.96903,0.96916,1.50,1.00
2015.07.07 04:33:01.831,0.96907,0.96916,1.00,1.00
2015.07.07 04:33:01.882,0.96907,0.9692,1.00,1.00
2015.07.07 04:33:02.346,0.96907,0.96922,1.50,1.50
2015.07.07 04:33:03.309,0.96907,0.96923,1.87,1.00
2015.07.07 04:33:03.676,0.96907,0.96921,1.50,1.50
2015.07.07 04:33:03.727,0.96903,0.96919,1.87,1.12
2015.07.07 04:33:03.879,0.96905,0.96918,1.00,1.00
2015.07.07 04:33:03.981,0.96902,0.96917,1.37,1.00
2015.07.07 04:33:04.032,0.96903,0.96919,1.12,2.25
2015.07.07 04:33:04.133,0.96902,0.96917,1.37,1.00
2015.07.07 04:33:04.184,0.96901,0.96917,1.50,1.00
2015.07.07 04:33:04.876,0.96901,0.96918,1.50,1.50
2015.07.07 04:33:05.383,0.96902,0.96918,1.00,1.00
2015.07.07 04:33:05.484,0.96904,0.96919,1.12,1.00
2015.07.07 04:33:06.014,0.96903,0.9692,1.50,2.25
2015.07.07 04:33:06.323,0.96902,0.96918,1.00,1.00
2015.07.07 04:33:06.834,0.96902,0.96917,1.00,1.00
2015.07.07 04:33:07.526,0.96901,0.96917,1.50,1.00
2015.07.07 04:33:10.371,0.96901,0.96916,1.00,1.00
2015.07.07 04:33:10.830,0.96898,0.96915,1.50,2.25
2015.07.07 04:33:13.112,0.96899,0.96916,1.00,1.00
2015.07.07 04:33:13.742,0.969,0.96916,1.00,1.00
2015.07.07 04:33:14.266,0.96902,0.96916,1.00,1.50
2015.07.07 04:33:14.826,0.969,0.96914,2.25,1.00
2015.07.07 04:33:15.132,0.96902,0.96916,1.00,1.00
2015.07.07 04:33:15.335,0.96902,0.96918,1.00,2.25
2015.07.07 04:33:15.840,0.96902,0.96917,1.00,1.00
2015.07.07 04:33:17.529,0.96902,0.96918,1.00,3.00
2015.07.07 04:33:18.342,0.96902,0.96917,1.50,1.00
2015.07.07 04:33:24.397,0.96903,0.96917,1.00,1.00
2015.07.07 04:33:26.726,0.96902,0.96917,1.00,1.00
2015.07.07 04:33:27.007,0.969,0.96915,1.00,1.50
2015.07.07 04:33:27.333,0.96897,0.96913,3.00,1.00
2015.07.07 04:33:28.040,0.96898,0.96913,1.00,1.00
2015.07.07 04:33:30.122,0.96897,0.96914,3.37,1.00
2015.07.07 04:33:30.224,0.96899,0.96915,2.25,1.00
2015.07.07 04:33:30.846,0.96899,0.96916,1.50,1.00
2015.07.07 04:33:31.474,0.969,0.96916,1.00,1.00
2015.07.07 04:33:32.016,0.96901,0.96916,1.00,1.00
2015.07.07 04:33:34.596,0.96903,0.96916,1.00,1.00
2015.07.07 04:33:34.900,0.96907,0.96923,2.25,1.87
2015.07.07 04:33:35.422,0.96908,0.96923,1.00,1.12
2015.07.07 04:33:35.948,0.96907,0.96923,3.00,1.00
2015.07.07 04:33:36.352,0.96907,0.96921,3.75,1.00
2015.07.07 04:33:36.454,0.96908,0.96923,1.00,1.00
2015.07.07 04:33:37.155,0.96912,0.96923,1.00,1.00
2015.07.07 04:33:39.914,0.96912,0.96926,1.00,1.87
2015.07.07 04:33:40.395,0.96912,0.96924,1.00,1.00
2015.07.07 04:33:40.574,0.96912,0.96926,1.00,1.87
2015.07.07 04:33:44.018,0.96912,0.96924,1.00,1.00
2015.07.07 04:33:44.069,0.96908,0.96924,2.25,1.87
2015.07.07 04:33:44.121,0.96908,0.9692,2.25,1.00
2015.07.07 04:33:44.625,0.96908,0.96921,1.00,1.12
2015.07.07 04:33:44.929,0.96907,0.96919,1.00,1.00
2015.07.07 04:33:46.601,0.96908,0.96919,1.00,1.00
2015.07.07 04:33:46.652,0.96908,0.96921,1.00,1.00
2015.07.07 04:33:48.308,0.96908,0.96919,1.00,1.00
2015.07.07 04:33:48.767,0.96907,0.96921,1.00,1.50
2015.07.07 04:33:48.818,0.96912,0.96921,1.00,1.50
2015.07.07 04:33:48.869,0.96912,0.96923,1.00,1.00
2015.07.07 04:33:49.402,0.96912,0.96925,1.00,1.00
2015.07.07 04:33:49.453,0.9691,0.96925,1.00,1.00
2015.07.07 04:33:49.959,0.96908,0.96925,1.50,1.00
2015.07.07 04:33:50.541,0.96907,0.96924,3.00,1.00
2015.07.07 04:33:53.014,0.96908,0.96924,1.00,1.00
2015.07.07 04:33:53.204,0.96912,0.96924,1.00,1.00
2015.07.07 04:33:54.275,0.96912,0.96926,1.00,1.50
2015.07.07 04:33:55.211,0.96909,0.96926,1.00,1.50
2015.07.07 04:33:58.254,0.96909,0.96924,1.00,1.00
2015.07.07 04:33:59.894,0.96909,0.96926,1.50,3.00
2015.07.07 04:34:00.147,0.96912,0.96926,1.50,1.50
2015.07.07 04:34:00.400,0.96912,0.96929,1.50,1.00
2015.07.07 04:34:01.437,0.96913,0.96929,1.00,1.12
2015.07.07 04:34:01.928,0.96915,0.9693,1.00,2.25
2015.07.07 04:34:03.355,0.96916,0.9693,1.00,1.50
2015.07.07 04:34:03.608,0.96914,0.96929,2.25,1.00
2015.07.07 04:34:03.710,0.96914,0.96931,2.25,1.87
2015.07.07 04:34:03.760,0.96917,0.96931,1.00,1.50
2015.07.07 04:34:04.013,0.96917,0.96933,1.50,1.87
2015.07.07 04:34:04.968,0.96918,0.96934,1.00,3.37
2015.07.07 04:34:05.502,0.96919,0.96934,1.00,1.00
2015.07.07 04:34:05.704,0.9692,0.96937,1.50,2.62
2015.07.07 04:34:06.082,0.9692,0.96934,1.50,1.00
2015.07.07 04:34:06.234,0.96918,0.96934,1.50,1.00
2015.07.07 04:34:06.335,0.96918,0.96932,1.00,1.00
2015.07.07 04:34:06.588,0.96919,0.96934,1.00,1.50
2015.07.07 04:34:07.094,0.9692,0.96934,1.00,1.00
2015.07.07 04:34:07.594,0.9692,0.96936,1.00,1.50
2015.07.07 04:34:08.100,0.96921,0.96936,1.00,1.00
2015.07.07 04:34:08.617,0.96922,0.96936,1.00,1.00
2015.07.07 04:34:08.967,0.96924,0.96936,1.00,1.00
2015.07.07 04:34:09.374,0.96922,0.96937,1.50,1.00
2015.07.07 04:34:10.378,0.96921,0.96937,1.00,2.25
2015.07.07 04:34:11.601,0.96923,0.96937,1.00,1.00
2015.07.07 04:34:12.397,0.96923,0.96932,1.00,1.00
2015.07.07 04:34:12.448,0.96917,0.9693,1.00,1.00
2015.07.07 04:34:12.499,0.96917,0.96927,1.00,1.00
2015.07.07 04:34:12.702,0.96913,0.96927,1.00,1.50
2015.07.07 04:34:13.010,0.96912,0.96925,1.00,1.00
2015.07.07 04:34:13.112,0.96909,0.96925,1.50,1.50
2015.07.07 04:34:13.617,0.96909,0.96924,1.50,1.00
2015.07.07 04:34:14.333,0.96913,0.96924,1.00,1.50
2015.07.07 04:34:14.866,0.96913,0.96925,1.00,1.00
2015.07.07 04:34:15.520,0.96913,0.96924,1.00,1.00
2015.07.07 04:34:16.029,0.96908,0.96924,1.50,1.00
2015.07.07 04:34:26.058,0.96908,0.96924,1.00,1.87
2015.07.07 04:34:26.565,0.96908,0.96922,1.00,1.00
2015.07.07 04:34:29.064,0.96908,0.96921,2.25,1.00
2015.07.07 04:34:30.141,0.96907,0.96921,1.50,1.87
2015.07.07 04:34:30.663,0.96907,0.96919,1.50,1.00
2015.07.07 04:34:30.983,0.96905,0.9692,1.00,1.12
2015.07.07 04:34:31.034,0.96903,0.9692,3.00,1.12
2015.07.07 04:34:31.085,0.96903,0.96919,2.25,1.37
2015.07.07 04:34:31.237,0.96899,0.96915,1.50,1.12
2015.07.07 04:34:31.288,0.96899,0.96912,1.00,1.12
2015.07.07 04:34:31.592,0.96897,0.96908,1.00,1.50
2015.07.07 04:34:31.845,0.96894,0.96907,1.00,1.00
2015.07.07 04:34:33.131,0.96894,0.96908,1.50,1.12
2015.07.07 04:34:35.075,0.96892,0.96908,3.00,1.12
2015.07.07 04:34:36.691,0.96894,0.96908,1.00,1.87
2015.07.07 04:34:36.995,0.96892,0.96906,1.00,1.00
2015.07.07 04:34:37.534,0.96892,0.96904,1.00,1.00
2015.07.07 04:34:38.045,0.96892,0.96903,1.00,1.00
2015.07.07 04:34:38.621,0.96892,0.96904,1.00,1.00
2015.07.07 04:34:39.339,0.96892,0.96905,1.00,1.50
2015.07.07 04:34:39.441,0.96892,0.96908,1.00,2.62
2015.07.07 04:34:39.993,0.96893,0.96905,1.00,1.00
2015.07.07 04:34:40.044,0.9689,0.96904,1.00,1.00
2015.07.07 04:34:40.247,0.96889,0.96902,1.00,1.00
2015.07.07 04:34:40.349,0.96887,0.96901,2.25,1.50
2015.07.07 04:34:40.768,0.96889,0.96901,1.00,1.50
2015.07.07 04:34:42.354,0.9689,0.96901,1.00,1.50
2015.07.07 04:34:42.695,0.96892,0.96903,1.00,1.50
2015.07.07 04:34:45.399,0.96888,0.96903,1.87,1.50
2015.07.07 04:34:45.913,0.96888,0.96904,2.25,1.12
2015.07.07 04:34:46.809,0.96888,0.96902,2.25,1.00
2015.07.07 04:34:47.114,0.96887,0.96898,1.00,1.00
2015.07.07 04:34:47.649,0.96887,0.96901,1.00,1.50
2015.07.07 04:34:47.700,0.96892,0.96901,1.00,1.00
2015.07.07 04:34:48.208,0.96892,0.96902,1.00,1.50
2015.07.07 04:34:48.827,0.96892,0.96903,1.00,1.00
2015.07.07 04:34:49.588,0.96892,0.96902,1.00,1.00
2015.07.07 04:34:50.109,0.96892,0.96901,1.00,1.50
2015.07.07 04:34:53.315,0.96898,0.96904,1.00,1.50
2015.07.07 04:34:53.417,0.96892,0.96905,1.00,1.50
2015.07.07 04:34:53.469,0.96892,0.96903,1.00,1.00
2015.07.07 04:34:53.986,0.96892,0.96902,1.00,1.00
2015.07.07 04:35:04.277,0.96892,0.96901,1.00,1.00
2015.07.07 04:35:09.599,0.96887,0.96901,1.00,1.00
2015.07.07 04:35:10.106,0.96887,0.96902,1.00,1.12
2015.07.07 04:35:10.259,0.9689,0.96902,1.00,1.00
2015.07.07 04:35:10.309,0.9689,0.96906,2.25,1.00
2015.07.07 04:35:10.360,0.96893,0.96906,1.00,1.50
2015.07.07 04:35:10.699,0.96893,0.96904,1.00,1.00
2015.07.07 04:35:11.823,0.96893,0.96903,1.00,1.00
2015.07.07 04:35:12.094,0.96888,0.96901,1.00,1.50
2015.07.07 04:35:13.948,0.96888,0.96903,1.50,1.12
2015.07.07 04:35:14.223,0.96892,0.96903,1.00,1.12
2015.07.07 04:35:14.748,0.96892,0.96904,1.00,2.25
2015.07.07 04:35:17.340,0.96892,0.96906,1.00,2.62
2015.07.07 04:35:17.820,0.96892,0.96906,1.00,2.62
2015.07.07 04:35:18.074,0.96888,0.96904,1.50,2.62
2015.07.07 04:35:18.569,0.96888,0.96904,1.00,1.50
2015.07.07 04:35:20.560,0.96892,0.96904,1.00,2.25
2015.07.07 04:35:21.017,0.96889,0.96904,1.00,1.00
2015.07.07 04:35:22.654,0.96889,0.96905,1.50,1.12
2015.07.07 04:35:22.856,0.96892,0.96905,1.00,1.12
2015.07.07 04:35:23.058,0.9689,0.96905,1.00,1.12
2015.07.07 04:35:27.134,0.96888,0.96904,1.50,1.00
2015.07.07 04:35:27.556,0.96888,0.96904,2.10,1.00
2015.07.07 04:35:28.022,0.96892,0.96904,1.00,1.12
2015.07.07 04:35:30.601,0.9689,0.96904,1.00,1.00
2015.07.07 04:35:31.112,0.96889,0.96904,1.00,1.12
2015.07.07 04:35:35.945,0.96888,0.96904,1.50,1.00
2015.07.07 04:35:36.606,0.96888,0.96903,1.00,1.00
2015.07.07 04:35:36.656,0.96888,0.96901,1.00,1.00
2015.07.07 04:35:36.960,0.96887,0.96899,1.00,1.50
2015.07.07 04:35:42.010,0.96887,0.96901,1.00,2.25
2015.07.07 04:35:44.148,0.96885,0.96901,1.00,2.25
2015.07.07 04:35:44.251,0.96888,0.96899,1.00,1.00
2015.07.07 04:35:44.352,0.96885,0.96899,1.00,1.00
2015.07.07 04:35:44.454,0.96887,0.96899,1.00,1.87
2015.07.07 04:35:44.825,0.96884,0.96897,1.00,1.00
2015.07.07 04:35:47.861,0.96888,0.96897,1.00,1.00
2015.07.07 04:35:48.165,0.96888,0.96899,1.00,1.50
2015.07.07 04:35:48.482,0.96887,0.96901,1.00,1.12
2015.07.07 04:35:49.205,0.96892,0.96901,1.00,1.50
2015.07.07 04:35:50.313,0.96892,0.96902,1.00,1.00
2015.07.07 04:35:52.067,0.96892,0.96904,1.00,2.62
2015.07.07 04:35:55.136,0.96892,0.96903,1.00,1.37
2015.07.07 04:35:57.849,0.96892,0.96903,1.00,1.00
2015.07.07 04:35:58.345,0.96892,0.96905,1.00,2.25
2015.07.07 04:35:58.447,0.96892,0.96904,1.00,1.37
2015.07.07 04:35:59.217,0.96892,0.96902,1.00,1.00
2015.07.07 04:35:59.571,0.96892,0.96904,1.00,1.00
2015.07.07 04:36:00.077,0.96893,0.96905,1.00,1.87
2015.07.07 04:36:00.380,0.96898,0.96906,1.00,2.62
2015.07.07 04:36:00.649,0.96893,0.96906,1.35,1.87
2015.07.07 04:36:01.003,0.96893,0.96907,1.35,1.50
2015.07.07 04:36:01.408,0.96897,0.96908,1.00,1.00
2015.07.07 04:36:01.789,0.96897,0.9691,1.00,1.00
2015.07.07 04:36:02.312,0.96897,0.96909,1.00,1.00
2015.07.07 04:36:03.038,0.96897,0.96911,1.00,1.50
2015.07.07 04:36:03.296,0.96897,0.96908,1.00,1.00
2015.07.07 04:36:04.812,0.96895,0.96908,1.60,1.00
2015.07.07 04:36:05.179,0.96897,0.96911,1.00,1.50
2015.07.07 04:36:06.917,0.96897,0.9691,1.00,1.00
2015.07.07 04:36:07.926,0.96897,0.96911,1.00,2.25
2015.07.07 04:36:09.329,0.96894,0.96911,3.75,2.25
2015.07.07 04:36:09.878,0.96898,0.96911,1.00,2.25
2015.07.07 04:36:11.634,0.96897,0.96911,1.00,2.25
2015.07.07 04:36:14.645,0.96897,0.96911,1.00,2.62
2015.07.07 04:36:15.548,0.96897,0.96911,1.00,2.25
2015.07.07 04:36:15.599,0.96894,0.96909,2.25,1.00
2015.07.07 04:36:15.802,0.96893,0.96907,1.00,1.00
2015.07.07 04:36:16.056,0.9689,0.96905,1.00,1.50
2015.07.07 04:36:16.158,0.96893,0.96905,1.00,1.00
2015.07.07 04:36:16.484,0.96893,0.96903,1.00,1.00
2015.07.07 04:36:19.116,0.96888,0.96903,3.37,1.00
2015.07.07 04:36:19.752,0.96889,0.96903,1.00,1.00
2015.07.07 04:36:20.349,0.96888,0.96903,1.50,1.00
2015.07.07 04:36:20.881,0.96887,0.96903,3.37,1.00
2015.07.07 04:36:21.623,0.96888,0.96903,1.00,1.00
2015.07.07 04:36:22.174,0.96889,0.96903,1.00,1.00
2015.07.07 04:36:26.906,0.96888,0.96903,1.50,1.00
2015.07.07 04:36:30.516,0.96892,0.96903,1.00,1.00
2015.07.07 04:36:33.629,0.96889,0.96903,1.00,1.00
2015.07.07 04:36:33.680,0.96887,0.96903,3.37,1.00
2015.07.07 04:36:34.199,0.96888,0.96903,1.00,1.00
2015.07.07 04:36:34.988,0.96887,0.96903,4.12,1.00
2015.07.07 04:36:35.667,0.96888,0.96904,1.50,1.50
2015.07.07 04:36:36.203,0.96889,0.96906,3.00,2.25
2015.07.07 04:36:36.710,0.96893,0.96901,1.00,1.00
2015.07.07 04:36:36.761,0.96893,0.96905,1.00,1.50
2015.07.07 04:36:36.813,0.96891,0.96906,1.00,1.97
2015.07.07 04:36:37.122,0.9689,0.96905,1.00,2.25
2015.07.07 04:36:37.185,0.96893,0.96905,1.00,1.00
2015.07.07 04:36:37.286,0.96893,0.96907,1.50,1.00
2015.07.07 04:36:37.388,0.96897,0.96909,1.00,1.00
2015.07.07 04:36:37.641,0.96897,0.96911,1.00,1.00
2015.07.07 04:36:37.692,0.96895,0.96911,1.50,1.00
2015.07.07 04:36:37.743,0.96897,0.96911,1.00,1.00
2015.07.07 04:36:38.317,0.96896,0.96911,1.00,2.25
2015.07.07 04:36:38.866,0.96897,0.96911,1.00,1.50
2015.07.07 04:36:56.446,0.96897,0.9691,1.00,1.00
2015.07.07 04:36:58.349,0.96897,0.96911,1.00,1.00
2015.07.07 04:37:03.505,0.96895,0.96906,1.00,1.12
2015.07.07 04:37:03.811,0.96893,0.96903,1.00,1.00
2015.07.07 04:37:04.115,0.96889,0.96902,1.00,1.00
2015.07.07 04:37:07.453,0.96888,0.96902,1.00,1.37
2015.07.07 04:37:09.748,0.96888,0.96902,1.50,1.12
2015.07.07 04:37:10.253,0.96888,0.96902,1.00,1.37
2015.07.07 04:37:10.790,0.96887,0.96899,1.00,1.00
2015.07.07 04:37:11.197,0.96885,0.96899,1.87,1.00
2015.07.07 04:37:12.445,0.96885,0.96899,1.87,1.00
2015.07.07 04:37:12.966,0.96886,0.96899,1.00,1.00
2015.07.07 04:37:15.655,0.96888,0.96899,1.00,1.00
2015.07.07 04:37:16.537,0.96887,0.96899,1.50,1.00
2015.07.07 04:37:17.052,0.96888,0.96899,1.00,1.00
2015.07.07 04:37:17.964,0.96887,0.96899,1.00,1.00
2015.07.07 04:37:18.586,0.96886,0.96899,1.00,1.00
2015.07.07 04:37:21.826,0.96888,0.96901,1.00,2.25
2015.07.07 04:37:24.427,0.96887,0.96899,1.00,1.00
2015.07.07 04:37:25.230,0.96885,0.969,2.62,1.00
2015.07.07 04:37:25.546,0.96888,0.96901,1.00,1.00
2015.07.07 04:37:27.402,0.96887,0.969,1.00,1.00
2015.07.07 04:37:27.706,0.96885,0.969,1.87,1.00
2015.07.07 04:37:29.313,0.96886,0.969,1.12,1.00
2015.07.07 04:37:29.728,0.96888,0.96901,1.00,1.00
2015.07.07 04:37:32.756,0.96889,0.96902,1.00,1.00
2015.07.07 04:37:33.060,0.96892,0.96902,1.00,1.00
2015.07.07 04:37:33.626,0.96892,0.96905,1.37,1.00
2015.07.07 04:37:33.829,0.96892,0.96907,1.87,1.50
2015.07.07 04:37:34.250,0.96893,0.96907,2.62,1.50
2015.07.07 04:37:34.351,0.96894,0.96909,1.37,1.50
2015.07.07 04:37:34.655,0.96896,0.96911,1.00,2.25
2015.07.07 04:37:36.681,0.96896,0.96912,2.62,1.50
2015.07.07 04:37:37.338,0.96897,0.96912,1.00,1.50
2015.07.07 04:37:37.862,0.96897,0.96911,1.00,1.00
2015.07.07 04:37:38.436,0.96896,0.96911,1.50,1.00
2015.07.07 04:37:41.585,0.96896,0.96909,1.50,1.00
2015.07.07 04:37:43.514,0.96895,0.96909,1.00,1.00
2015.07.07 04:37:44.052,0.96895,0.96909,1.37,1.00
2015.07.07 04:37:44.946,0.96895,0.96909,1.00,1.00
2015.07.07 04:37:45.539,0.96895,0.96908,1.00,1.00
2015.07.07 04:37:46.384,0.96894,0.96908,1.50,1.00
2015.07.07 04:37:47.715,0.96895,0.96908,1.00,1.00
2015.07.07 04:37:48.036,0.96892,0.96904,1.00,1.00
2015.07.07 04:37:48.568,0.96893,0.96904,1.00,2.25
2015.07.07 04:37:50.427,0.96892,0.96904,1.00,1.50
2015.07.07 04:37:51.028,0.96892,0.96905,1.00,1.00
2015.07.07 04:37:51.332,0.96897,0.96905,1.35,1.00
2015.07.07 04:37:51.383,0.96897,0.96907,2.10,1.00
2015.07.07 04:37:51.434,0.96899,0.96907,1.50,1.00
2015.07.07 04:37:51.485,0.96899,0.96912,1.00,1.00
2015.07.07 04:37:51.536,0.969,0.96914,1.00,2.25
2015.07.07 04:37:52.454,0.969,0.96916,1.00,1.50
2015.07.07 04:37:52.988,0.969,0.96917,2.25,4.12
2015.07.07 04:37:53.567,0.96901,0.96917,1.00,3.37
2015.07.07 04:37:54.647,0.96901,0.96918,1.50,3.00
2015.07.07 04:37:54.748,0.96901,0.96916,1.00,1.00
2015.07.07 04:37:55.396,0.969,0.96916,1.50,1.00
2015.07.07 04:37:55.955,0.96902,0.96916,1.00,1.00
2015.07.07 04:37:56.549,0.96902,0.96914,1.00,1.00
2015.07.07 04:37:56.701,0.969,0.96914,1.50,1.00
2015.07.07 04:37:57.254,0.96901,0.96914,1.00,1.00
2015.07.07 04:37:57.573,0.96903,0.96916,1.00,1.00
2015.07.07 04:37:58.123,0.96902,0.96916,1.50,1.00
2015.07.07 04:37:58.645,0.96902,0.96915,1.50,1.00
2015.07.07 04:38:04.146,0.96903,0.96915,1.00,1.00
2015.07.07 04:38:04.602,0.96903,0.96918,1.50,1.00
2015.07.07 04:38:04.754,0.96906,0.96919,1.00,1.00
2015.07.07 04:38:05.229,0.96908,0.96919,1.00,1.00
2015.07.07 04:38:06.235,0.96906,0.96919,1.00,1.00
2015.07.07 04:38:06.783,0.96906,0.9692,1.00,1.00
2015.07.07 04:38:08.363,0.96907,0.9692,1.00,1.00
2015.07.07 04:38:09.364,0.96907,0.96921,1.00,1.00
2015.07.07 04:38:10.591,0.96907,0.9692,1.00,1.00
2015.07.07 04:38:11.281,0.96906,0.9692,1.50,1.00
2015.07.07 04:38:12.425,0.96906,0.96922,1.00,2.62
2015.07.07 04:38:12.943,0.96907,0.96922,1.00,1.50
2015.07.07 04:38:16.038,0.96907,0.96919,1.00,1.00
2015.07.07 04:38:16.140,0.96905,0.96919,1.50,1.12
2015.07.07 04:38:16.191,0.96903,0.96918,1.00,1.00
2015.07.07 04:38:16.293,0.96903,0.96916,1.00,1.00
2015.07.07 04:38:16.748,0.96902,0.96913,1.00,1.00
2015.07.07 04:38:17.371,0.96903,0.96913,1.00,1.00
2015.07.07 04:38:17.473,0.96898,0.96913,1.87,1.00
2015.07.07 04:38:17.625,0.969,0.96913,1.00,1.00
2015.07.07 04:38:17.930,0.96903,0.96914,1.00,1.00
2015.07.07 04:38:18.031,0.96903,0.96916,1.00,1.50
2015.07.07 04:38:18.770,0.96904,0.96917,1.00,1.00
2015.07.07 04:38:20.234,0.96903,0.96917,1.12,1.00
2015.07.07 04:38:21.929,0.96903,0.96915,1.00,1.00
2015.07.07 04:38:29.822,0.96903,0.96916,1.50,1.00
2015.07.07 04:38:30.133,0.96903,0.96918,1.87,1.87
2015.07.07 04:38:36.526,0.96903,0.96919,2.62,1.12
2015.07.07 04:38:41.515,0.96903,0.96918,1.12,1.00
2015.07.07 04:38:41.800,0.96908,0.96918,1.12,1.00
2015.07.07 04:38:41.852,0.96908,0.96922,2.62,1.00
2015.07.07 04:38:41.903,0.96908,0.96924,2.62,1.00
2015.07.07 04:38:41.954,0.9691,0.96926,1.00,1.87
2015.07.07 04:38:42.460,0.96911,0.96926,1.00,1.00
2015.07.07 04:38:43.965,0.9691,0.96926,2.25,1.00
2015.07.07 04:38:44.940,0.96912,0.96927,1.00,1.00
2015.07.07 04:38:49.529,0.9691,0.96926,1.00,1.00
2015.07.07 04:38:50.978,0.96911,0.96926,1.50,1.00
2015.07.07 04:38:57.464,0.9691,0.96926,2.62,1.00
2015.07.07 04:38:57.992,0.96909,0.96925,1.12,1.50
2015.07.07 04:38:58.338,0.96909,0.96923,1.12,1.00
2015.07.07 04:38:58.873,0.96908,0.96923,1.12,1.00
2015.07.07 04:38:59.882,0.96907,0.96923,2.62,1.00
2015.07.07 04:39:00.136,0.9691,0.96925,1.00,1.00
2015.07.07 04:39:00.288,0.96908,0.96925,1.00,1.50
2015.07.07 04:39:00.744,0.96907,0.96921,1.50,1.00
2015.07.07 04:39:01.102,0.96904,0.96919,1.50,1.00
2015.07.07 04:39:01.306,0.96902,0.96918,2.25,1.50
2015.07.07 04:39:01.559,0.96902,0.96916,1.12,1.00
2015.07.07 04:39:02.065,0.96901,0.96915,1.00,1.50
2015.07.07 04:39:03.564,0.96902,0.96915,1.00,1.50
2015.07.07 04:39:04.372,0.96902,0.96917,1.00,1.50
2015.07.07 04:39:08.678,0.96902,0.96915,1.00,1.00
2015.07.07 04:39:08.985,0.96902,0.96912,1.00,1.00
2015.07.07 04:39:09.396,0.96898,0.96912,1.00,1.00
2015.07.07 04:39:09.902,0.96897,0.96911,1.00,1.00
2015.07.07 04:39:10.124,0.96895,0.96911,1.87,1.50
2015.07.07 04:39:10.936,0.96898,0.96911,1.00,1.50
2015.07.07 04:39:11.451,0.96897,0.96911,1.50,1.00
2015.07.07 04:39:12.025,0.96897,0.96908,1.50,1.00
2015.07.07 04:39:12.483,0.96902,0.96908,1.00,1.00
2015.07.07 04:39:12.685,0.96902,0.9691,1.00,1.00
2015.07.07 04:39:13.207,0.96897,0.9691,1.00,1.00
2015.07.07 04:39:13.459,0.96902,0.9691,1.00,1.00
2015.07.07 04:39:14.563,0.96897,0.9691,1.00,1.00
2015.07.07 04:39:14.917,0.96897,0.96908,1.00,1.00
2015.07.07 04:39:15.221,0.96897,0.96906,1.00,1.50
2015.07.07 04:39:15.463,0.96892,0.96906,2.10,1.50
2015.07.07 04:39:15.514,0.96894,0.96907,1.00,1.00
2015.07.07 04:39:15.822,0.96897,0.96911,1.00,1.50
2015.07.07 04:39:16.912,0.96902,0.96911,1.00,1.00
2015.07.07 04:39:17.115,0.96903,0.96914,1.50,1.00
2015.07.07 04:39:17.318,0.96903,0.96916,2.10,1.00
2015.07.07 04:39:17.369,0.96904,0.96918,1.60,1.00
2015.07.07 04:39:17.420,0.96907,0.9692,1.00,1.50
2015.07.07 04:39:17.521,0.96908,0.96922,1.00,1.00
2015.07.07 04:39:17.622,0.9691,0.96921,1.00,1.00
2015.07.07 04:39:17.900,0.9691,0.96924,1.00,1.50
2015.07.07 04:39:17.951,0.96908,0.96923,1.50,1.00
2015.07.07 04:39:18.456,0.96908,0.96924,1.50,2.25
2015.07.07 04:39:18.728,0.96908,0.96921,1.00,1.00
2015.07.07 04:39:19.239,0.96907,0.96921,1.50,1.00
2015.07.07 04:39:19.494,0.96908,0.96923,1.50,1.00
2015.07.07 04:39:19.798,0.9691,0.96925,1.00,1.50
2015.07.07 04:39:20.125,0.96912,0.96925,1.00,1.50
2015.07.07 04:39:26.148,0.9691,0.96925,1.00,1.00
2015.07.07 04:39:26.524,0.96908,0.96924,3.00,1.00
2015.07.07 04:39:36.994,0.96908,0.96923,1.00,1.00
2015.07.07 04:39:37.147,0.96906,0.96923,2.25,1.87
2015.07.07 04:39:37.764,0.96908,0.96923,1.00,1.87
2015.07.07 04:39:39.303,0.96907,0.96923,1.50,1.50
2015.07.07 04:39:39.606,0.9691,0.96924,1.00,2.25
2015.07.07 04:39:39.939,0.96912,0.96924,1.00,1.50
2015.07.07 04:39:40.493,0.96912,0.96925,1.00,1.00
2015.07.07 04:39:41.799,0.96912,0.96924,1.00,1.00
2015.07.07 04:39:41.851,0.96909,0.96924,1.00,1.00
2015.07.07 04:39:42.526,0.96908,0.96923,1.50,1.00
2015.07.07 04:39:44.106,0.96908,0.96924,1.50,1.50
2015.07.07 04:39:44.734,0.96907,0.96924,2.25,1.50
2015.07.07 04:39:49.493,0.96907,0.96923,1.50,1.00
2015.07.07 04:39:50.019,0.96907,0.96924,2.62,1.87
2015.07.07 04:39:51.806,0.96908,0.96924,1.00,1.87
2015.07.07 04:39:52.356,0.96907,0.96924,4.12,1.87
2015.07.07 04:39:52.959,0.96913,0.96924,1.00,1.87
2015.07.07 04:39:58.250,0.96913,0.96923,1.00,1.00
2015.07.07 04:40:01.685,0.96913,0.96922,1.00,1.00
2015.07.07 04:40:01.889,0.96908,0.96922,1.00,1.00
2015.07.07 04:40:01.991,0.96913,0.96922,1.00,1.00
2015.07.07 04:40:03.881,0.96907,0.96922,1.50,1.00
2015.07.07 04:40:04.693,0.96907,0.96921,1.00,1.00
2015.07.07 04:40:04.795,0.96907,0.96919,1.00,1.50
2015.07.07 04:40:04.845,0.96905,0.96919,1.00,1.50
2015.07.07 04:40:04.896,0.96903,0.96919,1.00,3.37
2015.07.07 04:40:04.947,0.96907,0.96919,1.00,3.37
2015.07.07 04:40:05.048,0.96902,0.96915,1.00,1.00
2015.07.07 04:40:05.510,0.96898,0.96913,1.00,1.50
2015.07.07 04:40:05.778,0.96897,0.96911,1.00,1.00
2015.07.07 04:40:10.118,0.96898,0.96911,1.00,1.00
2015.07.07 04:40:16.439,0.96898,0.96912,1.00,1.00
2015.07.07 04:40:19.378,0.96897,0.96912,1.50,1.50
2015.07.07 04:40:20.913,0.96897,0.9691,1.50,1.00
2015.07.07 04:40:21.015,0.96893,0.96907,1.35,1.12
2015.07.07 04:40:21.323,0.96893,0.96905,1.00,1.00
2015.07.07 04:40:21.628,0.96897,0.96905,1.00,1.50
2015.07.07 04:40:23.073,0.96897,0.96904,1.00,1.00
2015.07.07 04:40:23.326,0.96897,0.96907,1.00,1.00
2015.07.07 04:40:23.832,0.96897,0.96908,1.00,1.50
2015.07.07 04:40:24.149,0.96897,0.9691,1.00,1.00
2015.07.07 04:40:26.259,0.96897,0.96909,1.00,1.00
2015.07.07 04:40:26.516,0.96893,0.96908,1.00,2.25
2015.07.07 04:40:29.928,0.96897,0.96908,1.00,1.50
2015.07.07 04:40:30.439,0.96897,0.96907,1.00,1.00
2015.07.07 04:40:31.443,0.96897,0.96909,1.00,1.50
2015.07.07 04:40:31.963,0.96897,0.9691,1.00,1.87
2015.07.07 04:40:43.743,0.96897,0.96911,1.50,1.50
2015.07.07 04:40:43.895,0.96899,0.96912,1.00,1.00
2015.07.07 04:40:44.388,0.96904,0.96918,1.00,1.00
2015.07.07 04:40:44.540,0.96907,0.96918,1.00,1.00
2015.07.07 04:40:44.591,0.96907,0.9692,1.00,1.50
2015.07.07 04:40:44.743,0.96907,0.96918,1.00,1.00
2015.07.07 04:40:44.858,0.96907,0.9692,1.00,1.50
2015.07.07 04:40:47.120,0.96908,0.9692,1.00,1.00
2015.07.07 04:40:47.272,0.96909,0.96923,1.30,1.50
2015.07.07 04:40:47.817,0.96908,0.96922,1.00,1.50
2015.07.07 04:40:47.969,0.96907,0.96919,1.00,1.00
2015.07.07 04:40:48.172,0.96905,0.96919,1.00,1.00
2015.07.07 04:40:48.375,0.96902,0.96916,2.62,1.00
2015.07.07 04:40:48.679,0.96902,0.96914,1.00,1.00
2015.07.07 04:40:50.910,0.96899,0.96914,1.50,1.00
2015.07.07 04:40:55.793,0.96899,0.96913,1.00,1.00
2015.07.07 04:40:55.895,0.96899,0.96915,1.00,1.50
2015.07.07 04:40:56.574,0.96899,0.96913,1.00,1.00
2015.07.07 04:40:56.625,0.96897,0.96913,4.35,1.00
2015.07.07 04:40:58.509,0.96897,0.96912,3.60,1.00
2015.07.07 04:41:09.403,0.96897,0.96913,4.35,2.62
2015.07.07 04:41:09.504,0.96897,0.96912,2.10,1.87
2015.07.07 04:41:10.014,0.96897,0.9691,1.00,1.12
2015.07.07 04:41:10.116,0.96894,0.9691,1.00,1.37
2015.07.07 04:41:12.455,0.96894,0.96909,1.00,1.87
2015.07.07 04:41:19.901,0.96894,0.96907,1.00,1.37
2015.07.07 04:41:20.205,0.96893,0.96903,1.00,1.00
2015.07.07 04:41:20.307,0.96893,0.96906,1.00,1.00
2015.07.07 04:41:20.823,0.96893,0.96907,1.00,1.00
2015.07.07 04:41:21.025,0.96894,0.96909,1.00,1.50
2015.07.07 04:41:21.127,0.96897,0.96909,1.00,1.00
2015.07.07 04:41:21.683,0.96893,0.96909,1.50,1.12
2015.07.07 04:41:21.784,0.96895,0.96908,1.00,1.00
2015.07.07 04:41:22.155,0.96892,0.96908,1.50,2.62
2015.07.07 04:41:22.212,0.96892,0.96906,1.50,1.50
2015.07.07 04:41:27.912,0.96892,0.96904,1.00,1.00
2015.07.07 04:41:31.579,0.9689,0.96904,1.60,1.00
2015.07.07 04:41:32.634,0.96892,0.96904,1.00,1.00
2015.07.07 04:41:37.259,0.9689,0.96904,1.00,1.12
2015.07.07 04:41:37.491,0.96888,0.96904,1.50,1.00
2015.07.07 04:41:38.008,0.96888,0.96903,1.50,1.00
2015.07.07 04:41:38.531,0.96888,0.96902,1.50,1.00
2015.07.07 04:41:39.061,0.96889,0.96902,1.00,1.00
2015.07.07 04:41:39.563,0.96889,0.96903,1.00,1.00
2015.07.07 04:41:40.084,0.96888,0.96903,1.50,1.00
2015.07.07 04:41:43.082,0.96889,0.96903,1.00,1.00
2015.07.07 04:41:43.647,0.96888,0.96903,2.25,1.00
2015.07.07 04:41:46.302,0.96889,0.96903,1.00,1.00
2015.07.07 04:41:52.352,0.96888,0.96903,2.25,1.00
2015.07.07 04:41:52.908,0.96889,0.96903,1.00,1.00
2015.07.07 04:41:58.289,0.96889,0.96904,1.00,1.00
2015.07.07 04:42:00.494,0.96888,0.96904,1.00,1.00
2015.07.07 04:42:01.421,0.96889,0.96904,1.00,1.00
2015.07.07 04:42:01.873,0.96891,0.96904,1.00,1.00
2015.07.07 04:42:02.177,0.96892,0.96906,1.00,1.00
2015.07.07 04:42:02.652,0.96895,0.96906,1.00,1.00
2015.07.07 04:42:02.704,0.96895,0.9691,1.00,1.00
2015.07.07 04:42:03.212,0.96897,0.9691,1.00,1.00
2015.07.07 04:42:04.185,0.96897,0.96908,1.35,1.00
2015.07.07 04:42:04.338,0.96892,0.96906,1.00,1.00
2015.07.07 04:42:04.490,0.96892,0.96904,1.00,1.50
2015.07.07 04:42:04.996,0.96892,0.96905,1.00,1.00
2015.07.07 04:42:05.696,0.96892,0.96906,1.00,1.00
2015.07.07 04:42:06.148,0.96895,0.96906,1.00,1.00
2015.07.07 04:42:06.199,0.96893,0.96906,1.50,1.00
2015.07.07 04:42:06.300,0.96895,0.9691,1.00,1.50
2015.07.07 04:42:06.402,0.96898,0.96911,1.00,1.00
2015.07.07 04:42:06.806,0.96897,0.96914,3.00,1.00
2015.07.07 04:42:06.857,0.96899,0.96914,1.00,1.00
2015.07.07 04:42:07.805,0.96899,0.96913,1.50,1.00
2015.07.07 04:42:08.311,0.969,0.96913,1.00,1.00
2015.07.07 04:42:09.082,0.96901,0.96913,1.00,1.00
2015.07.07 04:42:09.183,0.96899,0.96913,1.50,1.00
2015.07.07 04:42:09.234,0.96899,0.96915,1.50,1.50
2015.07.07 04:42:10.013,0.969,0.96915,1.00,2.25
2015.07.07 04:42:10.586,0.96899,0.96915,1.50,1.50
2015.07.07 04:42:11.087,0.969,0.96915,1.00,1.50
2015.07.07 04:42:13.123,0.969,0.96913,1.00,1.50
2015.07.07 04:42:13.174,0.96898,0.96912,2.25,1.00
2015.07.07 04:42:13.224,0.969,0.96912,1.00,1.00
2015.07.07 04:42:13.326,0.96897,0.96912,1.50,1.87
2015.07.07 04:42:13.428,0.96895,0.9691,1.50,1.50
2015.07.07 04:42:13.732,0.96893,0.96906,1.00,1.00
2015.07.07 04:42:14.366,0.96892,0.96906,1.00,1.00
2015.07.07 04:42:15.093,0.96891,0.96906,1.50,1.00
2015.07.07 04:42:15.397,0.96894,0.96906,1.00,1.00
2015.07.07 04:42:18.380,0.96892,0.96906,1.00,1.00
2015.07.07 04:42:18.998,0.96891,0.96906,1.50,1.00
2015.07.07 04:42:19.153,0.96891,0.96904,1.00,1.00
2015.07.07 04:42:19.862,0.96892,0.96904,1.00,1.00
2015.07.07 04:42:22.822,0.96891,0.96904,1.00,1.00
2015.07.07 04:42:22.923,0.96889,0.96904,1.50,1.00
2015.07.07 04:42:28.216,0.9689,0.96904,1.00,1.00
2015.07.07 04:42:28.848,0.9689,0.96907,2.25,2.25
2015.07.07 04:42:30.845,0.96892,0.96906,1.50,1.50
2015.07.07 04:42:31.351,0.96893,0.96907,1.00,1.00
2015.07.07 04:42:34.056,0.96892,0.96907,1.00,1.00
2015.07.07 04:42:34.937,0.96891,0.96904,1.50,1.00
2015.07.07 04:42:35.443,0.96892,0.96904,1.50,1.00
2015.07.07 04:42:36.471,0.96892,0.96905,1.50,1.00
2015.07.07 04:42:38.224,0.96897,0.96905,1.00,1.00
2015.07.07 04:42:38.331,0.96891,0.96905,1.00,1.00
2015.07.07 04:42:38.433,0.96889,0.96903,1.50,1.00
2015.07.07 04:42:39.639,0.96891,0.96903,1.00,1.00
2015.07.07 04:42:39.690,0.96891,0.96905,1.00,1.00
2015.07.07 04:42:40.391,0.96892,0.96905,1.00,1.50
2015.07.07 04:42:42.274,0.96892,0.96904,1.00,1.00
2015.07.07 04:42:42.933,0.96891,0.96904,1.00,1.00
2015.07.07 04:42:43.620,0.9689,0.96904,1.00,1.50
2015.07.07 04:42:45.392,0.9689,0.96902,1.50,1.00
2015.07.07 04:42:45.819,0.96888,0.96902,1.50,1.00
2015.07.07 04:42:46.355,0.96888,0.96901,1.00,1.00
2015.07.07 04:42:49.283,0.96887,0.96901,2.25,1.00
2015.07.07 04:42:54.506,0.96888,0.96901,1.00,1.00
2015.07.07 04:42:54.608,0.96888,0.96903,1.00,1.50
2015.07.07 04:42:59.144,0.96888,0.96901,1.00,1.00
2015.07.07 04:43:00.373,0.96887,0.96901,1.50,1.00
2015.07.07 04:43:00.889,0.96887,0.96902,1.00,1.00
2015.07.07 04:43:01.390,0.96886,0.96902,1.50,1.00
2015.07.07 04:43:01.925,0.96887,0.96902,1.00,1.00
2015.07.07 04:43:13.021,0.96887,0.96903,1.50,3.00
2015.07.07 04:43:29.116,0.96887,0.96902,3.00,1.00
2015.07.07 04:43:32.735,0.96887,0.96903,1.50,2.25
2015.07.07 04:43:33.382,0.96886,0.96902,1.00,1.00
2015.07.07 04:43:41.826,0.96887,0.96903,1.00,1.00
2015.07.07 04:43:42.335,0.96888,0.96903,1.87,1.00
2015.07.07 04:43:42.663,0.9689,0.96903,1.00,1.00
2015.07.07 04:43:44.893,0.96888,0.96903,1.50,1.00
2015.07.07 04:43:47.298,0.96886,0.96903,2.62,2.25
2015.07.07 04:43:48.491,0.96886,0.96901,1.87,1.00
2015.07.07 04:43:49.030,0.96887,0.96901,1.00,1.00
2015.07.07 04:43:50.033,0.96886,0.96901,1.12,1.00
2015.07.07 04:43:55.703,0.96886,0.96903,2.62,1.50
2015.07.07 04:43:55.839,0.96888,0.96903,1.00,1.50
2015.07.07 04:44:03.120,0.96887,0.96903,1.00,1.00
2015.07.07 04:44:05.955,0.96886,0.96903,3.37,1.00
2015.07.07 04:44:06.490,0.96887,0.96903,1.00,1.00
2015.07.07 04:44:07.047,0.96887,0.969,1.00,1.00
2015.07.07 04:44:07.199,0.96888,0.96902,1.00,1.00
2015.07.07 04:44:07.404,0.96886,0.96902,1.50,1.00
2015.07.07 04:44:08.137,0.96887,0.96902,1.00,1.00
2015.07.07 04:44:08.673,0.96886,0.96902,1.00,1.00
2015.07.07 04:44:14.366,0.96887,0.96902,1.00,1.50
2015.07.07 04:44:16.217,0.96886,0.96902,1.50,1.00
2015.07.07 04:44:17.619,0.96887,0.96902,1.00,1.00
2015.07.07 04:44:20.055,0.96887,0.96903,1.50,1.50
2015.07.07 04:44:20.359,0.96889,0.96904,1.00,2.25
2015.07.07 04:44:20.879,0.96889,0.96905,1.00,1.50
2015.07.07 04:44:21.676,0.96889,0.96904,1.00,1.00
2015.07.07 04:44:22.186,0.96888,0.96903,1.00,1.00
2015.07.07 04:44:22.821,0.96887,0.96903,3.00,1.00
2015.07.07 04:44:30.263,0.96888,0.96904,1.00,2.25
2015.07.07 04:44:33.479,0.96888,0.96903,1.50,1.00
2015.07.07 04:44:36.425,0.96888,0.96904,3.00,1.50
2015.07.07 04:44:36.991,0.96889,0.96904,1.00,1.50
2015.07.07 04:44:37.516,0.96889,0.96905,1.00,1.00
2015.07.07 04:44:43.913,0.9689,0.96904,1.00,1.00
2015.07.07 04:44:46.452,0.96889,0.96904,1.50,1.00
2015.07.07 04:44:47.571,0.96888,0.96904,3.00,2.25
2015.07.07 04:44:50.863,0.96888,0.96903,2.25,1.00
2015.07.07 04:44:57.155,0.96887,0.96903,2.25,1.50
2015.07.07 04:44:57.695,0.96887,0.96902,1.00,1.00
2015.07.07 04:44:59.951,0.96886,0.96902,1.50,1.00
2015.07.07 04:45:00.288,0.96888,0.96902,1.00,1.00
2015.07.07 04:45:01.291,0.96886,0.96902,1.00,1.00
2015.07.07 04:45:03.314,0.96885,0.96902,3.00,1.00
2015.07.07 04:45:03.888,0.96886,0.96902,1.50,1.00
2015.07.07 04:45:05.111,0.96886,0.96898,1.50,1.00
2015.07.07 04:45:05.364,0.96882,0.96896,1.00,1.00
2015.07.07 04:45:05.768,0.9688,0.96896,2.25,1.00
2015.07.07 04:45:14.799,0.96882,0.96896,1.00,1.00
2015.07.07 04:45:15.312,0.96883,0.96897,1.00,1.00
2015.07.07 04:45:20.385,0.96882,0.96897,2.62,1.00
2015.07.07 04:45:25.888,0.96883,0.96897,1.00,1.00
2015.07.07 04:45:27.494,0.96884,0.96897,1.00,1.00
2015.07.07 04:45:33.767,0.96883,0.96897,1.50,1.00
2015.07.07 04:45:36.503,0.96883,0.96896,1.50,1.00
2015.07.07 04:45:38.374,0.96883,0.96897,1.50,1.50
2015.07.07 04:45:42.002,0.96882,0.96897,1.00,1.00
2015.07.07 04:45:42.509,0.96882,0.96896,1.00,1.00
2015.07.07 04:45:43.049,0.96881,0.96896,1.00,1.00
2015.07.07 04:45:45.259,0.96879,0.96896,2.25,1.00
2015.07.07 04:45:45.763,0.96879,0.96895,1.00,1.00
2015.07.07 04:45:48.928,0.9688,0.96895,1.00,1.00
2015.07.07 04:45:49.699,0.96881,0.96895,1.00,1.00
2015.07.07 04:45:53.376,0.9688,0.96895,2.25,1.00
2015.07.07 04:45:57.159,0.9688,0.96893,2.25,1.00
2015.07.07 04:45:57.513,0.96878,0.9689,1.00,1.00
2015.07.07 04:45:57.616,0.96876,0.96891,1.00,1.50
2015.07.07 04:45:57.819,0.96875,0.96889,1.00,1.00
2015.07.07 04:45:57.971,0.96873,0.96888,1.50,1.50
2015.07.07 04:45:59.595,0.96872,0.96888,2.25,2.25
2015.07.07 04:45:59.646,0.96872,0.96886,2.25,1.00
2015.07.07 04:46:00.170,0.96873,0.96886,1.00,1.00
2015.07.07 04:46:00.794,0.96872,0.96886,1.50,1.00
2015.07.07 04:46:01.299,0.96871,0.96886,1.00,1.00
2015.07.07 04:46:01.602,0.96873,0.96886,1.00,1.00
2015.07.07 04:46:01.653,0.96872,0.96888,1.00,1.50
2015.07.07 04:46:02.201,0.96872,0.96887,1.00,1.00
2015.07.07 04:46:02.728,0.96872,0.96886,1.50,1.00
2015.07.07 04:46:03.429,0.96872,0.96887,1.00,1.00
2015.07.07 04:46:03.972,0.96872,0.96886,1.00,1.00
2015.07.07 04:46:04.163,0.96872,0.96888,1.50,1.00
2015.07.07 04:46:08.100,0.96872,0.96887,1.00,1.00
2015.07.07 04:46:08.252,0.9687,0.96887,1.00,1.50
2015.07.07 04:46:08.595,0.9687,0.96884,1.00,1.00
2015.07.07 04:46:08.646,0.96868,0.96884,2.25,1.00
2015.07.07 04:46:09.159,0.96868,0.96883,1.50,1.00
2015.07.07 04:46:09.412,0.96868,0.96885,2.25,1.50
2015.07.07 04:46:09.463,0.9687,0.96885,1.00,1.87
2015.07.07 04:46:10.008,0.9687,0.96884,1.00,1.00
2015.07.07 04:46:12.935,0.96869,0.96884,1.50,1.50
2015.07.07 04:46:13.087,0.96867,0.96883,3.00,1.00
2015.07.07 04:46:13.970,0.96868,0.96883,1.00,1.00
2015.07.07 04:46:14.283,0.96869,0.96885,1.50,1.12
2015.07.07 04:46:17.375,0.96869,0.96886,2.25,2.25
2015.07.07 04:46:18.255,0.96869,0.96885,1.50,1.00
2015.07.07 04:46:19.946,0.96869,0.96883,1.50,1.00
2015.07.07 04:46:22.751,0.96868,0.96883,1.00,1.00
2015.07.07 04:46:23.054,0.96867,0.9688,1.00,1.50
2015.07.07 04:46:23.613,0.96867,0.96879,1.00,1.00
2015.07.07 04:46:28.794,0.96867,0.9688,1.00,1.00
2015.07.07 04:46:29.375,0.96866,0.96881,1.50,1.00
2015.07.07 04:46:29.937,0.96867,0.96882,1.00,1.00
2015.07.07 04:46:36.487,0.96868,0.96884,1.00,1.50
2015.07.07 04:46:37.171,0.96868,0.96883,1.00,1.00
2015.07.07 04:46:37.323,0.96866,0.9688,1.50,1.00
2015.07.07 04:46:37.475,0.96864,0.9688,2.25,1.00
2015.07.07 04:46:37.526,0.96866,0.9688,1.00,1.00
2015.07.07 04:46:37.627,0.96864,0.9688,2.25,1.00
