2010.05.30 21:00:51.995,0.8637,0.8658,1.60,3.20
2010.05.30 21:00:55.735,0.86375,0.86585,1.60,3.20
2010.05.30 21:01:02.157,0.864,0.8654,1.00,1.00
2010.05.30 21:01:07.143,0.86415,0.8657,1.00,1.00
2010.05.30 21:01:24.417,0.8641,0.86555,1.00,1.00
2010.05.30 21:01:26.716,0.8641,0.8655,1.00,1.00
2010.05.30 21:01:29.316,0.8642,0.86545,1.00,1.00
2010.05.30 21:01:42.537,0.8642,0.86535,1.00,1.00
2010.05.30 21:02:29.326,0.8642,0.86535,1.00,1.00
2010.05.30 21:03:02.586,0.86425,0.86535,1.00,1.00
2010.05.30 21:03:02.707,0.86435,0.8655,1.00,1.00
2010.05.30 21:03:03.487,0.86435,0.8655,1.00,1.00
2010.05.30 21:03:03.777,0.86435,0.8655,1.00,1.00
2010.05.30 21:03:04.677,0.8644,0.8655,1.00,1.00
2010.05.30 21:03:06.657,0.86445,0.8655,1.00,1.00
2010.05.30 21:03:07.562,0.8644,0.8655,1.00,1.00
2010.05.30 21:03:09.522,0.86445,0.8655,1.00,1.00
2010.05.30 21:03:19.347,0.86435,0.8655,1.00,1.00
2010.05.30 21:03:19.927,0.86425,0.86535,1.00,1.00
2010.05.30 21:03:20.519,0.8642,0.86535,1.00,1.00
2010.05.30 21:03:25.057,0.86425,0.86535,1.00,1.00
2010.05.30 21:03:25.357,0.86435,0.8655,1.00,1.00
2010.05.30 21:03:26.597,0.86435,0.8655,1.00,1.00
2010.05.30 21:03:27.608,0.8644,0.8655,1.00,1.00
2010.05.30 21:03:29.637,0.86445,0.8655,1.00,1.00
2010.05.30 21:03:30.667,0.8644,0.8655,1.00,1.00
2010.05.30 21:03:32.586,0.86445,0.8655,1.00,1.00
2010.05.30 21:03:35.697,0.86445,0.86555,1.00,1.00
2010.05.30 21:03:36.647,0.8645,0.86555,1.00,1.00
2010.05.30 21:03:39.568,0.86455,0.86555,1.00,1.00
2010.05.30 21:04:11.494,0.86445,0.86555,1.00,1.00
2010.05.30 21:04:11.649,0.86425,0.8654,1.00,1.00
2010.05.30 21:04:19.147,0.8643,0.8654,1.00,1.00
2010.05.30 21:04:19.378,0.86435,0.8655,1.00,1.00
2010.05.30 21:04:21.567,0.86435,0.8655,1.00,1.00
2010.05.30 21:04:22.428,0.86435,0.8655,1.00,1.00
2010.05.30 21:04:24.579,0.86435,0.8655,1.00,1.00
2010.05.30 21:04:26.567,0.86435,0.8654,1.00,1.00
2010.05.30 21:04:27.627,0.8644,0.8654,1.00,1.00
2010.05.30 21:04:30.687,0.86435,0.8654,1.00,1.00
2010.05.30 21:05:17.829,0.86425,0.8654,1.00,1.00
2010.05.30 21:05:31.568,0.86435,0.8654,1.00,1.00
2010.05.30 21:05:42.296,0.8643,0.8652,1.00,1.00
2010.05.30 21:05:49.447,0.86435,0.8653,1.00,1.00
2010.05.30 21:05:50.096,0.86435,0.86535,1.00,1.00
2010.05.30 21:06:07.267,0.86435,0.86535,1.00,1.00
2010.05.30 21:07:26.817,0.8643,0.86515,1.00,1.00
2010.05.30 21:07:30.638,0.8643,0.8652,1.00,1.00
2010.05.30 21:07:30.828,0.8643,0.8652,1.00,1.00
2010.05.30 21:07:53.669,0.86435,0.86525,1.00,1.00
2010.05.30 21:07:53.968,0.86435,0.86535,1.00,1.00
2010.05.30 21:08:39.468,0.8644,0.86535,1.00,1.00
2010.05.30 21:08:39.622,0.8644,0.86535,1.00,1.00
2010.05.30 21:08:39.768,0.8644,0.86535,1.00,1.00
2010.05.30 21:08:40.817,0.86445,0.8654,1.00,1.00
2010.05.30 21:08:41.118,0.86445,0.86545,1.00,1.00
2010.05.30 21:09:41.007,0.8643,0.86545,1.00,1.00
2010.05.30 21:10:01.150,0.8644,0.86545,1.00,1.00
2010.05.30 21:10:01.347,0.8644,0.8655,1.00,1.00
2010.05.30 21:10:02.637,0.86445,0.8655,1.00,1.00
2010.05.30 21:10:05.489,0.8645,0.8655,1.00,1.00
2010.05.30 21:10:53.660,0.8644,0.8655,1.00,1.00
2010.05.30 21:10:53.809,0.8644,0.86545,1.00,1.00
2010.05.30 21:10:54.578,0.8644,0.86545,1.00,1.00
2010.05.30 21:10:57.519,0.8644,0.8654,1.00,1.00
2010.05.30 21:10:57.797,0.8644,0.86545,1.00,1.00
2010.05.30 21:10:57.888,0.8644,0.86545,1.00,1.00
2010.05.30 21:10:58.068,0.8644,0.8655,1.00,1.00
2010.05.30 21:10:59.738,0.86445,0.8655,1.00,1.00
2010.05.30 21:11:02.438,0.8644,0.8655,1.00,1.00
2010.05.30 21:11:02.567,0.8644,0.86545,1.00,1.00
2010.05.30 21:11:03.597,0.8644,0.86545,1.00,1.00
2010.05.30 21:11:06.647,0.8644,0.8654,1.00,1.00
2010.05.30 21:12:06.637,0.8643,0.86545,1.00,1.00
2010.05.30 21:14:08.121,0.86445,0.86545,1.00,1.00
2010.05.30 21:14:08.261,0.86445,0.86555,1.00,1.00
2010.05.30 21:15:08.065,0.8644,0.86555,1.00,1.00
2010.05.30 21:15:12.094,0.86445,0.86555,1.00,1.00
2010.05.30 21:15:17.593,0.8644,0.86555,1.00,1.00
2010.05.30 21:15:21.919,0.86445,0.86555,1.00,1.00
2010.05.30 21:15:24.128,0.8644,0.86555,1.00,1.00
2010.05.30 21:15:24.359,0.8645,0.86555,1.00,1.00
2010.05.30 21:15:24.588,0.8645,0.8656,1.00,1.00
2010.05.30 21:15:26.649,0.8645,0.8656,1.00,1.00
2010.05.30 21:15:27.239,0.8645,0.86565,1.00,1.00
2010.05.30 21:15:30.829,0.8646,0.86585,1.00,1.00
2010.05.30 21:15:35.680,0.8646,0.86585,1.00,1.00
2010.05.30 21:15:35.852,0.86475,0.8662,2.50,1.00
2010.05.30 21:15:38.638,0.86485,0.8661,1.00,1.00
2010.05.30 21:15:39.526,0.86475,0.86645,2.50,2.50
2010.05.30 21:15:40.428,0.8641,0.866,2.70,2.50
2010.05.30 21:15:40.968,0.86415,0.8662,2.50,2.50
2010.05.30 21:15:42.437,0.8644,0.86605,1.00,2.50
2010.05.30 21:15:44.046,0.86445,0.866,1.00,1.00
2010.05.30 21:15:44.518,0.86445,0.86595,1.00,1.00
2010.05.30 21:15:44.808,0.86445,0.8661,1.00,1.00
2010.05.30 21:15:45.678,0.86445,0.8661,1.00,1.00
2010.05.30 21:15:45.788,0.86445,0.8661,1.00,1.00
2010.05.30 21:15:49.798,0.86445,0.86605,1.00,1.00
2010.05.30 21:15:50.370,0.86445,0.86605,1.00,2.70
2010.05.30 21:15:50.608,0.86445,0.86605,1.00,2.80
2010.05.30 21:15:51.581,0.86445,0.866,1.00,1.00
2010.05.30 21:15:51.678,0.8645,0.86605,1.00,2.80
2010.05.30 21:15:51.878,0.8645,0.86605,1.00,2.70
2010.05.30 21:15:53.561,0.86455,0.866,1.00,1.00
2010.05.30 21:15:55.541,0.8646,0.866,1.00,1.00
2010.05.30 21:15:56.578,0.8646,0.86595,1.00,1.00
2010.05.30 21:15:57.632,0.8645,0.86605,1.00,2.50
2010.05.30 21:16:05.628,0.8646,0.86595,1.00,1.00
2010.05.30 21:16:18.562,0.8646,0.86575,1.00,1.00
2010.05.30 21:16:21.628,0.86465,0.86575,1.00,1.00
2010.05.30 21:16:22.671,0.8646,0.86575,1.00,1.00
2010.05.30 21:16:22.858,0.8645,0.8657,1.00,1.00
2010.05.30 21:16:30.024,0.8645,0.8657,1.00,1.00
2010.05.30 21:16:30.270,0.8646,0.86575,1.00,1.00
2010.05.30 21:16:31.598,0.8646,0.86575,1.00,1.00
2010.05.30 21:16:34.729,0.8646,0.86575,1.00,1.00
2010.05.30 21:16:34.878,0.86465,0.8658,1.00,1.00
2010.05.30 21:16:38.498,0.86465,0.8658,1.00,1.00
2010.05.30 21:16:38.628,0.86465,0.8658,1.00,1.00
2010.05.30 21:16:48.188,0.86465,0.86575,1.00,1.00
2010.05.30 21:16:48.419,0.8646,0.86565,1.00,1.00
2010.05.30 21:16:50.488,0.8646,0.86565,1.00,1.00
2010.05.30 21:16:50.698,0.8646,0.86565,1.00,1.00
2010.05.30 21:16:51.983,0.8646,0.86565,1.00,1.00
2010.05.30 21:16:53.238,0.86455,0.86565,1.00,1.00
2010.05.30 21:16:53.480,0.86455,0.8656,1.00,1.00
2010.05.30 21:16:53.718,0.86455,0.8656,1.00,1.00
2010.05.30 21:16:54.261,0.86455,0.8656,1.00,1.00
2010.05.30 21:16:57.550,0.86455,0.86555,1.00,1.00
2010.05.30 21:16:59.980,0.8645,0.86555,1.00,1.00
2010.05.30 21:17:00.279,0.8644,0.86555,1.00,1.00
2010.05.30 21:17:20.448,0.8644,0.8655,1.00,1.00
2010.05.30 21:17:24.500,0.8644,0.8655,1.00,1.00
2010.05.30 21:18:13.741,0.86445,0.8655,1.00,1.00
2010.05.30 21:18:14.198,0.86445,0.86555,1.00,1.00
2010.05.30 21:18:16.649,0.86445,0.8655,1.00,1.00
2010.05.30 21:18:19.719,0.8645,0.8655,1.00,1.00
2010.05.30 21:18:43.439,0.86445,0.86555,1.00,1.00
2010.05.30 21:18:44.038,0.8644,0.8655,1.00,1.00
2010.05.30 21:18:45.658,0.8644,0.8655,1.00,1.00
2010.05.30 21:18:46.429,0.86435,0.86545,1.00,1.00
2010.05.30 21:18:46.650,0.86425,0.8654,1.00,1.00
2010.05.30 21:18:48.560,0.8643,0.8654,1.00,1.00
2010.05.30 21:18:50.169,0.86435,0.86545,1.00,1.00
2010.05.30 21:18:52.630,0.86435,0.8655,1.00,1.00
2010.05.30 21:18:55.578,0.8644,0.8655,1.00,1.00
2010.05.30 21:19:55.661,0.86435,0.8655,1.00,1.00
2010.05.30 21:20:12.488,0.8643,0.86545,1.00,1.00
2010.05.30 21:20:13.548,0.8644,0.86545,1.00,1.00
2010.05.30 21:20:16.528,0.8644,0.8654,1.00,1.00
2010.05.30 21:21:00.739,0.86435,0.8654,1.00,1.00
2010.05.30 21:21:00.899,0.86435,0.8654,1.00,1.00
2010.05.30 21:21:03.669,0.86435,0.86535,1.00,1.00
2010.05.30 21:22:03.760,0.86425,0.8654,1.00,1.00
2010.05.30 21:24:25.711,0.86435,0.8654,1.00,1.00
2010.05.30 21:24:25.919,0.86435,0.8654,1.00,1.00
2010.05.30 21:24:28.572,0.8644,0.8654,1.00,1.00
2010.05.30 21:25:28.859,0.8643,0.86545,1.00,1.00
2010.05.30 21:29:26.109,0.8641,0.86565,1.00,1.00
2010.05.30 21:30:13.552,0.8643,0.86565,1.00,1.00
2010.05.30 21:30:13.759,0.8643,0.86565,1.00,1.00
2010.05.30 21:30:13.932,0.8643,0.86565,1.00,1.00
2010.05.30 21:30:14.108,0.8643,0.86565,1.00,1.00
2010.05.30 21:30:21.882,0.8644,0.86545,1.00,1.00
2010.05.30 21:30:22.102,0.8644,0.86545,1.00,1.00
2010.05.30 21:31:21.939,0.86435,0.8655,1.00,1.00
2010.05.30 21:32:20.119,0.8644,0.86565,1.00,1.00
2010.05.30 21:32:20.659,0.8644,0.86565,1.00,1.00
2010.05.30 21:32:22.710,0.8644,0.86545,1.00,1.00
2010.05.30 21:32:22.840,0.8644,0.86545,1.00,1.00
2010.05.30 21:33:22.720,0.86435,0.8655,1.00,1.00
2010.05.30 21:39:29.780,0.8644,0.8655,1.00,1.00
2010.05.30 21:39:30.010,0.8644,0.8655,1.00,1.00
2010.05.30 21:39:32.865,0.86445,0.8655,1.00,1.00
2010.05.30 21:39:51.800,0.86445,0.8655,1.00,1.00
2010.05.30 21:39:51.921,0.86455,0.86555,1.00,1.00
2010.05.30 21:39:52.040,0.86455,0.86555,1.00,1.00
2010.05.30 21:40:06.207,0.8646,0.86555,1.00,1.00
2010.05.30 21:40:33.851,0.86465,0.86565,1.00,1.00
2010.05.30 21:40:34.032,0.86465,0.8657,1.00,1.00
2010.05.30 21:40:34.391,0.86465,0.86575,1.00,1.00
2010.05.30 21:40:37.871,0.8646,0.86555,1.00,1.00
2010.05.30 21:40:38.031,0.8646,0.86555,1.00,1.00
2010.05.30 21:41:26.821,0.8647,0.8656,1.00,1.00
2010.05.30 21:41:26.972,0.8646,0.86555,1.00,1.00
2010.05.30 21:42:27.029,0.8645,0.86565,1.00,1.00
2010.05.30 21:43:43.522,0.86465,0.8657,1.00,2.50
2010.05.30 21:43:43.731,0.86465,0.8657,1.00,1.00
2010.05.30 21:43:43.941,0.86465,0.86575,1.00,2.80
2010.05.30 21:43:53.951,0.86465,0.8657,1.00,1.00
2010.05.30 21:43:54.221,0.86465,0.86575,1.00,2.80
2010.05.30 21:44:08.013,0.86465,0.8657,1.00,1.00
2010.05.30 21:44:08.251,0.86465,0.8657,1.00,1.00
2010.05.30 21:44:10.983,0.86465,0.86575,1.00,2.80
2010.05.30 21:44:43.662,0.86465,0.86575,1.00,1.60
2010.05.30 21:44:43.992,0.86465,0.86575,1.00,1.00
2010.05.30 21:46:16.701,0.8646,0.86575,1.00,1.00
2010.05.30 21:47:00.412,0.86465,0.86575,1.00,1.00
2010.05.30 21:47:24.991,0.86475,0.86575,1.00,1.00
2010.05.30 21:47:25.152,0.86475,0.86575,1.00,1.00
2010.05.30 21:47:25.631,0.86475,0.8658,1.00,2.80
2010.05.30 21:47:46.102,0.86485,0.8658,1.00,2.40
2010.05.30 21:47:46.305,0.86485,0.86615,1.60,1.20
2010.05.30 21:47:50.561,0.86485,0.86605,1.80,1.20
2010.05.30 21:47:51.414,0.86485,0.86605,1.60,1.20
2010.05.30 21:47:51.616,0.86485,0.866,1.00,2.80
2010.05.30 21:47:54.752,0.86485,0.866,1.00,2.80
2010.05.30 21:48:51.936,0.86485,0.866,1.00,1.00
2010.05.30 21:48:54.212,0.86485,0.866,1.00,1.00
2010.05.30 21:48:54.441,0.8649,0.866,1.00,1.00
2010.05.30 21:48:54.652,0.86495,0.86605,1.00,1.00
2010.05.30 21:48:54.862,0.86495,0.86605,1.00,2.80
2010.05.30 21:49:40.351,0.8649,0.866,1.00,1.00
2010.05.30 21:49:40.492,0.8649,0.866,1.00,1.00
2010.05.30 21:49:40.631,0.8649,0.866,1.00,1.00
2010.05.30 21:49:57.814,0.86485,0.86595,1.00,1.00
2010.05.30 21:49:57.961,0.86485,0.8659,1.00,1.00
2010.05.30 21:49:58.478,0.8648,0.8659,1.00,1.00
2010.05.30 21:49:58.692,0.8648,0.8659,1.00,1.00
2010.05.30 21:50:01.332,0.8647,0.86585,3.00,1.00
2010.05.30 21:50:01.471,0.8647,0.86585,1.80,1.00
2010.05.30 21:50:06.431,0.8647,0.86585,1.00,1.00
2010.05.30 21:50:41.751,0.8647,0.8658,1.00,1.00
2010.05.30 21:50:42.112,0.8647,0.8658,1.00,1.00
2010.05.30 21:50:44.672,0.86465,0.86575,1.00,1.00
2010.05.30 21:50:44.882,0.86465,0.86575,1.00,1.00
2010.05.30 21:51:41.607,0.86465,0.86575,1.00,1.00
2010.05.30 21:51:41.861,0.86465,0.8659,1.00,1.00
2010.05.30 21:52:41.710,0.86465,0.8659,1.00,1.00
2010.05.30 21:53:13.607,0.86465,0.86585,1.00,1.00
2010.05.30 21:53:13.813,0.86465,0.86575,1.00,1.00
2010.05.30 21:53:17.486,0.86465,0.86575,1.00,1.00
2010.05.30 21:53:19.522,0.86465,0.86575,1.00,1.00
2010.05.30 21:53:21.512,0.86465,0.86575,1.00,1.00
2010.05.30 21:54:21.712,0.8646,0.86575,1.00,1.00
2010.05.30 21:56:55.484,0.8646,0.8657,1.00,1.00
2010.05.30 21:56:55.703,0.86455,0.86565,1.00,1.00
2010.05.30 21:57:20.862,0.8645,0.86565,1.00,1.00
2010.05.30 21:57:24.054,0.86455,0.86565,1.00,1.00
2010.05.30 21:57:38.413,0.8645,0.86565,1.00,1.00
2010.05.30 21:58:38.459,0.8645,0.86565,1.00,1.00
2010.05.30 21:59:45.723,0.8645,0.86565,1.00,1.00
2010.05.30 21:59:55.093,0.86455,0.86565,1.00,1.00
2010.05.30 21:59:56.538,0.86455,0.86565,1.00,1.00
2010.05.30 21:59:56.789,0.86445,0.8656,1.00,1.00
2010.05.30 21:59:59.450,0.86445,0.8656,1.00,1.00
2010.05.30 21:59:59.613,0.86445,0.8656,1.00,1.00
