2010.07.06 07:00:00.308,0.82665,0.8269,1.60,1.60
2010.07.06 07:00:00.779,0.82665,0.8269,1.60,1.90
2010.07.06 07:00:00.926,0.82655,0.8268,16.00,1.60
2010.07.06 07:00:01.652,0.82655,0.8268,15.20,1.60
2010.07.06 07:00:02.004,0.8266,0.82685,3.20,1.60
2010.07.06 07:00:02.931,0.82655,0.82685,2.40,3.20
2010.07.06 07:00:03.176,0.82655,0.82685,2.40,6.10
2010.07.06 07:00:03.526,0.82655,0.8268,1.00,1.60
2010.07.06 07:00:03.770,0.8265,0.8268,2.40,4.30
2010.07.06 07:00:04.707,0.82655,0.8268,1.60,1.90
2010.07.06 07:00:05.048,0.8266,0.8268,1.60,1.60
2010.07.06 07:00:05.390,0.8266,0.82685,1.60,6.70
2010.07.06 07:00:05.740,0.8266,0.82685,1.60,2.70
2010.07.06 07:00:06.088,0.82655,0.82685,4.90,2.40
2010.07.06 07:00:06.428,0.82655,0.82685,3.20,1.60
2010.07.06 07:00:07.039,0.8266,0.82685,1.60,1.60
2010.07.06 07:00:07.317,0.82655,0.82685,3.20,1.60
2010.07.06 07:00:08.396,0.82655,0.8268,3.20,1.60
2010.07.06 07:00:09.233,0.82655,0.82685,3.20,1.60
2010.07.06 07:00:09.917,0.82655,0.82685,5.70,1.60
2010.07.06 07:00:10.447,0.82655,0.82685,7.80,1.60
2010.07.06 07:00:10.788,0.82655,0.82685,10.20,1.60
2010.07.06 07:00:11.128,0.82655,0.82685,9.20,1.60
2010.07.06 07:00:11.450,0.82655,0.82685,5.20,1.60
2010.07.06 07:00:11.762,0.82655,0.8268,1.60,1.60
2010.07.06 07:00:12.057,0.82655,0.82685,1.60,2.70
2010.07.06 07:00:12.624,0.82655,0.8268,1.60,1.60
2010.07.06 07:00:16.168,0.82655,0.8268,4.50,1.60
2010.07.06 07:00:16.572,0.8266,0.8268,1.00,1.60
2010.07.06 07:00:16.912,0.82655,0.8268,2.00,1.60
2010.07.06 07:00:17.533,0.82655,0.8268,1.60,1.60
2010.07.06 07:00:17.871,0.82655,0.82685,14.20,1.60
2010.07.06 07:00:18.208,0.82655,0.8268,12.60,1.60
2010.07.06 07:00:18.846,0.82655,0.82685,12.60,1.60
2010.07.06 07:00:20.699,0.82655,0.82685,3.20,1.60
2010.07.06 07:00:22.065,0.82655,0.8269,6.20,9.10
2010.07.06 07:00:22.408,0.82655,0.82685,12.60,1.60
2010.07.06 07:00:23.769,0.82655,0.82685,8.40,1.60
2010.07.06 07:00:24.017,0.82655,0.82685,3.20,8.00
2010.07.06 07:00:24.574,0.82655,0.82685,3.20,1.60
2010.07.06 07:00:24.807,0.8266,0.8269,1.60,9.10
2010.07.06 07:00:25.146,0.82655,0.8269,3.60,2.70
2010.07.06 07:00:25.575,0.8266,0.8269,1.60,2.70
2010.07.06 07:00:25.921,0.82665,0.8269,1.60,1.90
2010.07.06 07:00:26.270,0.8266,0.8269,1.00,1.90
2010.07.06 07:00:26.949,0.8266,0.8269,2.40,1.90
2010.07.06 07:00:27.988,0.8266,0.8269,1.00,1.90
2010.07.06 07:00:29.211,0.8266,0.82685,1.00,1.60
2010.07.06 07:00:29.536,0.82655,0.82685,7.80,1.60
2010.07.06 07:00:30.551,0.82645,0.82675,5.60,1.60
2010.07.06 07:00:30.901,0.8264,0.82665,2.80,1.60
2010.07.06 07:00:31.178,0.8264,0.8267,2.40,1.90
2010.07.06 07:00:31.737,0.8264,0.8267,1.60,2.70
2010.07.06 07:00:32.009,0.82645,0.82675,1.60,2.70
2010.07.06 07:00:32.268,0.82645,0.82675,1.60,1.60
2010.07.06 07:00:32.527,0.82645,0.82675,3.20,1.60
2010.07.06 07:00:34.426,0.82645,0.82675,5.60,1.60
2010.07.06 07:00:34.954,0.82645,0.8268,5.60,3.50
2010.07.06 07:00:35.474,0.82645,0.82675,5.60,1.60
2010.07.06 07:00:37.964,0.82645,0.82675,3.20,1.60
2010.07.06 07:00:38.565,0.82645,0.82675,5.60,1.60
2010.07.06 07:00:38.634,0.82645,0.8267,5.60,1.60
2010.07.06 07:00:38.699,0.82645,0.8267,3.20,1.60
2010.07.06 07:00:39.107,0.82645,0.82675,3.20,1.60
2010.07.06 07:00:39.446,0.82645,0.8268,3.20,3.50
2010.07.06 07:00:40.111,0.82645,0.82675,3.20,2.50
2010.07.06 07:00:40.435,0.82645,0.8268,3.20,3.50
2010.07.06 07:00:40.760,0.8265,0.8268,6.00,2.70
2010.07.06 07:00:41.100,0.8265,0.8268,6.80,1.60
2010.07.06 07:00:41.449,0.8265,0.82685,9.20,2.70
2010.07.06 07:00:42.378,0.8265,0.82685,6.80,5.20
2010.07.06 07:00:42.710,0.8265,0.82685,2.40,8.50
2010.07.06 07:00:43.051,0.8265,0.82675,2.40,1.60
2010.07.06 07:00:43.229,0.82645,0.82675,3.20,4.60
2010.07.06 07:00:43.688,0.82645,0.82675,2.40,6.50
2010.07.06 07:00:43.862,0.82645,0.82675,9.40,1.90
2010.07.06 07:00:44.039,0.8265,0.82675,1.60,1.90
2010.07.06 07:00:44.380,0.82645,0.82675,2.40,1.90
2010.07.06 07:00:47.619,0.8265,0.82675,1.60,1.90
2010.07.06 07:00:48.941,0.82645,0.82675,2.40,1.90
2010.07.06 07:00:49.293,0.8264,0.82665,1.00,1.60
2010.07.06 07:00:49.641,0.8264,0.8267,2.40,1.60
2010.07.06 07:00:51.009,0.8264,0.82665,2.40,1.60
2010.07.06 07:00:51.983,0.8263,0.8266,2.40,1.60
2010.07.06 07:00:58.038,0.8263,0.82665,5.80,2.70
2010.07.06 07:00:58.076,0.8263,0.82665,9.80,2.70
2010.07.06 07:00:58.232,0.8264,0.8267,1.00,9.10
2010.07.06 07:00:58.583,0.8265,0.82675,1.60,10.70
2010.07.06 07:00:58.964,0.8265,0.82675,1.60,9.60
2010.07.06 07:00:59.312,0.82655,0.82685,3.20,1.60
2010.07.06 07:01:00.416,0.82655,0.82685,6.00,1.60
2010.07.06 07:01:00.760,0.82655,0.82685,1.60,1.60
2010.07.06 07:01:01.101,0.82655,0.82685,1.60,1.90
2010.07.06 07:01:02.055,0.8265,0.8268,14.20,1.60
2010.07.06 07:01:03.278,0.8265,0.8268,4.40,8.00
2010.07.06 07:01:03.587,0.8265,0.82685,1.00,13.50
2010.07.06 07:01:03.896,0.8265,0.82685,2.40,13.70
2010.07.06 07:01:04.618,0.8265,0.8268,1.00,1.60
2010.07.06 07:01:04.960,0.82645,0.82675,8.80,2.00
2010.07.06 07:01:05.315,0.82645,0.82675,4.80,6.20
2010.07.06 07:01:05.662,0.8265,0.8267,1.00,1.60
2010.07.06 07:01:06.241,0.8265,0.82675,2.40,1.60
2010.07.06 07:01:06.595,0.8265,0.8268,1.60,13.90
2010.07.06 07:01:07.198,0.82645,0.82675,3.20,1.60
2010.07.06 07:01:07.528,0.8265,0.8268,1.60,9.90
2010.07.06 07:01:07.858,0.82655,0.8268,1.60,2.70
2010.07.06 07:01:08.537,0.82655,0.8268,1.60,4.90
2010.07.06 07:01:08.990,0.82655,0.8268,1.60,1.90
2010.07.06 07:01:09.342,0.82655,0.82685,1.60,9.10
2010.07.06 07:01:09.688,0.8266,0.82685,1.60,1.60
2010.07.06 07:01:11.565,0.82655,0.8268,3.20,1.60
2010.07.06 07:01:11.825,0.82655,0.8268,1.60,1.60
2010.07.06 07:01:12.351,0.8265,0.8268,6.40,4.60
2010.07.06 07:01:12.552,0.8265,0.8267,1.60,4.10
2010.07.06 07:01:13.029,0.8264,0.82665,1.00,2.40
2010.07.06 07:01:13.377,0.8263,0.82665,3.60,2.70
2010.07.06 07:01:13.716,0.8263,0.82665,3.20,2.70
2010.07.06 07:01:14.056,0.82635,0.82665,1.60,4.30
2010.07.06 07:01:14.514,0.82635,0.82665,3.20,4.30
2010.07.06 07:01:14.859,0.82635,0.82665,1.60,1.90
2010.07.06 07:01:15.197,0.82635,0.82665,3.20,1.90
2010.07.06 07:01:15.782,0.82635,0.82665,1.60,1.90
2010.07.06 07:01:16.027,0.8263,0.8266,3.20,1.60
2010.07.06 07:01:16.266,0.8263,0.8266,1.00,1.60
2010.07.06 07:01:17.406,0.8263,0.8266,2.40,1.60
2010.07.06 07:01:17.520,0.8263,0.8266,1.00,1.60
2010.07.06 07:01:17.627,0.82635,0.8266,1.60,1.60
2010.07.06 07:01:18.035,0.8263,0.8266,16.60,1.60
2010.07.06 07:01:18.427,0.8263,0.8265,5.20,1.60
2010.07.06 07:01:18.782,0.8262,0.8265,15.00,1.60
2010.07.06 07:01:19.259,0.82625,0.8265,3.20,1.60
2010.07.06 07:01:19.600,0.82625,0.8265,4.00,1.60
2010.07.06 07:01:19.950,0.82625,0.8265,6.20,1.60
2010.07.06 07:01:20.303,0.82625,0.82655,7.80,1.60
2010.07.06 07:01:21.669,0.82635,0.8266,1.60,2.70
2010.07.06 07:01:21.948,0.82635,0.8266,1.60,1.60
2010.07.06 07:01:26.040,0.82635,0.82665,2.40,2.40
2010.07.06 07:01:26.268,0.82645,0.8267,1.60,4.30
2010.07.06 07:01:26.798,0.82645,0.8267,1.60,1.60
2010.07.06 07:01:27.326,0.8264,0.8267,5.20,1.90
2010.07.06 07:01:28.214,0.8264,0.8267,1.60,1.90
2010.07.06 07:01:28.329,0.82635,0.8267,7.80,1.90
2010.07.06 07:01:28.792,0.82635,0.82665,7.80,1.60
2010.07.06 07:01:28.915,0.82635,0.82665,10.20,1.60
2010.07.06 07:01:29.028,0.82635,0.8266,10.20,1.60
2010.07.06 07:01:29.137,0.82635,0.8266,7.20,1.60
2010.07.06 07:01:29.247,0.82635,0.82665,7.20,1.60
2010.07.06 07:01:29.588,0.8264,0.82665,1.60,1.60
2010.07.06 07:01:29.933,0.82645,0.8267,1.60,1.60
2010.07.06 07:01:33.255,0.8264,0.8267,9.00,1.60
2010.07.06 07:01:33.597,0.82635,0.8267,13.00,2.70
2010.07.06 07:01:34.204,0.8264,0.8267,6.60,1.60
2010.07.06 07:01:35.519,0.8264,0.8267,9.00,1.60
2010.07.06 07:01:36.516,0.8263,0.8265,1.00,1.60
2010.07.06 07:01:38.571,0.8262,0.8265,9.60,1.60
2010.07.06 07:01:38.923,0.82625,0.8265,1.60,1.60
2010.07.06 07:01:39.944,0.82635,0.8266,3.20,1.60
2010.07.06 07:01:40.509,0.82635,0.8266,1.60,1.60
2010.07.06 07:01:40.802,0.82635,0.82665,3.20,2.70
2010.07.06 07:01:41.492,0.82635,0.8266,3.20,1.60
2010.07.06 07:01:41.840,0.8264,0.8267,1.60,7.50
2010.07.06 07:01:42.333,0.82645,0.8267,2.50,1.60
2010.07.06 07:01:42.681,0.82645,0.8267,11.00,1.60
2010.07.06 07:01:43.025,0.82645,0.82675,14.20,1.60
2010.07.06 07:01:43.365,0.82645,0.82675,18.20,1.60
2010.07.06 07:01:43.707,0.82645,0.8268,18.20,3.50
2010.07.06 07:01:45.475,0.82655,0.82685,11.00,1.60
2010.07.06 07:01:45.729,0.82655,0.82685,12.60,1.60
2010.07.06 07:01:46.215,0.82655,0.8269,14.20,2.70
2010.07.06 07:01:46.559,0.8266,0.8269,1.60,1.60
2010.07.06 07:01:47.371,0.82665,0.8269,3.30,1.60
2010.07.06 07:01:47.726,0.8267,0.8269,2.50,1.60
2010.07.06 07:01:48.072,0.8267,0.82695,2.50,1.60
2010.07.06 07:01:48.418,0.8267,0.827,2.50,2.70
2010.07.06 07:01:49.081,0.8267,0.82695,2.50,1.60
2010.07.06 07:01:50.268,0.82665,0.82695,16.90,1.60
2010.07.06 07:01:50.619,0.8266,0.8269,9.40,1.90
2010.07.06 07:01:51.871,0.8266,0.8269,1.00,1.90
2010.07.06 07:01:52.138,0.82655,0.82685,5.60,1.60
2010.07.06 07:01:52.408,0.82655,0.82685,3.20,1.60
2010.07.06 07:01:52.680,0.82655,0.82685,14.60,1.60
2010.07.06 07:01:52.948,0.82655,0.8269,14.60,2.70
2010.07.06 07:01:53.457,0.82655,0.82685,3.20,1.60
2010.07.06 07:01:53.913,0.82655,0.8269,12.00,2.70
2010.07.06 07:01:54.423,0.82655,0.8269,14.60,2.70
2010.07.06 07:01:55.106,0.82655,0.8269,8.10,4.70
2010.07.06 07:01:55.447,0.82655,0.8269,12.20,2.70
2010.07.06 07:01:55.819,0.82655,0.8269,10.40,4.30
2010.07.06 07:01:56.174,0.82655,0.8269,18.60,1.90
2010.07.06 07:01:56.380,0.82655,0.8269,13.60,1.90
2010.07.06 07:01:56.581,0.82655,0.82685,1.60,1.60
2010.07.06 07:01:57.182,0.82655,0.82685,1.00,2.70
2010.07.06 07:01:57.765,0.82655,0.82685,1.00,5.20
2010.07.06 07:01:58.063,0.82655,0.82685,3.20,11.90
2010.07.06 07:01:58.359,0.8266,0.8269,1.60,3.90
2010.07.06 07:01:58.699,0.8265,0.82685,12.10,1.90
2010.07.06 07:01:59.040,0.82655,0.82685,1.60,2.70
2010.07.06 07:01:59.387,0.8265,0.8268,3.20,3.20
2010.07.06 07:01:59.976,0.8265,0.82685,2.40,13.70
2010.07.06 07:02:00.320,0.8265,0.8268,2.40,1.60
2010.07.06 07:02:00.958,0.8265,0.82685,2.40,5.10
2010.07.06 07:02:01.335,0.8265,0.8268,2.40,1.60
2010.07.06 07:02:01.643,0.82655,0.82685,5.60,1.60
2010.07.06 07:02:01.879,0.82655,0.8269,9.60,2.70
2010.07.06 07:02:02.117,0.82655,0.8269,3.20,5.10
2010.07.06 07:02:02.876,0.82655,0.8269,2.40,6.70
2010.07.06 07:02:03.045,0.82655,0.8268,1.00,1.60
2010.07.06 07:02:03.214,0.8265,0.8268,2.40,4.00
2010.07.06 07:02:03.491,0.82645,0.8268,6.60,4.30
2010.07.06 07:02:03.649,0.82645,0.8268,16.10,4.30
2010.07.06 07:02:04.076,0.82645,0.8268,13.70,4.30
2010.07.06 07:02:04.421,0.82645,0.8268,8.20,2.70
2010.07.06 07:02:04.771,0.82645,0.8268,5.70,4.30
2010.07.06 07:02:05.270,0.82645,0.82675,16.20,1.60
2010.07.06 07:02:05.621,0.82645,0.82675,8.80,1.00
2010.07.06 07:02:05.970,0.82645,0.82675,3.20,1.00
2010.07.06 07:02:06.650,0.82645,0.82675,2.40,1.90
2010.07.06 07:02:06.991,0.82645,0.82675,1.00,1.90
2010.07.06 07:02:07.219,0.82645,0.82675,4.80,1.00
2010.07.06 07:02:07.726,0.82645,0.8268,2.40,7.10
2010.07.06 07:02:07.969,0.82645,0.8268,16.20,2.70
2010.07.06 07:02:08.595,0.82645,0.8268,16.10,4.30
2010.07.06 07:02:08.942,0.82645,0.8268,8.20,2.70
2010.07.06 07:02:09.287,0.82645,0.8268,8.10,4.30
2010.07.06 07:02:09.627,0.82645,0.8268,14.60,4.30
2010.07.06 07:02:09.970,0.82645,0.82675,5.00,1.60
2010.07.06 07:02:10.246,0.82645,0.82675,1.60,1.60
2010.07.06 07:02:12.047,0.82645,0.82675,1.60,4.00
2010.07.06 07:02:12.277,0.82645,0.82675,1.60,1.60
2010.07.06 07:02:13.416,0.8264,0.82675,5.60,1.90
2010.07.06 07:02:14.454,0.8264,0.82675,10.40,1.90
2010.07.06 07:02:14.741,0.8264,0.82675,7.40,1.90
2010.07.06 07:02:15.028,0.8264,0.82675,5.00,1.90
2010.07.06 07:02:16.092,0.8264,0.82675,3.20,1.90
2010.07.06 07:02:16.816,0.8264,0.8267,1.60,1.60
2010.07.06 07:02:17.623,0.82645,0.82675,3.40,1.90
2010.07.06 07:02:17.971,0.82645,0.82675,5.60,1.60
2010.07.06 07:02:18.116,0.82645,0.82675,8.10,1.60
2010.07.06 07:02:18.259,0.82645,0.82675,10.60,1.60
2010.07.06 07:02:19.030,0.82645,0.82675,13.00,1.60
2010.07.06 07:02:19.398,0.8266,0.8268,4.00,1.60
2010.07.06 07:02:20.056,0.8266,0.82675,4.00,1.60
2010.07.06 07:02:20.408,0.8266,0.82675,2.40,2.40
2010.07.06 07:02:20.747,0.82655,0.82675,8.00,2.40
2010.07.06 07:02:21.429,0.82655,0.82675,8.00,1.00
2010.07.06 07:02:21.770,0.8265,0.8268,4.80,1.60
2010.07.06 07:02:22.123,0.82655,0.82685,1.60,2.40
2010.07.06 07:02:22.400,0.8265,0.8268,3.20,1.60
2010.07.06 07:02:23.815,0.8265,0.8268,2.40,4.00
2010.07.06 07:02:24.141,0.82645,0.82675,3.20,1.60
2010.07.06 07:02:26.915,0.82645,0.82675,3.20,2.40
2010.07.06 07:02:27.176,0.82645,0.82675,1.60,2.70
2010.07.06 07:02:27.436,0.82645,0.82675,1.60,3.50
2010.07.06 07:02:27.696,0.82645,0.82675,1.60,2.70
2010.07.06 07:02:33.854,0.82645,0.82675,1.60,3.50
2010.07.06 07:02:34.037,0.82645,0.82675,1.60,2.70
2010.07.06 07:02:34.517,0.82645,0.8268,6.60,2.40
2010.07.06 07:02:34.857,0.8265,0.82685,1.00,3.50
2010.07.06 07:02:35.196,0.8265,0.8268,2.40,1.60
2010.07.06 07:02:35.616,0.8265,0.82685,2.40,4.30
2010.07.06 07:02:35.948,0.8265,0.8268,1.00,1.60
2010.07.06 07:02:37.442,0.82655,0.8268,3.60,1.60
2010.07.06 07:02:37.698,0.82655,0.8268,2.40,1.60
2010.07.06 07:02:38.384,0.82655,0.82685,2.40,1.90
2010.07.06 07:02:38.732,0.82655,0.82685,1.00,2.30
2010.07.06 07:02:39.091,0.82655,0.82685,1.60,1.50
2010.07.06 07:02:39.779,0.8265,0.82685,2.40,3.10
2010.07.06 07:02:40.459,0.82655,0.82685,1.60,2.70
2010.07.06 07:02:40.799,0.82655,0.82685,1.60,1.90
2010.07.06 07:02:41.141,0.8265,0.82685,7.80,1.90
2010.07.06 07:02:41.489,0.82655,0.82685,1.60,1.00
2010.07.06 07:02:43.809,0.82655,0.8269,4.00,2.70
2010.07.06 07:02:43.929,0.82655,0.8269,6.40,2.70
2010.07.06 07:02:44.057,0.8266,0.8269,1.60,1.00
2010.07.06 07:02:44.404,0.8266,0.82695,7.80,2.70
2010.07.06 07:02:46.271,0.82665,0.82695,1.60,2.70
2010.07.06 07:02:46.424,0.82665,0.82695,1.60,1.10
2010.07.06 07:02:46.916,0.8267,0.827,1.60,2.70
2010.07.06 07:02:47.396,0.8267,0.827,2.40,2.40
2010.07.06 07:02:47.741,0.82675,0.82705,1.60,7.70
2010.07.06 07:02:48.834,0.82685,0.8271,1.60,1.10
2010.07.06 07:02:49.180,0.82685,0.8271,1.60,1.90
2010.07.06 07:02:49.531,0.82675,0.8271,3.20,1.10
2010.07.06 07:02:51.239,0.82675,0.8271,3.20,2.70
2010.07.06 07:02:51.579,0.82675,0.82705,3.20,1.60
2010.07.06 07:02:52.195,0.82675,0.8271,3.20,2.70
2010.07.06 07:02:52.542,0.8268,0.8271,1.60,2.30
2010.07.06 07:02:52.848,0.82675,0.82705,3.20,1.60
2010.07.06 07:02:53.468,0.82675,0.82705,1.60,2.40
2010.07.06 07:02:53.778,0.8267,0.82705,1.60,2.70
2010.07.06 07:02:54.468,0.8267,0.82705,3.20,2.70
2010.07.06 07:02:55.073,0.8267,0.82705,1.60,2.70
2010.07.06 07:02:55.418,0.8267,0.82705,3.20,2.70
2010.07.06 07:02:55.763,0.8267,0.827,1.00,1.60
2010.07.06 07:02:56.440,0.8267,0.82705,1.00,2.70
2010.07.06 07:02:57.102,0.8267,0.82705,5.40,2.70
2010.07.06 07:02:58.216,0.8267,0.82705,4.90,2.70
2010.07.06 07:02:58.608,0.8267,0.827,4.90,1.60
2010.07.06 07:02:58.831,0.8267,0.827,2.40,1.60
2010.07.06 07:02:59.400,0.8267,0.827,2.40,2.00
2010.07.06 07:02:59.968,0.8267,0.82695,2.40,1.60
2010.07.06 07:03:00.648,0.8267,0.82695,1.60,1.60
2010.07.06 07:03:00.989,0.82665,0.8269,2.40,3.20
2010.07.06 07:03:01.577,0.8266,0.8269,2.40,7.30
2010.07.06 07:03:01.924,0.8266,0.8269,1.00,7.30
2010.07.06 07:03:02.271,0.82655,0.8269,3.20,5.70
2010.07.06 07:03:02.839,0.82655,0.82685,3.20,1.60
2010.07.06 07:03:03.111,0.82655,0.8269,3.20,3.90
2010.07.06 07:03:03.330,0.82655,0.8269,3.20,3.50
2010.07.06 07:03:03.830,0.82655,0.8269,3.20,4.30
2010.07.06 07:03:04.261,0.82655,0.8269,3.20,3.50
2010.07.06 07:03:05.231,0.82655,0.82685,3.20,1.00
2010.07.06 07:03:05.917,0.82655,0.82685,3.20,2.70
2010.07.06 07:03:06.428,0.82655,0.82685,3.20,3.50
2010.07.06 07:03:06.728,0.82655,0.82685,1.60,3.50
2010.07.06 07:03:08.624,0.8265,0.8268,1.60,2.40
2010.07.06 07:03:08.845,0.8265,0.82675,1.60,1.60
2010.07.06 07:03:09.528,0.82645,0.8268,3.20,8.50
2010.07.06 07:03:09.867,0.82645,0.8268,3.20,7.70
2010.07.06 07:03:10.208,0.82645,0.8268,3.20,8.50
2010.07.06 07:03:10.548,0.82645,0.82675,3.20,1.60
2010.07.06 07:03:13.389,0.82645,0.8268,3.20,7.70
2010.07.06 07:03:13.597,0.82645,0.8268,3.20,6.10
2010.07.06 07:03:13.809,0.8265,0.8268,4.10,2.70
2010.07.06 07:03:14.178,0.8265,0.8268,7.00,2.70
2010.07.06 07:03:14.393,0.8266,0.82685,3.00,1.00
2010.07.06 07:03:14.742,0.8266,0.82685,5.40,1.00
2010.07.06 07:03:15.847,0.8266,0.82685,1.00,1.00
2010.07.06 07:03:16.159,0.8266,0.82685,2.40,1.00
2010.07.06 07:03:16.465,0.82655,0.82685,4.00,1.00
2010.07.06 07:03:18.695,0.82655,0.82685,3.20,1.00
2010.07.06 07:03:19.148,0.82655,0.82685,5.70,1.00
2010.07.06 07:03:19.497,0.8266,0.82685,2.40,1.00
2010.07.06 07:03:24.720,0.82675,0.82695,3.20,1.00
2010.07.06 07:03:24.907,0.82675,0.82705,4.00,3.50
2010.07.06 07:03:25.104,0.8268,0.8271,1.60,4.30
2010.07.06 07:03:25.817,0.82675,0.8271,3.20,4.30
2010.07.06 07:03:26.156,0.8268,0.8271,1.60,4.30
2010.07.06 07:03:27.436,0.82675,0.827,2.40,3.60
2010.07.06 07:03:27.747,0.8267,0.827,1.60,5.10
2010.07.06 07:03:28.210,0.8267,0.827,1.60,7.70
2010.07.06 07:03:28.495,0.8267,0.827,2.40,2.00
2010.07.06 07:03:33.751,0.8267,0.827,1.00,2.00
2010.07.06 07:03:34.087,0.82665,0.82695,1.60,3.10
2010.07.06 07:03:35.685,0.8266,0.82695,3.20,3.10
2010.07.06 07:03:36.927,0.8266,0.82695,3.20,3.90
2010.07.06 07:03:37.157,0.8266,0.82695,3.20,3.10
2010.07.06 07:03:37.606,0.8266,0.82695,3.20,4.70
2010.07.06 07:03:38.227,0.82665,0.82695,1.60,3.10
2010.07.06 07:03:38.886,0.8266,0.82695,3.20,5.70
2010.07.06 07:03:39.101,0.8266,0.8269,2.40,1.60
2010.07.06 07:03:39.851,0.8266,0.8269,1.00,1.60
2010.07.06 07:03:40.667,0.8266,0.8269,1.60,2.70
2010.07.06 07:03:43.435,0.82665,0.8269,1.60,1.10
2010.07.06 07:03:44.606,0.8266,0.8269,3.20,5.70
2010.07.06 07:03:44.945,0.8266,0.82685,3.20,1.60
2010.07.06 07:03:45.626,0.8266,0.82685,1.60,3.20
2010.07.06 07:03:45.973,0.8266,0.82685,1.60,1.60
2010.07.06 07:03:46.398,0.8266,0.82685,1.00,2.70
2010.07.06 07:03:48.266,0.8266,0.82685,2.40,2.70
2010.07.06 07:03:50.905,0.8266,0.82685,1.00,4.30
2010.07.06 07:03:52.165,0.8266,0.82685,1.00,1.10
2010.07.06 07:03:52.333,0.8267,0.82695,1.60,1.90
2010.07.06 07:03:52.496,0.8267,0.82695,1.60,6.00
2010.07.06 07:03:52.932,0.8267,0.82695,1.60,6.80
2010.07.06 07:03:53.097,0.8267,0.82695,1.60,7.30
2010.07.06 07:03:53.607,0.82665,0.82695,3.20,7.30
2010.07.06 07:03:53.947,0.82665,0.82695,1.60,7.30
2010.07.06 07:03:55.206,0.82665,0.82695,1.60,9.70
2010.07.06 07:03:55.419,0.8266,0.82685,1.60,1.10
2010.07.06 07:03:55.970,0.82665,0.8269,3.20,1.10
2010.07.06 07:03:56.888,0.82665,0.8269,1.60,1.10
2010.07.06 07:03:59.152,0.82665,0.8269,1.60,2.70
2010.07.06 07:04:00.596,0.82665,0.8269,1.60,1.10
2010.07.06 07:04:02.754,0.82665,0.8269,1.60,2.70
2010.07.06 07:04:05.866,0.82665,0.8269,1.60,1.10
2010.07.06 07:04:06.205,0.82665,0.8269,1.60,2.70
2010.07.06 07:04:10.683,0.82665,0.8269,1.60,1.10
2010.07.06 07:04:12.258,0.82665,0.82695,3.20,1.90
2010.07.06 07:04:12.547,0.82665,0.8269,2.40,1.10
2010.07.06 07:04:13.087,0.82665,0.82685,1.60,5.80
2010.07.06 07:04:13.381,0.82655,0.8268,2.40,1.10
2010.07.06 07:04:13.651,0.8265,0.8268,3.20,2.70
2010.07.06 07:04:14.050,0.82655,0.8268,1.60,2.70
2010.07.06 07:04:14.997,0.82655,0.8268,1.60,1.10
2010.07.06 07:04:15.343,0.8265,0.82675,2.40,2.40
2010.07.06 07:04:15.630,0.8265,0.82675,2.40,2.70
2010.07.06 07:04:15.921,0.8265,0.8267,1.00,1.60
2010.07.06 07:04:16.508,0.8265,0.82675,2.40,2.70
2010.07.06 07:04:16.852,0.82645,0.8267,3.20,1.00
2010.07.06 07:04:30.804,0.8265,0.82675,1.00,2.70
2010.07.06 07:04:31.150,0.82645,0.82675,3.20,2.70
2010.07.06 07:04:31.411,0.82645,0.82675,3.20,1.10
2010.07.06 07:04:32.220,0.82645,0.82675,1.60,6.90
2010.07.06 07:04:32.495,0.82635,0.82665,3.20,1.10
2010.07.06 07:04:33.017,0.82635,0.82665,1.60,1.10
2010.07.06 07:04:33.616,0.82635,0.82665,3.20,1.10
2010.07.06 07:04:36.720,0.82635,0.8266,1.60,2.40
2010.07.06 07:04:36.893,0.8262,0.82645,4.80,1.00
2010.07.06 07:04:37.063,0.8262,0.82645,3.20,1.00
2010.07.06 07:04:37.700,0.8262,0.82645,1.00,2.70
2010.07.06 07:04:38.036,0.82615,0.82645,4.80,4.30
2010.07.06 07:04:38.381,0.8262,0.82645,1.60,1.90
2010.07.06 07:04:39.650,0.8262,0.82645,1.60,2.70
2010.07.06 07:04:39.969,0.82615,0.82645,4.80,3.50
2010.07.06 07:04:40.271,0.82615,0.8264,3.20,1.10
2010.07.06 07:04:41.512,0.82615,0.8264,4.80,1.10
2010.07.06 07:04:45.108,0.82615,0.8264,1.60,4.30
2010.07.06 07:04:45.411,0.8261,0.8263,1.00,1.60
2010.07.06 07:04:45.761,0.82605,0.8263,2.40,2.70
2010.07.06 07:04:46.110,0.826,0.82625,1.60,1.10
2010.07.06 07:04:47.047,0.826,0.82625,3.20,1.10
2010.07.06 07:04:48.274,0.82605,0.82625,1.60,1.10
2010.07.06 07:04:48.569,0.82605,0.8263,7.30,1.10
2010.07.06 07:04:48.910,0.82605,0.8263,7.30,1.00
2010.07.06 07:04:49.258,0.82605,0.82635,7.30,4.30
2010.07.06 07:04:50.616,0.82605,0.82635,7.30,3.50
2010.07.06 07:04:50.960,0.82605,0.82635,7.30,4.30
2010.07.06 07:04:51.299,0.82605,0.82635,7.30,3.50
2010.07.06 07:04:51.637,0.8261,0.82635,1.00,4.30
2010.07.06 07:04:51.957,0.8261,0.82635,1.00,1.10
2010.07.06 07:04:52.555,0.8261,0.82635,3.20,1.10
2010.07.06 07:04:53.043,0.8261,0.82635,3.20,1.00
2010.07.06 07:04:53.491,0.82615,0.8264,1.60,1.60
2010.07.06 07:04:53.657,0.8262,0.82645,2.40,2.70
2010.07.06 07:04:53.833,0.8262,0.82645,2.40,1.00
2010.07.06 07:04:54.303,0.8263,0.82645,1.60,1.00
2010.07.06 07:04:54.640,0.8263,0.8265,1.60,1.60
2010.07.06 07:04:54.988,0.82635,0.82655,1.00,1.60
2010.07.06 07:04:55.330,0.82635,0.8266,1.00,2.70
2010.07.06 07:04:55.950,0.82635,0.82655,1.00,1.60
2010.07.06 07:04:56.879,0.8263,0.82655,1.60,1.90
2010.07.06 07:04:57.222,0.82625,0.8265,1.00,1.10
2010.07.06 07:04:57.922,0.8263,0.82655,1.00,2.70
2010.07.06 07:05:00.882,0.8263,0.82655,1.60,1.90
2010.07.06 07:05:11.399,0.82625,0.8265,4.80,1.60
2010.07.06 07:05:11.606,0.82625,0.8265,3.20,1.60
2010.07.06 07:05:11.818,0.8262,0.82645,1.60,1.00
2010.07.06 07:05:13.040,0.8262,0.82645,1.00,2.70
2010.07.06 07:05:13.826,0.82615,0.82645,3.20,1.90
2010.07.06 07:05:14.053,0.82615,0.82645,3.20,2.70
2010.07.06 07:05:14.771,0.82615,0.8264,3.20,1.10
2010.07.06 07:05:16.777,0.8262,0.82645,2.40,1.10
2010.07.06 07:05:17.121,0.82625,0.8265,2.40,1.10
2010.07.06 07:05:18.550,0.8262,0.82645,3.20,1.10
2010.07.06 07:05:18.916,0.8262,0.82645,1.60,1.10
2010.07.06 07:05:20.837,0.8262,0.82645,3.20,1.10
2010.07.06 07:05:21.615,0.82625,0.8265,1.00,2.70
2010.07.06 07:05:25.365,0.82625,0.8265,1.00,1.10
2010.07.06 07:05:25.746,0.82625,0.82655,1.60,2.70
2010.07.06 07:05:26.499,0.82625,0.82655,3.20,2.70
2010.07.06 07:05:27.915,0.82625,0.82655,3.20,1.10
2010.07.06 07:05:29.235,0.8263,0.82655,1.00,1.10
2010.07.06 07:05:29.977,0.82635,0.82665,7.80,1.10
2010.07.06 07:05:30.320,0.8264,0.82665,1.60,1.10
2010.07.06 07:05:31.911,0.8264,0.82665,6.20,1.00
2010.07.06 07:05:32.445,0.82645,0.82675,2.40,3.50
2010.07.06 07:05:32.691,0.82645,0.82675,2.40,2.70
2010.07.06 07:05:32.961,0.82645,0.82675,2.40,3.50
2010.07.06 07:05:34.397,0.82645,0.8267,2.40,1.60
2010.07.06 07:05:35.310,0.82645,0.82675,2.40,4.30
2010.07.06 07:05:36.190,0.82645,0.8267,2.40,1.10
2010.07.06 07:05:36.866,0.82645,0.8267,2.40,2.70
2010.07.06 07:05:37.208,0.82645,0.8267,2.40,1.10
2010.07.06 07:05:39.890,0.82645,0.8267,2.40,2.70
2010.07.06 07:05:40.647,0.82645,0.8267,2.40,1.10
2010.07.06 07:05:40.998,0.8265,0.82675,1.00,2.70
2010.07.06 07:05:44.729,0.8265,0.8267,1.00,2.40
2010.07.06 07:05:44.961,0.8264,0.82665,5.70,1.90
2010.07.06 07:05:45.361,0.8264,0.82665,1.60,2.70
2010.07.06 07:05:45.663,0.82635,0.8266,1.00,2.70
2010.07.06 07:05:45.963,0.82635,0.8266,1.60,1.10
2010.07.06 07:05:46.585,0.8263,0.8266,7.30,2.70
2010.07.06 07:05:46.931,0.82635,0.8266,1.60,2.70
2010.07.06 07:05:49.575,0.82635,0.8266,2.40,2.70
2010.07.06 07:05:49.757,0.82635,0.8266,5.00,1.90
2010.07.06 07:05:49.937,0.82645,0.8267,1.00,2.70
2010.07.06 07:05:50.258,0.82645,0.8267,2.40,1.10
2010.07.06 07:05:50.445,0.8265,0.82675,4.60,2.70
2010.07.06 07:05:50.790,0.8265,0.82675,6.20,1.60
2010.07.06 07:05:51.129,0.8265,0.82675,7.80,1.60
2010.07.06 07:05:51.469,0.8265,0.8268,6.20,3.50
2010.07.06 07:05:51.810,0.8265,0.8268,7.80,3.50
2010.07.06 07:05:53.798,0.8265,0.8268,6.20,3.50
2010.07.06 07:05:54.018,0.8265,0.82675,2.00,1.60
2010.07.06 07:05:54.236,0.8265,0.82675,1.60,1.60
2010.07.06 07:05:55.121,0.8265,0.82675,1.00,2.70
2010.07.06 07:05:56.202,0.8265,0.82675,1.00,1.10
2010.07.06 07:05:57.017,0.8265,0.82675,5.40,1.10
2010.07.06 07:05:57.226,0.8265,0.82675,5.40,1.00
2010.07.06 07:05:57.627,0.8265,0.8268,6.20,2.70
2010.07.06 07:05:57.772,0.8265,0.8268,10.20,2.70
2010.07.06 07:05:57.907,0.82665,0.82685,1.60,1.60
2010.07.06 07:05:58.046,0.82665,0.8269,3.20,1.10
2010.07.06 07:05:58.491,0.82665,0.8269,1.60,2.40
2010.07.06 07:05:58.629,0.82665,0.8269,1.60,2.70
2010.07.06 07:06:00.795,0.82665,0.8268,1.00,1.60
2010.07.06 07:06:01.072,0.8266,0.8268,2.40,1.60
2010.07.06 07:06:01.349,0.82665,0.8269,1.00,2.70
2010.07.06 07:06:03.667,0.8266,0.82685,1.60,1.00
2010.07.06 07:06:08.705,0.8266,0.82685,1.60,1.00
2010.07.06 07:06:09.211,0.82665,0.8269,4.80,1.90
2010.07.06 07:06:09.358,0.82665,0.8269,3.20,1.00
2010.07.06 07:06:14.396,0.82665,0.8269,3.20,1.60
2010.07.06 07:06:14.615,0.82665,0.8269,1.60,1.90
2010.07.06 07:06:14.829,0.82665,0.8269,1.60,3.50
2010.07.06 07:06:15.324,0.82665,0.8269,1.60,1.90
2010.07.06 07:06:16.830,0.8266,0.8269,1.60,3.90
2010.07.06 07:06:17.418,0.82665,0.8269,3.20,1.90
2010.07.06 07:06:17.723,0.82665,0.8269,1.60,1.90
2010.07.06 07:06:18.069,0.82665,0.8269,3.20,1.90
2010.07.06 07:06:18.413,0.82665,0.8269,1.60,1.00
2010.07.06 07:06:18.760,0.82665,0.82695,3.20,2.70
2010.07.06 07:06:19.097,0.82665,0.82695,1.60,1.10
2010.07.06 07:06:19.803,0.82665,0.82695,1.60,2.70
2010.07.06 07:06:20.091,0.82665,0.82695,1.60,1.10
2010.07.06 07:06:20.379,0.8267,0.827,1.60,2.70
2010.07.06 07:06:27.141,0.8267,0.827,3.20,4.30
2010.07.06 07:06:27.259,0.8267,0.82695,1.00,1.10
2010.07.06 07:06:27.371,0.82665,0.82695,3.20,2.70
2010.07.06 07:06:28.121,0.82665,0.8269,3.20,1.10
2010.07.06 07:06:28.467,0.82665,0.8269,1.00,3.10
2010.07.06 07:06:28.809,0.82655,0.8268,4.00,1.00
2010.07.06 07:06:29.147,0.82655,0.8268,3.20,1.00
2010.07.06 07:06:31.047,0.82655,0.8268,1.60,1.00
2010.07.06 07:06:32.006,0.82655,0.8268,1.00,1.00
2010.07.06 07:06:32.258,0.8265,0.8268,3.20,1.10
2010.07.06 07:06:34.276,0.8265,0.8268,3.20,2.70
2010.07.06 07:06:34.417,0.8265,0.8268,3.20,6.00
2010.07.06 07:06:34.556,0.8265,0.8268,1.60,6.50
2010.07.06 07:06:34.697,0.82645,0.82675,3.20,1.50
2010.07.06 07:06:35.593,0.8265,0.82675,3.20,1.00
2010.07.06 07:06:35.938,0.82655,0.82675,1.60,1.00
2010.07.06 07:06:37.327,0.8265,0.82675,3.20,1.00
2010.07.06 07:06:37.587,0.82655,0.82675,1.60,1.00
2010.07.06 07:06:38.960,0.82655,0.8268,2.40,1.10
2010.07.06 07:06:41.987,0.82655,0.82675,1.60,1.00
2010.07.06 07:06:42.559,0.8265,0.82675,3.20,1.00
2010.07.06 07:06:43.189,0.82645,0.82675,3.20,5.70
2010.07.06 07:06:43.485,0.82645,0.8267,1.00,6.50
2010.07.06 07:06:43.718,0.8264,0.82665,2.40,4.60
2010.07.06 07:06:43.953,0.8264,0.82665,1.00,3.10
2010.07.06 07:06:44.532,0.8264,0.82665,1.00,1.10
2010.07.06 07:06:45.219,0.82635,0.8266,2.40,1.10
2010.07.06 07:06:46.552,0.82635,0.82665,3.20,2.70
2010.07.06 07:06:46.937,0.82635,0.8266,2.40,1.00
2010.07.06 07:06:47.402,0.8263,0.8266,3.20,3.60
2010.07.06 07:06:47.604,0.8263,0.82655,2.40,5.70
2010.07.06 07:06:48.858,0.8263,0.8265,1.60,1.50
2010.07.06 07:06:49.147,0.8263,0.8265,1.60,1.10
2010.07.06 07:06:49.834,0.82635,0.8265,1.60,1.00
2010.07.06 07:06:50.159,0.82635,0.82655,1.60,1.10
2010.07.06 07:06:50.491,0.8263,0.82655,2.40,1.10
2010.07.06 07:06:51.099,0.82625,0.8265,4.80,1.10
2010.07.06 07:06:51.440,0.82625,0.8265,3.20,1.10
2010.07.06 07:06:53.684,0.82625,0.8265,1.00,3.50
2010.07.06 07:06:53.951,0.8262,0.82645,1.60,6.00
2010.07.06 07:06:54.219,0.82615,0.8264,3.20,1.10
2010.07.06 07:06:54.516,0.82615,0.8264,1.60,1.10
2010.07.06 07:06:54.816,0.82615,0.8264,3.20,1.10
2010.07.06 07:07:05.713,0.82625,0.82645,1.60,1.10
2010.07.06 07:07:07.937,0.8262,0.82645,2.40,1.10
2010.07.06 07:07:09.123,0.8262,0.82645,3.20,1.00
2010.07.06 07:07:09.334,0.8262,0.8265,3.20,4.70
2010.07.06 07:07:09.542,0.82625,0.8265,2.40,2.70
2010.07.06 07:07:10.035,0.82625,0.82655,3.20,4.30
2010.07.06 07:07:10.394,0.8264,0.82665,1.00,3.50
2010.07.06 07:07:11.051,0.82645,0.8267,1.60,2.40
2010.07.06 07:07:11.401,0.82645,0.8268,5.70,2.70
2010.07.06 07:07:11.902,0.8265,0.82675,1.60,1.60
2010.07.06 07:07:13.658,0.8265,0.8268,1.60,2.70
2010.07.06 07:07:13.882,0.8265,0.82675,1.60,2.70
2010.07.06 07:07:16.863,0.82645,0.8267,1.00,1.90
2010.07.06 07:07:17.203,0.8264,0.82665,1.00,1.00
2010.07.06 07:07:17.530,0.82635,0.82665,1.60,2.70
2010.07.06 07:07:20.855,0.82635,0.82665,1.60,1.10
2010.07.06 07:07:21.412,0.82635,0.82665,3.20,1.10
2010.07.06 07:07:21.748,0.82635,0.82665,1.60,2.70
2010.07.06 07:07:22.849,0.82635,0.8266,1.60,1.60
2010.07.06 07:07:23.048,0.8263,0.8266,1.60,2.70
2010.07.06 07:07:23.568,0.8263,0.82655,1.60,1.10
2010.07.06 07:07:25.269,0.82625,0.82655,1.60,1.10
2010.07.06 07:07:27.174,0.8262,0.82645,1.60,1.90
2010.07.06 07:07:27.471,0.82615,0.82645,1.60,2.70
2010.07.06 07:07:27.926,0.82615,0.82645,3.20,2.70
2010.07.06 07:07:35.315,0.82615,0.82645,3.20,1.10
2010.07.06 07:07:35.988,0.8262,0.82645,1.60,1.00
2010.07.06 07:07:36.327,0.8262,0.82645,3.20,1.00
2010.07.06 07:07:36.995,0.8262,0.82645,1.60,1.00
2010.07.06 07:07:37.216,0.8262,0.82645,3.20,1.00
2010.07.06 07:07:38.008,0.82625,0.8265,1.00,2.70
2010.07.06 07:07:42.196,0.8262,0.82645,3.20,1.90
2010.07.06 07:07:47.582,0.8262,0.82645,3.20,1.00
2010.07.06 07:07:54.555,0.8262,0.82645,4.00,1.00
2010.07.06 07:07:54.715,0.82625,0.8265,1.60,1.10
2010.07.06 07:07:56.676,0.82625,0.8265,4.00,1.10
2010.07.06 07:07:56.861,0.82625,0.82655,8.20,1.10
2010.07.06 07:07:57.207,0.82625,0.82655,8.20,2.70
2010.07.06 07:07:57.386,0.82625,0.8265,8.20,1.60
2010.07.06 07:07:57.827,0.82625,0.8265,3.20,3.20
2010.07.06 07:07:58.145,0.82625,0.8265,3.20,2.70
2010.07.06 07:07:58.450,0.8262,0.82645,3.20,1.60
2010.07.06 07:08:00.918,0.8262,0.82645,1.60,1.60
2010.07.06 07:08:01.566,0.8262,0.82645,3.20,1.60
2010.07.06 07:08:02.928,0.82625,0.8265,3.20,2.70
2010.07.06 07:08:09.037,0.82625,0.8265,1.60,2.70
2010.07.06 07:08:09.329,0.82625,0.8265,3.20,1.10
2010.07.06 07:08:09.642,0.82625,0.8265,3.20,2.70
2010.07.06 07:08:09.942,0.82635,0.8266,1.60,2.70
2010.07.06 07:08:10.257,0.82635,0.82655,1.60,1.60
2010.07.06 07:08:10.786,0.82635,0.82655,1.60,1.00
2010.07.06 07:08:11.092,0.82635,0.8266,2.40,1.90
2010.07.06 07:08:11.442,0.8264,0.82665,2.40,4.30
2010.07.06 07:08:11.791,0.8264,0.82665,1.60,4.30
2010.07.06 07:08:12.139,0.8264,0.82665,1.00,2.70
2010.07.06 07:08:12.573,0.82635,0.82665,3.20,2.70
2010.07.06 07:08:12.923,0.82635,0.8266,1.60,1.90
2010.07.06 07:08:13.274,0.82635,0.8266,2.40,2.70
2010.07.06 07:08:13.847,0.82635,0.8266,1.60,2.70
2010.07.06 07:08:14.151,0.8263,0.82655,1.60,1.60
2010.07.06 07:08:15.200,0.8263,0.82655,1.60,2.70
2010.07.06 07:08:16.311,0.8263,0.82655,3.20,2.70
2010.07.06 07:08:16.896,0.8263,0.82655,2.40,2.70
2010.07.06 07:08:17.652,0.8263,0.8265,1.00,1.60
2010.07.06 07:08:19.886,0.8263,0.82655,2.40,2.70
2010.07.06 07:08:21.569,0.8263,0.82655,3.20,1.60
2010.07.06 07:08:21.877,0.8263,0.82655,3.20,1.90
2010.07.06 07:08:22.099,0.8263,0.82655,3.20,2.70
2010.07.06 07:08:22.961,0.82635,0.8266,1.60,2.70
2010.07.06 07:08:24.695,0.8263,0.82655,3.20,1.60
2010.07.06 07:08:24.988,0.8263,0.8266,3.20,2.70
2010.07.06 07:08:25.199,0.8263,0.82655,3.20,1.00
2010.07.06 07:08:25.923,0.82635,0.82655,1.60,1.00
2010.07.06 07:08:26.262,0.82625,0.82655,3.20,2.70
2010.07.06 07:08:27.774,0.82635,0.82655,2.40,1.00
2010.07.06 07:08:28.127,0.82635,0.82665,6.60,1.90
2010.07.06 07:08:28.472,0.8264,0.82665,2.40,1.00
2010.07.06 07:08:28.818,0.8264,0.82665,1.60,2.70
2010.07.06 07:08:29.158,0.82635,0.82665,3.20,2.70
2010.07.06 07:08:30.178,0.82635,0.8266,3.20,1.60
2010.07.06 07:08:31.458,0.82635,0.8266,1.60,1.60
2010.07.06 07:08:32.646,0.82635,0.8266,3.20,1.60
2010.07.06 07:08:33.267,0.8264,0.82665,1.60,2.70
2010.07.06 07:08:33.601,0.8264,0.82665,1.60,3.50
2010.07.06 07:08:33.900,0.8264,0.82665,1.60,1.90
2010.07.06 07:08:34.457,0.8264,0.82665,2.40,1.90
2010.07.06 07:08:34.753,0.8265,0.82675,1.00,2.70
2010.07.06 07:08:35.103,0.8265,0.82675,3.30,1.00
2010.07.06 07:08:35.453,0.8265,0.82675,1.00,1.90
2010.07.06 07:08:35.801,0.82645,0.82675,3.20,2.70
2010.07.06 07:08:36.146,0.82645,0.8267,3.20,1.10
2010.07.06 07:08:36.486,0.82645,0.8267,3.20,2.70
2010.07.06 07:08:38.276,0.82645,0.8267,3.20,1.10
2010.07.06 07:08:39.714,0.82645,0.8267,1.60,2.70
2010.07.06 07:08:41.121,0.82645,0.8267,3.20,2.70
2010.07.06 07:08:41.367,0.82645,0.8267,3.20,1.10
2010.07.06 07:08:42.937,0.8264,0.8267,7.40,2.70
2010.07.06 07:08:43.279,0.8264,0.8267,8.20,2.70
2010.07.06 07:08:44.090,0.8264,0.82665,6.60,1.60
2010.07.06 07:08:44.336,0.8264,0.82665,1.00,2.70
2010.07.06 07:08:46.920,0.8264,0.82665,2.40,1.90
2010.07.06 07:08:47.219,0.82645,0.82665,1.00,1.60
2010.07.06 07:08:47.831,0.82645,0.8267,1.00,2.70
2010.07.06 07:08:48.184,0.8264,0.82665,2.40,1.90
2010.07.06 07:08:48.530,0.82635,0.82665,7.40,2.70
2010.07.06 07:08:48.871,0.8264,0.82665,2.40,2.70
2010.07.06 07:08:49.218,0.8264,0.82665,1.00,2.70
2010.07.06 07:08:49.561,0.8264,0.82665,8.20,1.00
2010.07.06 07:08:50.192,0.8265,0.8267,1.00,1.00
2010.07.06 07:08:50.880,0.82645,0.8267,3.20,1.00
2010.07.06 07:08:51.501,0.82645,0.8267,1.60,2.70
2010.07.06 07:08:52.490,0.8265,0.8267,1.00,1.60
2010.07.06 07:08:52.789,0.8265,0.82675,2.40,1.10
2010.07.06 07:08:53.080,0.8265,0.82675,6.60,1.00
2010.07.06 07:08:53.990,0.8265,0.82675,1.60,1.90
2010.07.06 07:08:54.599,0.82645,0.82675,3.20,2.70
2010.07.06 07:08:54.916,0.82645,0.8267,1.60,1.60
2010.07.06 07:08:55.212,0.82645,0.8267,3.20,1.60
2010.07.06 07:08:55.510,0.82645,0.8267,1.60,1.60
2010.07.06 07:08:55.854,0.82645,0.8267,3.20,1.60
2010.07.06 07:08:56.523,0.8265,0.8267,1.00,1.60
2010.07.06 07:08:56.878,0.82645,0.8267,1.60,2.70
2010.07.06 07:08:57.562,0.8264,0.82665,3.20,1.00
2010.07.06 07:08:57.860,0.8264,0.82665,1.60,1.90
2010.07.06 07:08:58.158,0.8264,0.82665,1.60,1.00
2010.07.06 07:09:00.188,0.8264,0.82665,1.60,1.90
2010.07.06 07:09:02.197,0.8264,0.82665,4.60,1.90
2010.07.06 07:09:02.465,0.8264,0.82665,6.20,1.90
2010.07.06 07:09:06.189,0.82645,0.8267,2.40,2.70
2010.07.06 07:09:06.852,0.82645,0.8267,7.80,1.60
2010.07.06 07:09:07.443,0.82645,0.82675,8.60,2.70
2010.07.06 07:09:07.730,0.8265,0.82675,3.20,1.60
2010.07.06 07:09:09.479,0.8265,0.82675,4.00,1.60
2010.07.06 07:09:09.775,0.8265,0.82675,1.60,1.60
2010.07.06 07:09:11.802,0.82645,0.8267,3.20,1.60
2010.07.06 07:09:11.999,0.82645,0.82675,3.20,2.70
2010.07.06 07:09:13.537,0.82645,0.82675,1.60,2.70
2010.07.06 07:09:13.878,0.82645,0.82675,3.20,2.70
2010.07.06 07:09:16.376,0.82645,0.82675,4.00,2.70
2010.07.06 07:09:16.715,0.82645,0.82675,3.20,2.70
2010.07.06 07:09:18.565,0.82645,0.82675,4.00,1.10
2010.07.06 07:09:18.870,0.82645,0.82675,3.20,2.70
2010.07.06 07:09:19.169,0.82645,0.82675,3.20,1.10
2010.07.06 07:09:20.193,0.82645,0.8267,1.60,2.70
2010.07.06 07:09:20.442,0.82645,0.8267,3.20,2.70
2010.07.06 07:09:20.989,0.82645,0.8267,1.60,2.70
2010.07.06 07:09:21.920,0.82645,0.8267,3.20,1.60
2010.07.06 07:09:22.474,0.82645,0.82675,3.20,2.70
2010.07.06 07:09:25.521,0.82655,0.82675,1.00,2.40
2010.07.06 07:09:25.743,0.82655,0.82685,7.80,1.60
2010.07.06 07:09:26.023,0.82655,0.82685,7.00,1.60
2010.07.06 07:09:26.300,0.8266,0.82685,1.60,1.60
2010.07.06 07:09:29.364,0.8266,0.8268,1.60,1.60
2010.07.06 07:09:29.499,0.8266,0.8268,1.00,1.60
2010.07.06 07:09:29.639,0.82655,0.8268,1.60,1.60
2010.07.06 07:09:30.207,0.8265,0.82675,1.60,1.60
2010.07.06 07:09:30.549,0.82645,0.82675,3.20,2.70
2010.07.06 07:09:31.862,0.82655,0.8268,4.60,1.60
2010.07.06 07:09:32.212,0.82655,0.8268,2.40,1.60
2010.07.06 07:09:32.490,0.82655,0.8268,1.60,1.60
2010.07.06 07:09:32.966,0.82655,0.82685,3.20,2.70
2010.07.06 07:09:34.787,0.82655,0.82685,6.20,2.70
2010.07.06 07:09:35.091,0.82655,0.82685,5.40,2.70
2010.07.06 07:09:35.326,0.82655,0.82685,3.20,2.70
2010.07.06 07:09:35.560,0.82655,0.8268,1.60,1.60
2010.07.06 07:09:36.577,0.82655,0.82685,3.20,2.70
2010.07.06 07:09:37.859,0.82655,0.82685,3.60,1.10
2010.07.06 07:09:37.977,0.82655,0.82685,4.40,1.10
2010.07.06 07:09:38.099,0.8266,0.82685,1.60,1.10
2010.07.06 07:09:38.568,0.8266,0.82685,3.20,1.00
2010.07.06 07:09:42.238,0.82665,0.8269,1.00,2.70
2010.07.06 07:09:42.576,0.82665,0.8269,2.40,2.70
2010.07.06 07:09:43.466,0.82665,0.8269,1.00,2.70
2010.07.06 07:09:44.475,0.82665,0.8269,1.00,1.10
2010.07.06 07:09:44.566,0.82665,0.8269,2.40,1.10
2010.07.06 07:09:44.666,0.82665,0.8269,3.20,1.00
2010.07.06 07:09:45.278,0.82665,0.82695,3.20,2.70
2010.07.06 07:09:49.747,0.82665,0.82695,1.60,2.70
2010.07.06 07:09:51.992,0.82665,0.82695,3.20,2.70
2010.07.06 07:09:53.886,0.82665,0.8269,1.60,1.60
2010.07.06 07:09:54.217,0.82665,0.8269,1.00,2.70
2010.07.06 07:09:54.902,0.82665,0.8269,3.20,1.00
2010.07.06 07:09:55.253,0.82665,0.82695,3.20,3.50
2010.07.06 07:09:55.581,0.8267,0.82695,1.60,1.10
2010.07.06 07:09:59.095,0.8267,0.82695,3.20,1.10
2010.07.06 07:09:59.208,0.8267,0.82695,1.60,1.10
2010.07.06 07:09:59.888,0.82665,0.8269,3.20,1.00
2010.07.06 07:10:02.746,0.82665,0.8269,1.60,1.00
2010.07.06 07:10:02.946,0.82665,0.8269,1.60,1.90
2010.07.06 07:10:04.244,0.82665,0.8269,1.00,2.70
2010.07.06 07:10:04.987,0.8266,0.82685,1.00,2.70
2010.07.06 07:10:05.215,0.82655,0.82685,1.60,7.30
2010.07.06 07:10:05.842,0.8265,0.8268,3.20,7.30
2010.07.06 07:10:06.193,0.8265,0.8268,3.20,5.20
2010.07.06 07:10:06.542,0.82655,0.8268,3.20,4.00
2010.07.06 07:10:06.895,0.8266,0.8268,1.60,1.60
2010.07.06 07:10:07.242,0.8266,0.8269,3.20,2.70
2010.07.06 07:10:07.590,0.82665,0.8269,1.60,2.70
2010.07.06 07:10:08.195,0.8266,0.82685,3.20,1.00
2010.07.06 07:10:08.404,0.8266,0.82685,3.20,1.90
2010.07.06 07:10:08.609,0.8266,0.8268,1.60,1.60
2010.07.06 07:10:08.819,0.8266,0.82685,1.60,1.90
2010.07.06 07:10:11.175,0.82665,0.8269,1.60,2.70
2010.07.06 07:10:16.730,0.8267,0.8269,1.00,2.40
2010.07.06 07:10:17.239,0.8267,0.8269,1.00,1.60
2010.07.06 07:10:17.580,0.8267,0.82695,1.00,2.70
2010.07.06 07:10:17.919,0.8267,0.82695,1.60,1.00
2010.07.06 07:10:18.764,0.8267,0.82695,1.60,1.60
2010.07.06 07:10:19.495,0.8267,0.82695,3.20,1.60
2010.07.06 07:10:20.050,0.8267,0.82695,3.20,1.90
2010.07.06 07:10:20.379,0.82675,0.82695,2.40,1.90
2010.07.06 07:10:21.025,0.82685,0.827,1.00,1.60
2010.07.06 07:10:21.349,0.8269,0.82715,1.00,2.70
2010.07.06 07:10:21.980,0.8269,0.82715,1.60,2.70
2010.07.06 07:10:22.321,0.8269,0.82715,1.60,1.10
2010.07.06 07:10:22.668,0.8269,0.82715,3.20,1.10
2010.07.06 07:10:24.797,0.8269,0.8272,4.00,5.20
2010.07.06 07:10:25.040,0.8269,0.8272,1.60,2.70
2010.07.06 07:10:25.568,0.8269,0.82715,1.60,1.10
2010.07.06 07:10:25.914,0.82685,0.8271,1.60,1.10
2010.07.06 07:10:27.009,0.82685,0.8271,1.60,1.00
2010.07.06 07:10:27.358,0.82685,0.8271,3.20,1.00
2010.07.06 07:10:27.703,0.82685,0.8271,1.60,1.00
2010.07.06 07:10:28.032,0.82685,0.8271,1.60,1.10
2010.07.06 07:10:28.690,0.8268,0.8271,1.60,3.60
2010.07.06 07:10:28.916,0.8268,0.82705,1.60,1.00
2010.07.06 07:10:29.147,0.8268,0.82705,1.00,1.00
2010.07.06 07:10:30.216,0.8268,0.82705,1.60,1.00
2010.07.06 07:10:32.058,0.8268,0.82705,1.00,1.00
2010.07.06 07:10:34.299,0.8268,0.82705,1.60,1.00
2010.07.06 07:10:34.504,0.8267,0.827,3.20,1.00
2010.07.06 07:10:35.015,0.8267,0.8269,1.60,1.00
2010.07.06 07:10:35.216,0.82655,0.8268,3.20,1.90
2010.07.06 07:10:36.419,0.82655,0.8268,1.60,4.10
2010.07.06 07:10:36.714,0.82655,0.8268,1.60,4.90
2010.07.06 07:10:37.323,0.82665,0.8268,1.60,3.90
2010.07.06 07:10:37.623,0.82665,0.82685,1.60,1.00
2010.07.06 07:10:38.083,0.8266,0.8269,2.40,6.80
2010.07.06 07:10:38.433,0.8266,0.82685,2.40,1.10
2010.07.06 07:10:38.783,0.82665,0.82685,1.60,1.10
2010.07.06 07:10:39.089,0.8266,0.82685,2.40,1.10
2010.07.06 07:10:45.578,0.8266,0.82685,1.00,1.10
2010.07.06 07:10:46.747,0.82655,0.8268,3.20,1.00
2010.07.06 07:10:49.569,0.82655,0.82685,3.20,2.70
2010.07.06 07:10:50.250,0.82655,0.82685,5.70,2.70
2010.07.06 07:10:50.950,0.82655,0.82685,3.20,2.70
2010.07.06 07:10:51.307,0.82655,0.8268,3.20,1.00
2010.07.06 07:10:51.981,0.8266,0.8269,6.60,1.10
2010.07.06 07:10:52.308,0.8266,0.8269,3.20,1.10
2010.07.06 07:10:52.902,0.82665,0.8269,1.60,1.10
2010.07.06 07:10:53.250,0.8266,0.8269,1.60,1.10
2010.07.06 07:10:54.391,0.8266,0.8269,3.20,1.10
2010.07.06 07:10:54.814,0.82655,0.8268,4.00,1.00
2010.07.06 07:10:54.944,0.8265,0.82675,2.40,1.10
2010.07.06 07:10:55.070,0.8265,0.82675,1.00,3.90
2010.07.06 07:10:55.523,0.82645,0.82665,1.60,1.00
2010.07.06 07:10:55.873,0.82635,0.82665,3.20,1.10
2010.07.06 07:10:57.398,0.82635,0.82665,3.20,2.70
2010.07.06 07:10:57.762,0.82635,0.8266,1.60,1.00
2010.07.06 07:10:58.112,0.8263,0.8266,3.20,1.90
2010.07.06 07:10:58.741,0.8263,0.8266,3.20,1.10
2010.07.06 07:11:00.276,0.82635,0.8266,1.60,1.10
2010.07.06 07:11:00.544,0.8264,0.8266,1.60,1.00
2010.07.06 07:11:01.705,0.82635,0.8266,1.60,1.00
2010.07.06 07:11:02.049,0.82635,0.8266,1.60,1.10
2010.07.06 07:11:02.389,0.8263,0.82655,1.60,1.10
2010.07.06 07:11:03.013,0.82625,0.82655,3.20,1.10
2010.07.06 07:11:03.349,0.8263,0.82655,1.60,1.10
2010.07.06 07:11:07.149,0.82635,0.82655,1.60,1.10
2010.07.06 07:11:07.458,0.82635,0.82655,1.60,1.00
2010.07.06 07:11:14.875,0.82625,0.82655,3.20,2.70
2010.07.06 07:11:15.220,0.82625,0.8265,3.20,1.60
2010.07.06 07:11:15.686,0.82625,0.8265,3.20,2.70
2010.07.06 07:11:16.373,0.8264,0.82665,1.60,6.00
2010.07.06 07:11:17.079,0.82645,0.82675,3.60,1.10
2010.07.06 07:11:17.417,0.82645,0.82675,1.60,1.10
2010.07.06 07:11:18.102,0.82645,0.82675,3.20,1.10
2010.07.06 07:11:26.139,0.8264,0.82665,1.00,1.10
2010.07.06 07:11:26.438,0.82635,0.82665,3.20,1.10
2010.07.06 07:11:26.781,0.82635,0.82665,7.30,1.10
2010.07.06 07:11:27.131,0.82645,0.8267,1.00,1.00
2010.07.06 07:11:27.496,0.82645,0.8267,1.60,1.00
2010.07.06 07:11:27.841,0.8265,0.82675,1.00,1.10
2010.07.06 07:11:30.003,0.8265,0.82675,1.00,2.70
2010.07.06 07:11:30.353,0.82645,0.8267,1.60,1.90
2010.07.06 07:11:31.140,0.82645,0.8267,3.20,1.90
2010.07.06 07:11:31.821,0.82645,0.8267,3.20,3.50
2010.07.06 07:11:32.622,0.82645,0.8267,1.60,4.70
2010.07.06 07:11:32.878,0.8264,0.82665,3.20,1.00
2010.07.06 07:11:33.155,0.8264,0.82665,3.20,1.10
2010.07.06 07:11:33.437,0.8264,0.82665,1.60,1.10
2010.07.06 07:11:35.915,0.8264,0.8267,1.60,2.70
2010.07.06 07:11:37.506,0.8264,0.8267,3.20,2.70
2010.07.06 07:11:39.666,0.8264,0.8267,3.20,1.10
2010.07.06 07:11:40.416,0.82645,0.8267,1.60,1.10
2010.07.06 07:11:41.098,0.8265,0.82675,1.00,1.10
2010.07.06 07:11:41.439,0.8265,0.82675,2.40,1.10
2010.07.06 07:11:41.771,0.82655,0.82675,1.60,1.10
2010.07.06 07:11:42.111,0.8265,0.82675,1.00,1.10
2010.07.06 07:11:42.451,0.8265,0.82675,2.40,1.10
2010.07.06 07:11:42.743,0.8265,0.82675,1.00,1.10
2010.07.06 07:11:43.319,0.8265,0.82675,2.40,1.10
2010.07.06 07:11:44.906,0.8265,0.82675,2.40,1.50
2010.07.06 07:11:45.451,0.82655,0.8268,2.40,1.60
2010.07.06 07:11:45.673,0.82655,0.8268,2.40,1.00
2010.07.06 07:11:46.298,0.82655,0.8268,1.00,1.50
2010.07.06 07:11:46.370,0.8265,0.82675,3.20,1.00
2010.07.06 07:11:46.708,0.8265,0.8268,3.20,1.10
2010.07.06 07:11:47.050,0.82655,0.8268,1.60,1.10
2010.07.06 07:11:47.617,0.82655,0.82675,1.60,1.00
2010.07.06 07:11:49.471,0.8267,0.8269,1.00,2.80
2010.07.06 07:11:49.678,0.8267,0.8269,1.60,1.00
2010.07.06 07:11:49.887,0.8267,0.82695,1.60,1.50
2010.07.06 07:11:50.780,0.82675,0.82695,1.60,1.50
2010.07.06 07:11:51.124,0.8267,0.82695,3.20,1.10
2010.07.06 07:11:52.141,0.82675,0.827,2.40,1.50
2010.07.06 07:11:52.491,0.8268,0.827,1.60,1.00
2010.07.06 07:11:52.841,0.82675,0.827,3.20,4.50
2010.07.06 07:11:53.189,0.82675,0.82705,3.20,7.20
2010.07.06 07:11:54.135,0.82675,0.827,1.60,4.70
2010.07.06 07:11:54.457,0.8267,0.82695,2.40,1.10
2010.07.06 07:11:55.097,0.8266,0.8268,3.20,1.20
2010.07.06 07:11:55.434,0.8265,0.82675,1.00,1.50
2010.07.06 07:11:55.762,0.82645,0.8267,3.20,1.10
2010.07.06 07:11:56.387,0.8265,0.8267,1.60,1.10
2010.07.06 07:11:56.722,0.82655,0.82675,1.60,1.50
2010.07.06 07:11:57.070,0.8265,0.82675,2.40,1.10
2010.07.06 07:11:57.411,0.8265,0.8268,3.20,1.10
2010.07.06 07:11:58.158,0.82655,0.8268,1.60,1.10
2010.07.06 07:11:59.107,0.82655,0.8268,2.40,1.00
2010.07.06 07:11:59.415,0.8266,0.8268,1.60,1.00
2010.07.06 07:11:59.525,0.8266,0.82685,1.60,1.10
2010.07.06 07:11:59.761,0.8266,0.82685,2.40,1.10
2010.07.06 07:12:00.455,0.82665,0.82685,1.60,1.10
2010.07.06 07:12:00.917,0.8266,0.82685,2.40,1.10
2010.07.06 07:12:01.697,0.82665,0.82685,1.60,1.10
2010.07.06 07:12:02.328,0.8266,0.82685,2.40,1.10
2010.07.06 07:12:03.830,0.8266,0.82685,1.00,5.50
2010.07.06 07:12:03.991,0.82655,0.8268,1.60,4.10
2010.07.06 07:12:04.148,0.82655,0.8268,1.60,5.60
2010.07.06 07:12:04.467,0.82655,0.82675,1.60,1.10
2010.07.06 07:12:09.808,0.8266,0.8268,1.60,1.10
2010.07.06 07:12:09.946,0.8266,0.8268,1.60,1.00
2010.07.06 07:12:10.016,0.8266,0.82685,1.60,1.10
2010.07.06 07:12:12.666,0.82655,0.82685,3.20,1.10
2010.07.06 07:12:13.174,0.8266,0.82685,1.60,4.10
2010.07.06 07:12:13.381,0.8266,0.82685,1.60,1.10
2010.07.06 07:12:13.729,0.82655,0.82685,3.20,4.10
2010.07.06 07:12:14.355,0.8266,0.82685,1.60,1.10
2010.07.06 07:12:14.704,0.82655,0.82685,3.20,2.70
2010.07.06 07:12:15.001,0.8266,0.82685,1.60,1.10
2010.07.06 07:12:15.817,0.82655,0.82685,3.20,4.10
2010.07.06 07:12:16.377,0.8266,0.82685,1.60,1.10
2010.07.06 07:12:16.621,0.8266,0.82685,2.40,1.10
2010.07.06 07:12:16.960,0.82665,0.82685,1.60,1.10
2010.07.06 07:12:18.274,0.82665,0.8269,1.60,1.10
2010.07.06 07:12:18.621,0.8266,0.82685,3.20,1.10
2010.07.06 07:12:19.265,0.82665,0.82685,1.60,1.10
2010.07.06 07:12:20.381,0.82665,0.8269,2.40,1.50
2010.07.06 07:12:20.726,0.82665,0.8269,1.00,1.50
2010.07.06 07:12:21.069,0.82665,0.8269,2.40,1.50
2010.07.06 07:12:21.410,0.82665,0.8269,1.00,1.50
2010.07.06 07:12:22.330,0.82665,0.8269,2.40,1.50
2010.07.06 07:12:22.858,0.8266,0.82685,3.20,1.50
2010.07.06 07:12:26.037,0.82665,0.82685,1.60,1.50
2010.07.06 07:12:26.378,0.8266,0.82685,3.20,1.10
2010.07.06 07:12:27.059,0.82665,0.82685,1.60,1.10
2010.07.06 07:12:30.741,0.8266,0.82685,3.20,1.10
2010.07.06 07:12:31.965,0.8266,0.82685,1.60,1.10
2010.07.06 07:12:32.309,0.8266,0.82685,3.20,1.10
2010.07.06 07:12:32.649,0.8266,0.82685,1.60,1.10
2010.07.06 07:12:35.749,0.8266,0.82685,3.20,1.10
2010.07.06 07:12:36.865,0.8266,0.82685,1.60,1.10
2010.07.06 07:12:37.892,0.8266,0.82685,2.40,1.10
2010.07.06 07:12:38.799,0.8266,0.82685,2.40,1.00
2010.07.06 07:12:39.087,0.82665,0.8269,1.60,1.10
2010.07.06 07:12:39.882,0.82665,0.8269,2.40,1.00
2010.07.06 07:12:40.640,0.82665,0.8269,3.20,1.00
2010.07.06 07:12:47.090,0.8267,0.82695,1.00,1.10
2010.07.06 07:12:54.005,0.8267,0.82695,2.40,1.10
2010.07.06 07:12:54.449,0.82675,0.827,1.00,3.50
2010.07.06 07:12:54.627,0.82675,0.82705,1.00,2.70
2010.07.06 07:12:54.973,0.82675,0.82705,3.20,2.70
2010.07.06 07:12:55.579,0.82675,0.82705,3.20,1.10
2010.07.06 07:12:58.975,0.8268,0.82705,3.20,1.10
2010.07.06 07:12:59.320,0.8268,0.82705,1.60,1.10
2010.07.06 07:13:00.177,0.82675,0.82705,3.60,1.10
2010.07.06 07:13:00.317,0.82675,0.82705,3.20,1.10
2010.07.06 07:13:05.306,0.8268,0.82705,1.60,1.10
2010.07.06 07:13:05.490,0.82675,0.82705,3.20,1.10
2010.07.06 07:13:08.700,0.82675,0.827,3.20,1.60
2010.07.06 07:13:09.041,0.8267,0.827,3.20,2.70
2010.07.06 07:13:09.380,0.8267,0.82695,3.20,1.00
2010.07.06 07:13:09.721,0.8267,0.82695,4.80,1.00
2010.07.06 07:13:10.007,0.82675,0.827,1.60,2.70
2010.07.06 07:13:11.638,0.82675,0.827,1.60,1.10
2010.07.06 07:13:13.417,0.82675,0.827,2.40,1.10
2010.07.06 07:13:16.233,0.82675,0.827,2.40,2.70
2010.07.06 07:13:16.465,0.82675,0.82695,2.40,2.00
2010.07.06 07:13:16.835,0.82675,0.82695,2.40,1.20
2010.07.06 07:13:17.189,0.82665,0.8269,2.40,1.10
2010.07.06 07:13:17.822,0.82665,0.8269,1.00,1.10
2010.07.06 07:13:18.173,0.82665,0.8269,2.40,1.10
2010.07.06 07:13:18.517,0.82665,0.8269,1.00,1.10
2010.07.06 07:13:18.808,0.82665,0.8269,2.40,1.10
2010.07.06 07:13:21.393,0.82665,0.8269,1.00,1.10
2010.07.06 07:13:21.617,0.82665,0.8269,1.00,1.00
2010.07.06 07:13:21.849,0.82665,0.8269,1.60,1.00
2010.07.06 07:13:22.297,0.82665,0.82695,3.20,1.10
2010.07.06 07:13:22.642,0.8267,0.82695,1.60,1.10
2010.07.06 07:13:22.991,0.82675,0.82695,1.60,1.00
2010.07.06 07:13:23.344,0.82675,0.827,1.60,2.70
2010.07.06 07:13:23.696,0.82675,0.827,3.20,1.00
2010.07.06 07:13:25.081,0.8268,0.82705,2.40,1.10
2010.07.06 07:13:25.368,0.82685,0.82705,1.60,1.10
2010.07.06 07:13:26.518,0.8268,0.82705,2.40,1.10
2010.07.06 07:13:27.200,0.82685,0.82705,1.60,1.10
2010.07.06 07:13:29.163,0.82685,0.82705,1.60,1.00
2010.07.06 07:13:29.390,0.82685,0.8271,1.60,1.10
2010.07.06 07:13:30.387,0.82685,0.8271,1.60,1.90
2010.07.06 07:13:30.726,0.82685,0.8271,1.60,1.10
2010.07.06 07:13:31.066,0.82685,0.8271,1.60,2.70
2010.07.06 07:13:33.138,0.82685,0.8271,1.60,1.10
2010.07.06 07:13:34.834,0.82685,0.8271,1.60,1.50
2010.07.06 07:13:35.183,0.8268,0.82705,1.60,1.10
2010.07.06 07:13:35.870,0.82675,0.82705,3.20,4.30
2010.07.06 07:13:36.264,0.82675,0.82705,3.20,2.70
2010.07.06 07:13:36.607,0.82675,0.82705,3.20,3.50
2010.07.06 07:13:36.949,0.82675,0.82705,3.20,2.70
2010.07.06 07:13:37.294,0.82675,0.827,1.60,1.10
2010.07.06 07:13:41.629,0.82675,0.827,1.60,2.30
2010.07.06 07:13:42.064,0.82675,0.827,1.60,1.90
2010.07.06 07:13:42.334,0.8267,0.82695,3.20,1.10
2010.07.06 07:13:42.597,0.8267,0.82695,1.60,1.10
2010.07.06 07:13:43.492,0.8267,0.82695,3.20,2.70
2010.07.06 07:13:43.835,0.8267,0.82695,1.60,2.70
2010.07.06 07:13:44.169,0.8267,0.82695,3.20,2.70
2010.07.06 07:13:44.789,0.82665,0.82695,3.20,6.80
2010.07.06 07:13:45.070,0.82665,0.82695,3.20,5.70
2010.07.06 07:13:47.213,0.82665,0.8269,3.20,1.10
2010.07.06 07:13:50.439,0.82665,0.82695,3.20,1.10
2010.07.06 07:13:50.834,0.8267,0.82695,1.60,1.10
2010.07.06 07:13:51.161,0.8267,0.82695,3.20,1.00
2010.07.06 07:13:51.502,0.82675,0.82695,1.60,4.40
2010.07.06 07:13:51.854,0.82675,0.82695,1.60,5.70
2010.07.06 07:13:52.540,0.82665,0.82695,3.20,5.70
2010.07.06 07:13:52.879,0.82665,0.82695,3.20,7.30
2010.07.06 07:13:53.220,0.82665,0.82695,3.20,3.10
2010.07.06 07:13:53.549,0.82665,0.82695,3.20,1.10
2010.07.06 07:13:54.143,0.8267,0.82695,1.60,1.10
2010.07.06 07:13:54.468,0.82665,0.82695,3.20,1.10
2010.07.06 07:13:56.269,0.8267,0.82695,1.60,1.10
2010.07.06 07:13:56.608,0.8267,0.82695,1.60,2.70
2010.07.06 07:13:56.951,0.8267,0.82695,1.60,1.10
2010.07.06 07:13:57.304,0.82665,0.82695,3.20,2.70
2010.07.06 07:13:57.655,0.82665,0.82695,3.20,1.10
2010.07.06 07:13:58.267,0.82665,0.82695,3.20,4.30
2010.07.06 07:13:59.841,0.82665,0.82695,4.10,4.30
2010.07.06 07:14:00.060,0.82665,0.82695,1.60,2.70
2010.07.06 07:14:00.461,0.82665,0.82695,3.20,2.70
2010.07.06 07:14:00.698,0.82665,0.82695,3.20,4.30
2010.07.06 07:14:02.006,0.82665,0.82695,3.20,2.70
2010.07.06 07:14:02.350,0.82665,0.82695,3.20,1.10
2010.07.06 07:14:02.690,0.8267,0.82695,1.60,1.00
2010.07.06 07:14:03.029,0.8267,0.82695,3.20,1.90
2010.07.06 07:14:03.373,0.8267,0.82695,3.20,1.00
2010.07.06 07:14:03.963,0.8267,0.82695,2.40,1.90
2010.07.06 07:14:04.201,0.8267,0.82695,1.60,2.70
2010.07.06 07:14:04.758,0.8268,0.82705,1.00,1.10
2010.07.06 07:14:05.101,0.8268,0.82705,2.40,1.10
2010.07.06 07:14:05.783,0.8268,0.82705,1.00,1.10
2010.07.06 07:14:10.097,0.8268,0.82705,2.40,1.10
2010.07.06 07:14:10.416,0.8268,0.82705,1.00,1.10
2010.07.06 07:14:12.172,0.8268,0.82705,2.40,1.10
2010.07.06 07:14:12.523,0.8268,0.82705,2.40,1.60
2010.07.06 07:14:13.044,0.8268,0.8271,1.00,5.70
2010.07.06 07:14:13.393,0.8268,0.82705,1.00,1.10
2010.07.06 07:14:14.374,0.82675,0.827,1.00,1.10
2010.07.06 07:14:14.658,0.8267,0.82695,1.60,1.00
2010.07.06 07:14:18.031,0.82675,0.82705,1.60,2.70
2010.07.06 07:14:18.798,0.82675,0.82705,3.20,1.10
2010.07.06 07:14:19.139,0.8268,0.82705,1.00,1.10
2010.07.06 07:14:20.380,0.8267,0.827,1.60,3.10
2010.07.06 07:14:20.648,0.8267,0.82695,1.00,1.00
2010.07.06 07:14:20.919,0.8267,0.82695,1.00,1.10
2010.07.06 07:14:24.172,0.82665,0.8269,2.40,1.00
2010.07.06 07:14:24.492,0.82665,0.8269,1.60,2.70
2010.07.06 07:14:24.626,0.82665,0.82685,1.60,1.10
2010.07.06 07:14:24.910,0.82665,0.82685,1.60,3.60
2010.07.06 07:14:25.254,0.82645,0.8267,3.20,1.00
2010.07.06 07:14:27.591,0.8265,0.8267,1.60,1.00
2010.07.06 07:14:27.892,0.82645,0.8267,3.20,1.00
2010.07.06 07:14:35.787,0.82645,0.8267,2.40,1.00
2010.07.06 07:14:36.129,0.82645,0.8267,1.60,1.10
2010.07.06 07:14:37.250,0.8264,0.82665,2.40,1.00
2010.07.06 07:14:37.591,0.82635,0.8266,3.20,1.00
2010.07.06 07:14:37.932,0.82645,0.8267,4.10,1.10
2010.07.06 07:14:38.260,0.8264,0.8267,3.20,1.10
2010.07.06 07:14:38.923,0.8264,0.82665,2.40,1.10
2010.07.06 07:14:39.616,0.8264,0.82665,2.40,1.00
2010.07.06 07:14:39.963,0.82655,0.82675,1.60,1.10
2010.07.06 07:14:40.456,0.82645,0.82675,3.20,1.10
2010.07.06 07:14:42.107,0.8265,0.82675,1.60,1.10
2010.07.06 07:14:43.167,0.82645,0.82675,3.20,1.10
2010.07.06 07:14:44.462,0.8265,0.82675,1.60,1.10
2010.07.06 07:14:44.732,0.8265,0.82675,3.20,1.00
2010.07.06 07:14:45.046,0.82655,0.82675,1.60,1.00
2010.07.06 07:14:46.001,0.82655,0.8268,3.20,1.10
2010.07.06 07:14:48.749,0.8266,0.8268,1.60,1.10
2010.07.06 07:14:49.026,0.82655,0.8268,5.70,1.10
2010.07.06 07:14:49.443,0.82655,0.8268,3.20,1.10
2010.07.06 07:14:49.709,0.8266,0.8268,1.60,1.10
2010.07.06 07:14:50.888,0.82655,0.8268,3.20,1.10
2010.07.06 07:14:51.228,0.8266,0.8268,1.60,1.10
2010.07.06 07:14:52.868,0.8266,0.82685,1.60,1.10
2010.07.06 07:14:54.708,0.8266,0.8269,3.20,4.30
2010.07.06 07:14:54.906,0.82665,0.8269,1.60,4.30
2010.07.06 07:14:55.108,0.8266,0.8269,4.00,1.10
2010.07.06 07:14:55.468,0.8266,0.8269,6.60,1.10
2010.07.06 07:14:55.671,0.82665,0.8269,7.80,1.10
2010.07.06 07:14:56.012,0.82665,0.8269,5.70,1.10
2010.07.06 07:14:56.468,0.82665,0.8269,3.20,1.10
2010.07.06 07:14:56.809,0.82665,0.82685,1.60,1.00
2010.07.06 07:14:59.079,0.8267,0.827,2.40,2.70
2010.07.06 07:14:59.167,0.82675,0.827,3.20,1.00
2010.07.06 07:15:00.366,0.8268,0.82705,1.00,4.30
2010.07.06 07:15:01.055,0.82685,0.8271,1.60,1.10
2010.07.06 07:15:01.399,0.8268,0.8271,3.20,2.70
2010.07.06 07:15:01.741,0.8268,0.8271,3.20,1.10
2010.07.06 07:15:02.078,0.8268,0.8271,3.20,7.30
2010.07.06 07:15:02.476,0.8268,0.82705,2.40,1.10
2010.07.06 07:15:03.488,0.8268,0.82705,1.00,1.10
2010.07.06 07:15:04.111,0.8268,0.82705,1.00,4.10
2010.07.06 07:15:04.406,0.8268,0.82705,1.00,1.10
2010.07.06 07:15:05.311,0.8268,0.82705,1.00,2.70
2010.07.06 07:15:05.648,0.82685,0.8271,1.00,1.50
2010.07.06 07:15:05.987,0.82685,0.8271,1.00,1.10
2010.07.06 07:15:07.571,0.82685,0.82715,1.60,1.10
2010.07.06 07:15:11.347,0.8269,0.82715,1.60,1.00
2010.07.06 07:15:13.221,0.82685,0.8271,1.60,1.60
2010.07.06 07:15:13.579,0.82685,0.8271,1.00,1.60
2010.07.06 07:15:13.920,0.8268,0.82705,3.20,3.30
2010.07.06 07:15:14.258,0.8268,0.82705,1.60,3.30
2010.07.06 07:15:14.599,0.8268,0.82705,1.60,4.90
2010.07.06 07:15:14.942,0.8268,0.82705,1.00,4.90
2010.07.06 07:15:15.492,0.8268,0.82705,1.60,5.70
2010.07.06 07:15:15.778,0.82675,0.82705,4.80,2.70
2010.07.06 07:15:16.977,0.82675,0.82705,4.80,5.20
2010.07.06 07:15:17.321,0.82675,0.827,3.20,2.70
2010.07.06 07:15:24.383,0.82675,0.827,1.60,3.10
2010.07.06 07:15:24.708,0.82675,0.82695,2.40,1.00
2010.07.06 07:15:24.877,0.82675,0.827,1.60,1.90
2010.07.06 07:15:25.046,0.82675,0.827,3.20,1.90
2010.07.06 07:15:27.031,0.82675,0.827,3.20,1.00
2010.07.06 07:15:27.380,0.8268,0.82705,1.00,3.50
2010.07.06 07:15:27.720,0.8268,0.82705,1.00,2.70
2010.07.06 07:15:29.270,0.8268,0.82705,3.20,1.60
2010.07.06 07:15:30.467,0.8268,0.82705,1.60,1.60
2010.07.06 07:15:31.368,0.8268,0.8271,3.20,7.70
2010.07.06 07:15:33.036,0.8268,0.82705,3.20,1.60
2010.07.06 07:15:35.474,0.82685,0.8271,1.60,3.50
2010.07.06 07:15:35.613,0.82685,0.8271,3.20,3.50
2010.07.06 07:15:35.961,0.82685,0.8271,3.20,1.10
2010.07.06 07:15:38.199,0.82685,0.8271,3.20,2.70
2010.07.06 07:15:39.280,0.82685,0.8271,3.20,1.60
2010.07.06 07:15:39.547,0.8269,0.82715,1.00,2.70
2010.07.06 07:15:40.209,0.8269,0.82715,1.60,1.00
2010.07.06 07:15:41.886,0.8269,0.82715,3.20,1.00
2010.07.06 07:15:43.597,0.8269,0.82715,1.60,1.00
2010.07.06 07:15:45.246,0.8269,0.82715,3.20,1.00
2010.07.06 07:15:46.275,0.8269,0.82715,1.60,1.00
2010.07.06 07:15:46.796,0.8269,0.82715,1.60,1.90
2010.07.06 07:15:49.219,0.8269,0.82715,1.60,1.00
2010.07.06 07:15:50.687,0.8269,0.82715,1.60,1.90
2010.07.06 07:15:54.326,0.82685,0.82715,3.20,3.50
2010.07.06 07:15:55.890,0.82685,0.8271,3.20,2.70
2010.07.06 07:15:56.749,0.82685,0.8271,1.60,2.70
2010.07.06 07:15:57.089,0.8268,0.82705,3.20,3.50
2010.07.06 07:15:59.494,0.8268,0.82705,1.60,3.50
2010.07.06 07:16:02.175,0.8268,0.82705,3.20,3.50
2010.07.06 07:16:02.889,0.8268,0.82705,3.20,1.90
2010.07.06 07:16:03.413,0.8268,0.82705,1.60,2.70
2010.07.06 07:16:03.770,0.82675,0.827,2.40,1.10
2010.07.06 07:16:04.111,0.82675,0.827,1.00,2.70
2010.07.06 07:16:05.348,0.82675,0.827,2.40,2.70
2010.07.06 07:16:05.931,0.82675,0.82705,3.20,3.10
2010.07.06 07:16:06.269,0.8268,0.82705,3.20,1.10
2010.07.06 07:16:06.615,0.8268,0.8271,3.20,1.10
2010.07.06 07:16:06.963,0.82685,0.82715,1.60,3.10
2010.07.06 07:16:07.307,0.82685,0.82715,3.20,3.10
2010.07.06 07:16:11.062,0.82685,0.8271,3.20,1.60
2010.07.06 07:16:13.065,0.82685,0.82715,3.20,3.10
2010.07.06 07:16:17.576,0.82685,0.82715,3.20,2.70
2010.07.06 07:16:18.137,0.8269,0.82715,1.00,4.30
2010.07.06 07:16:18.429,0.8269,0.82715,1.00,1.10
2010.07.06 07:16:21.921,0.8269,0.82715,2.40,1.10
2010.07.06 07:16:24.777,0.8269,0.82715,2.40,2.70
2010.07.06 07:16:25.884,0.8269,0.82715,2.40,3.10
2010.07.06 07:16:26.141,0.82685,0.8271,3.20,1.00
2010.07.06 07:16:31.380,0.82685,0.8271,3.20,2.30
2010.07.06 07:16:31.722,0.8268,0.82705,3.20,1.00
2010.07.06 07:16:32.940,0.8268,0.82705,1.60,1.00
2010.07.06 07:16:34.120,0.8268,0.82705,3.20,1.00
2010.07.06 07:16:34.504,0.82685,0.82705,1.60,1.00
2010.07.06 07:16:34.694,0.82685,0.82705,1.00,1.00
2010.07.06 07:16:35.456,0.82685,0.8271,1.60,1.10
2010.07.06 07:16:37.967,0.82685,0.8271,3.20,1.10
2010.07.06 07:16:39.214,0.82685,0.8271,4.80,2.70
2010.07.06 07:16:40.049,0.82685,0.8271,3.20,2.70
2010.07.06 07:16:40.317,0.8269,0.8271,1.60,2.70
2010.07.06 07:16:40.873,0.8269,0.8271,1.60,1.10
2010.07.06 07:16:41.171,0.8269,0.8271,1.60,1.50
2010.07.06 07:16:41.461,0.8269,0.8271,1.60,1.10
2010.07.06 07:16:41.752,0.8269,0.82715,1.60,2.70
2010.07.06 07:16:42.854,0.82685,0.82715,3.20,4.30
2010.07.06 07:16:43.221,0.8269,0.82715,1.60,4.30
2010.07.06 07:16:43.742,0.82685,0.82715,3.20,4.30
2010.07.06 07:16:44.431,0.82685,0.8271,3.20,1.60
2010.07.06 07:16:45.650,0.82685,0.82705,1.60,1.60
2010.07.06 07:16:46.419,0.82685,0.8271,3.20,4.70
2010.07.06 07:16:48.132,0.8269,0.8271,1.60,1.10
2010.07.06 07:16:48.483,0.8269,0.82715,1.60,4.70
2010.07.06 07:16:50.163,0.82685,0.82715,3.20,4.70
2010.07.06 07:16:51.512,0.82685,0.82705,1.00,1.60
2010.07.06 07:16:52.422,0.82685,0.82705,2.40,1.60
2010.07.06 07:16:53.470,0.82685,0.8271,3.20,3.90
2010.07.06 07:16:55.991,0.82685,0.8271,3.20,3.50
2010.07.06 07:16:56.337,0.8269,0.8271,1.60,1.90
2010.07.06 07:16:56.574,0.8269,0.82715,2.40,4.30
2010.07.06 07:16:56.946,0.82695,0.82715,1.00,2.40
2010.07.06 07:16:57.292,0.82695,0.8272,2.40,1.10
2010.07.06 07:16:57.980,0.82695,0.8272,2.40,2.70
2010.07.06 07:16:58.321,0.827,0.82725,1.60,4.70
2010.07.06 07:17:03.437,0.827,0.82725,3.20,1.00
2010.07.06 07:17:05.449,0.827,0.82725,3.20,3.90
2010.07.06 07:17:05.679,0.827,0.82725,3.20,4.30
2010.07.06 07:17:06.202,0.82695,0.82725,3.20,5.10
2010.07.06 07:17:06.770,0.82695,0.8272,3.20,1.60
2010.07.06 07:17:07.663,0.82695,0.8272,3.20,2.70
2010.07.06 07:17:08.009,0.827,0.82725,1.00,2.70
2010.07.06 07:17:12.137,0.827,0.82725,2.40,2.70
2010.07.06 07:17:12.347,0.827,0.82725,2.40,1.10
2010.07.06 07:17:12.847,0.827,0.8273,3.20,3.10
2010.07.06 07:17:13.866,0.82705,0.8273,1.60,1.50
2010.07.06 07:17:14.712,0.8271,0.8273,1.60,1.00
2010.07.06 07:17:14.972,0.82705,0.8273,3.20,1.00
2010.07.06 07:17:15.200,0.82705,0.8273,1.60,1.10
2010.07.06 07:17:15.714,0.827,0.8273,3.20,1.10
2010.07.06 07:17:15.941,0.827,0.8272,2.40,2.40
2010.07.06 07:17:16.283,0.827,0.8272,1.00,2.40
2010.07.06 07:17:16.938,0.827,0.8272,1.00,1.00
2010.07.06 07:17:19.606,0.827,0.82725,1.00,2.70
2010.07.06 07:17:20.172,0.827,0.82725,1.60,1.00
2010.07.06 07:17:20.402,0.827,0.82725,3.20,1.00
2010.07.06 07:17:23.747,0.82705,0.82725,1.60,1.00
2010.07.06 07:17:24.163,0.827,0.82725,3.20,1.00
2010.07.06 07:17:25.768,0.82705,0.8273,3.20,1.10
2010.07.06 07:17:25.973,0.8271,0.82735,1.60,1.10
2010.07.06 07:17:26.173,0.8271,0.82735,3.20,1.10
2010.07.06 07:17:26.765,0.8271,0.82735,1.60,1.10
2010.07.06 07:17:27.110,0.8271,0.82735,1.60,5.10
2010.07.06 07:17:27.735,0.82705,0.8273,3.20,1.10
2010.07.06 07:17:30.602,0.82705,0.8273,3.20,1.50
2010.07.06 07:17:31.126,0.827,0.82725,2.40,3.00
2010.07.06 07:17:31.385,0.827,0.82725,2.40,7.30
2010.07.06 07:17:32.763,0.827,0.82725,2.40,1.10
2010.07.06 07:17:33.106,0.827,0.82725,1.00,1.10
2010.07.06 07:17:34.581,0.827,0.82725,2.40,1.10
2010.07.06 07:17:34.708,0.827,0.82725,1.00,2.70
2010.07.06 07:17:39.578,0.827,0.82725,1.00,4.70
2010.07.06 07:17:39.768,0.82695,0.82725,3.20,7.30
2010.07.06 07:17:40.447,0.82695,0.82725,3.20,2.70
2010.07.06 07:17:40.641,0.827,0.82725,1.00,2.70
2010.07.06 07:17:46.578,0.827,0.82725,1.60,1.10
2010.07.06 07:17:46.871,0.827,0.8273,3.20,3.10
2010.07.06 07:17:47.513,0.82705,0.82725,1.60,2.00
2010.07.06 07:17:47.851,0.82695,0.82725,3.20,4.70
2010.07.06 07:17:51.709,0.827,0.82725,1.60,1.50
2010.07.06 07:17:52.228,0.827,0.82725,1.60,1.10
2010.07.06 07:17:52.573,0.827,0.82725,1.60,2.70
2010.07.06 07:17:57.370,0.8271,0.82725,1.00,1.00
2010.07.06 07:17:57.643,0.82715,0.82735,1.60,1.10
2010.07.06 07:17:58.232,0.8271,0.82735,1.00,1.10
2010.07.06 07:18:02.780,0.8271,0.82735,2.40,1.10
2010.07.06 07:18:03.461,0.8271,0.82735,1.00,1.10
2010.07.06 07:18:04.813,0.8271,0.82735,2.40,1.10
2010.07.06 07:18:05.979,0.8271,0.82735,2.40,1.00
2010.07.06 07:18:08.511,0.8271,0.82735,3.60,1.00
2010.07.06 07:18:10.601,0.82715,0.82735,1.60,1.00
2010.07.06 07:18:11.863,0.82705,0.8273,1.60,1.10
2010.07.06 07:18:12.828,0.82705,0.8273,1.60,2.70
2010.07.06 07:18:14.230,0.82705,0.8273,1.60,1.10
2010.07.06 07:18:14.549,0.827,0.8273,3.20,2.70
2010.07.06 07:18:14.799,0.82705,0.8273,1.60,1.10
2010.07.06 07:18:15.050,0.827,0.8273,3.20,1.10
2010.07.06 07:18:15.648,0.827,0.8273,3.20,4.10
2010.07.06 07:18:15.993,0.82705,0.8273,3.20,1.10
2010.07.06 07:18:16.634,0.8271,0.8273,1.60,1.10
2010.07.06 07:18:17.662,0.82705,0.8273,3.20,1.10
2010.07.06 07:18:18.001,0.8271,0.8273,1.60,1.10
2010.07.06 07:18:18.902,0.8271,0.82735,1.60,1.10
2010.07.06 07:18:19.459,0.82715,0.82735,1.60,1.10
2010.07.06 07:18:20.042,0.8271,0.82735,1.60,1.10
2010.07.06 07:18:21.496,0.82715,0.82735,1.60,1.10
2010.07.06 07:18:22.179,0.82715,0.8274,1.60,1.10
2010.07.06 07:18:23.208,0.82715,0.8274,1.60,2.70
2010.07.06 07:18:23.492,0.82715,0.8274,1.60,4.30
2010.07.06 07:18:24.112,0.82715,0.8274,1.60,2.70
2010.07.06 07:18:24.403,0.82715,0.8274,1.60,3.10
2010.07.06 07:18:25.278,0.8271,0.8274,3.20,1.10
2010.07.06 07:18:26.212,0.8271,0.8274,3.20,2.70
2010.07.06 07:18:26.561,0.8271,0.8274,3.20,1.10
2010.07.06 07:18:26.901,0.82715,0.8274,1.60,1.10
2010.07.06 07:18:29.250,0.82715,0.8274,2.40,1.10
2010.07.06 07:18:29.912,0.8272,0.82745,1.60,1.10
2010.07.06 07:18:30.676,0.82735,0.82755,1.60,1.00
2010.07.06 07:18:31.026,0.82735,0.8276,1.60,1.10
2010.07.06 07:18:32.944,0.82735,0.8276,1.60,2.70
2010.07.06 07:18:33.632,0.82735,0.82765,3.20,1.10
2010.07.06 07:18:33.977,0.82735,0.82765,3.20,2.70
2010.07.06 07:18:34.318,0.82735,0.82765,3.20,1.10
2010.07.06 07:18:36.442,0.8274,0.82765,2.40,1.10
2010.07.06 07:18:37.588,0.82745,0.82765,1.60,1.10
2010.07.06 07:18:37.652,0.8274,0.82765,2.40,1.00
2010.07.06 07:18:41.497,0.8274,0.82765,2.40,1.90
2010.07.06 07:18:42.012,0.8274,0.82765,1.60,1.10
2010.07.06 07:18:42.496,0.82745,0.82765,1.60,1.10
2010.07.06 07:18:42.743,0.82745,0.82765,1.60,1.00
2010.07.06 07:18:43.537,0.82735,0.8276,3.20,1.10
2010.07.06 07:18:43.880,0.8274,0.82765,2.40,1.10
2010.07.06 07:18:46.450,0.8274,0.82765,2.40,3.10
2010.07.06 07:18:46.701,0.82735,0.8276,3.20,1.00
2010.07.06 07:18:47.019,0.82735,0.8276,2.40,1.10
2010.07.06 07:18:51.974,0.82735,0.8276,1.00,1.10
2010.07.06 07:18:53.251,0.8274,0.8276,1.60,1.00
2010.07.06 07:18:53.590,0.8274,0.8277,2.40,1.50
2010.07.06 07:18:54.222,0.8274,0.82765,1.00,1.00
2010.07.06 07:18:54.572,0.8274,0.82765,1.00,1.10
2010.07.06 07:18:55.211,0.82745,0.82765,1.60,1.10
2010.07.06 07:18:56.039,0.82745,0.82765,2.40,1.00
2010.07.06 07:18:56.285,0.82755,0.8277,1.00,1.00
2010.07.06 07:18:56.912,0.82755,0.82775,1.60,1.60
2010.07.06 07:18:57.260,0.82755,0.8278,3.20,1.00
2010.07.06 07:18:59.208,0.8276,0.8278,1.60,1.00
2010.07.06 07:19:00.168,0.82755,0.8278,3.20,1.90
2010.07.06 07:19:00.420,0.8275,0.8278,4.80,3.50
2010.07.06 07:19:00.954,0.8275,0.82775,1.00,2.70
2010.07.06 07:19:01.304,0.82765,0.82775,1.60,1.00
2010.07.06 07:19:01.662,0.82765,0.8279,1.60,4.30
2010.07.06 07:19:02.351,0.82765,0.82785,1.60,1.00
2010.07.06 07:19:03.031,0.82765,0.8279,1.60,4.30
2010.07.06 07:19:04.054,0.82765,0.82785,1.60,1.10
2010.07.06 07:19:04.402,0.8277,0.8279,1.60,3.20
2010.07.06 07:19:04.739,0.8277,0.8279,1.60,1.00
2010.07.06 07:19:05.079,0.82775,0.82795,1.60,1.90
2010.07.06 07:19:05.627,0.82775,0.82795,1.60,1.10
2010.07.06 07:19:05.934,0.82775,0.82795,1.60,1.90
2010.07.06 07:19:06.532,0.82775,0.828,1.60,4.30
2010.07.06 07:19:07.009,0.8277,0.82795,4.90,2.40
2010.07.06 07:19:07.305,0.82775,0.828,1.60,4.30
2010.07.06 07:19:07.649,0.82775,0.82795,1.60,2.40
2010.07.06 07:19:07.993,0.82775,0.82795,1.60,1.00
2010.07.06 07:19:08.344,0.82775,0.828,1.60,2.70
2010.07.06 07:19:08.692,0.82775,0.828,2.40,1.00
2010.07.06 07:19:09.044,0.8278,0.82805,1.60,1.90
2010.07.06 07:19:09.393,0.8278,0.82805,2.40,4.30
2010.07.06 07:19:09.982,0.8278,0.82805,1.00,4.30
2010.07.06 07:19:10.332,0.8278,0.82805,2.40,2.70
2010.07.06 07:19:10.682,0.8278,0.82805,2.40,1.10
2010.07.06 07:19:11.375,0.82785,0.82805,1.60,1.10
2010.07.06 07:19:12.690,0.8278,0.82805,3.20,1.10
2010.07.06 07:19:13.031,0.8278,0.82805,3.20,2.70
2010.07.06 07:19:14.049,0.82785,0.82805,1.60,1.90
2010.07.06 07:19:14.391,0.82785,0.82805,1.60,1.60
2010.07.06 07:19:14.720,0.82785,0.82805,1.60,1.00
2010.07.06 07:19:15.024,0.8278,0.82805,3.20,1.00
2010.07.06 07:19:15.330,0.8278,0.8281,3.20,5.10
2010.07.06 07:19:15.921,0.8278,0.8281,3.20,4.30
2010.07.06 07:19:16.258,0.8278,0.82805,3.20,1.00
2010.07.06 07:19:16.589,0.8278,0.82805,3.20,1.60
2010.07.06 07:19:17.180,0.8278,0.82805,3.20,2.40
2010.07.06 07:19:17.480,0.8278,0.82805,1.60,2.70
2010.07.06 07:19:17.783,0.8278,0.82805,1.60,4.30
2010.07.06 07:19:18.799,0.8278,0.82805,1.60,2.70
2010.07.06 07:19:19.013,0.8278,0.82805,1.60,4.30
2010.07.06 07:19:19.438,0.82775,0.82805,3.20,4.30
2010.07.06 07:19:19.950,0.8278,0.82805,1.60,4.30
2010.07.06 07:19:21.586,0.82775,0.82805,3.20,4.30
2010.07.06 07:19:22.475,0.8278,0.82805,1.60,3.50
2010.07.06 07:19:22.824,0.8278,0.82805,3.20,1.00
2010.07.06 07:19:23.888,0.8278,0.82805,1.60,1.00
2010.07.06 07:19:24.237,0.8278,0.82805,3.20,1.00
2010.07.06 07:19:24.458,0.8278,0.82805,4.80,1.00
2010.07.06 07:19:24.957,0.82785,0.8281,3.20,1.00
2010.07.06 07:19:25.200,0.8279,0.8281,1.60,1.00
2010.07.06 07:19:25.425,0.8279,0.82815,1.60,4.30
2010.07.06 07:19:25.777,0.82795,0.82815,1.60,1.60
2010.07.06 07:19:26.124,0.82795,0.8282,2.40,1.90
2010.07.06 07:19:26.752,0.828,0.82825,1.60,2.70
2010.07.06 07:19:27.104,0.82805,0.8283,1.60,1.10
2010.07.06 07:19:28.072,0.82805,0.8283,2.40,1.10
2010.07.06 07:19:30.228,0.82805,0.8283,1.00,2.70
2010.07.06 07:19:30.401,0.82805,0.8283,2.40,2.70
2010.07.06 07:19:30.911,0.828,0.8283,3.20,2.70
2010.07.06 07:19:31.255,0.828,0.82825,1.60,2.70
2010.07.06 07:19:31.901,0.8279,0.8282,3.20,7.30
2010.07.06 07:19:32.240,0.8279,0.82815,3.20,2.70
2010.07.06 07:19:32.578,0.8279,0.82815,3.20,1.90
2010.07.06 07:19:32.929,0.8279,0.82815,3.20,2.70
2010.07.06 07:19:34.246,0.8279,0.82815,2.40,2.70
2010.07.06 07:19:34.595,0.82785,0.8281,3.20,1.10
2010.07.06 07:19:34.999,0.82785,0.8281,3.20,1.90
2010.07.06 07:19:35.540,0.82785,0.8281,1.60,1.10
2010.07.06 07:19:39.101,0.82785,0.8281,3.20,1.10
2010.07.06 07:19:40.757,0.82795,0.8281,1.60,1.10
2010.07.06 07:19:41.027,0.82795,0.82815,1.60,1.10
2010.07.06 07:19:41.848,0.82795,0.82815,3.20,1.00
2010.07.06 07:19:42.202,0.82795,0.8282,2.40,1.10
2010.07.06 07:19:42.842,0.82795,0.82825,6.60,1.10
2010.07.06 07:19:43.211,0.828,0.82825,1.60,2.70
2010.07.06 07:19:43.793,0.82795,0.82825,6.60,2.70
2010.07.06 07:19:44.147,0.828,0.82825,3.20,1.10
2010.07.06 07:19:44.493,0.828,0.8283,4.80,3.10
2010.07.06 07:19:44.841,0.82805,0.8283,1.60,2.70
2010.07.06 07:19:45.187,0.82805,0.82835,3.20,2.70
2010.07.06 07:19:46.414,0.8281,0.82835,2.40,2.70
2010.07.06 07:19:47.840,0.8281,0.82835,1.00,2.70
2010.07.06 07:19:48.809,0.8281,0.82835,1.00,1.10
2010.07.06 07:19:49.150,0.8281,0.82835,2.40,1.10
2010.07.06 07:19:49.499,0.82805,0.8283,3.20,1.00
2010.07.06 07:19:50.131,0.82805,0.8283,1.60,1.00
2010.07.06 07:19:53.984,0.828,0.8283,1.60,2.70
2010.07.06 07:19:54.280,0.828,0.8283,1.00,2.70
2010.07.06 07:19:54.833,0.828,0.8283,1.00,3.90
2010.07.06 07:19:55.175,0.82795,0.82825,3.60,2.70
2010.07.06 07:19:55.518,0.828,0.8282,1.60,1.00
2010.07.06 07:19:55.869,0.82795,0.8282,1.60,2.70
2010.07.06 07:19:58.191,0.828,0.8282,1.60,1.60
2010.07.06 07:19:58.711,0.82795,0.82815,1.60,2.50
2010.07.06 07:19:58.967,0.8279,0.8282,4.00,2.70
2010.07.06 07:19:59.313,0.8279,0.8282,3.20,2.70
2010.07.06 07:20:01.580,0.8279,0.8282,1.60,2.70
2010.07.06 07:20:02.772,0.8279,0.8282,3.20,2.70
2010.07.06 07:20:03.120,0.82795,0.8282,1.60,1.10
2010.07.06 07:20:04.483,0.82795,0.8282,4.10,1.10
2010.07.06 07:20:05.033,0.828,0.82825,1.60,1.10
2010.07.06 07:20:05.290,0.828,0.82825,1.00,1.10
2010.07.06 07:20:05.798,0.828,0.82825,2.40,1.10
2010.07.06 07:20:07.469,0.828,0.82825,1.00,1.10
2010.07.06 07:20:07.772,0.828,0.82825,2.40,1.10
2010.07.06 07:20:08.121,0.828,0.82825,1.00,2.70
2010.07.06 07:20:08.800,0.828,0.82825,2.40,1.10
2010.07.06 07:20:09.143,0.82795,0.82825,3.20,1.50
2010.07.06 07:20:09.730,0.82795,0.82825,3.20,5.60
2010.07.06 07:20:10.075,0.82795,0.8282,3.20,1.10
2010.07.06 07:20:10.629,0.82795,0.8282,1.60,1.10
2010.07.06 07:20:11.352,0.8279,0.8282,8.20,2.70
2010.07.06 07:20:11.943,0.8279,0.8282,7.30,2.70
2010.07.06 07:20:12.516,0.8279,0.8282,3.20,2.70
2010.07.06 07:20:15.574,0.82795,0.8282,1.60,2.70
2010.07.06 07:20:15.928,0.8279,0.8282,3.20,3.10
2010.07.06 07:20:16.954,0.8279,0.82815,2.40,1.00
2010.07.06 07:20:17.302,0.82785,0.8281,4.00,2.70
2010.07.06 07:20:17.871,0.82785,0.8281,3.20,2.70
2010.07.06 07:20:18.214,0.82785,0.82815,3.60,1.10
2010.07.06 07:20:19.043,0.8279,0.82815,3.60,1.10
2010.07.06 07:20:19.394,0.8279,0.82815,5.00,1.10
2010.07.06 07:20:19.743,0.8279,0.82815,6.60,1.00
2010.07.06 07:20:20.092,0.8279,0.82815,1.60,1.00
2010.07.06 07:20:21.723,0.82795,0.82815,1.60,1.00
2010.07.06 07:20:22.051,0.82795,0.8282,1.60,1.10
2010.07.06 07:20:25.381,0.82795,0.8282,3.20,1.10
2010.07.06 07:20:26.361,0.828,0.82825,1.60,1.00
2010.07.06 07:20:26.675,0.82805,0.8283,2.40,2.70
2010.07.06 07:20:26.983,0.82805,0.8283,2.40,1.10
2010.07.06 07:20:30.078,0.8281,0.8283,1.60,1.10
2010.07.06 07:20:30.673,0.82805,0.8283,7.80,1.00
2010.07.06 07:20:31.024,0.82815,0.82835,3.00,1.60
2010.07.06 07:20:31.373,0.82815,0.82835,1.60,1.60
2010.07.06 07:20:31.724,0.82815,0.82835,1.60,1.10
2010.07.06 07:20:32.412,0.8281,0.82835,2.40,2.70
2010.07.06 07:20:32.764,0.8281,0.82835,1.60,2.70
2010.07.06 07:20:33.291,0.82805,0.82835,3.20,2.70
2010.07.06 07:20:33.635,0.82805,0.8283,2.40,1.10
2010.07.06 07:20:36.829,0.82805,0.8283,2.40,3.10
2010.07.06 07:20:37.790,0.82805,0.8283,2.40,2.70
2010.07.06 07:20:38.133,0.82805,0.8283,2.40,1.00
2010.07.06 07:20:38.478,0.82805,0.8283,2.40,1.10
2010.07.06 07:20:38.819,0.82805,0.8283,1.00,1.10
2010.07.06 07:20:39.502,0.82805,0.8283,2.40,3.50
2010.07.06 07:20:41.563,0.82805,0.8283,2.40,1.10
2010.07.06 07:20:42.040,0.8281,0.82835,1.00,2.70
2010.07.06 07:20:43.371,0.8281,0.82835,1.00,1.00
2010.07.06 07:20:44.072,0.82805,0.82835,3.20,2.30
2010.07.06 07:20:44.715,0.828,0.82835,3.20,3.10
2010.07.06 07:20:45.019,0.828,0.8283,3.20,1.10
2010.07.06 07:20:45.632,0.82805,0.8283,1.60,1.10
2010.07.06 07:20:46.900,0.828,0.8283,3.20,1.10
2010.07.06 07:20:47.621,0.82805,0.8283,1.60,1.10
2010.07.06 07:20:48.641,0.82805,0.8283,1.60,3.50
2010.07.06 07:20:49.312,0.82805,0.8283,1.60,1.10
2010.07.06 07:20:49.651,0.82805,0.8283,1.60,3.50
2010.07.06 07:20:49.984,0.82805,0.82825,1.60,1.10
2010.07.06 07:20:55.148,0.82805,0.8283,1.60,1.10
2010.07.06 07:20:55.641,0.82805,0.8283,1.60,1.90
2010.07.06 07:20:56.841,0.82805,0.8283,1.60,3.50
2010.07.06 07:21:01.049,0.82805,0.8283,1.60,1.90
2010.07.06 07:21:02.193,0.8281,0.8283,1.60,1.10
2010.07.06 07:21:02.556,0.82805,0.8283,3.20,1.10
2010.07.06 07:21:02.900,0.8281,0.82835,3.20,1.90
2010.07.06 07:21:03.239,0.8281,0.82835,3.20,1.10
2010.07.06 07:21:03.583,0.82815,0.82835,1.60,1.10
2010.07.06 07:21:03.931,0.82815,0.8284,3.20,1.10
2010.07.06 07:21:04.901,0.8282,0.82845,1.60,1.10
2010.07.06 07:21:05.597,0.8282,0.82845,2.40,1.00
2010.07.06 07:21:05.863,0.82825,0.8285,2.40,2.70
2010.07.06 07:21:06.421,0.82825,0.8285,3.20,1.60
2010.07.06 07:21:06.698,0.82825,0.82855,3.20,5.20
2010.07.06 07:21:07.721,0.82825,0.82855,3.20,3.60
2010.07.06 07:21:08.831,0.82825,0.82855,3.20,5.20
2010.07.06 07:21:09.821,0.8283,0.82855,1.60,3.60
2010.07.06 07:21:10.462,0.82825,0.82855,3.20,1.10
2010.07.06 07:21:10.779,0.8283,0.82855,1.60,1.10
2010.07.06 07:21:11.102,0.8283,0.82855,1.00,1.10
2010.07.06 07:21:11.432,0.8283,0.82855,2.40,1.10
2010.07.06 07:21:13.455,0.82835,0.8286,6.90,1.00
2010.07.06 07:21:14.098,0.82845,0.8287,1.60,2.70
2010.07.06 07:21:15.121,0.82845,0.8287,2.40,1.00
2010.07.06 07:21:15.660,0.82845,0.8287,3.20,1.00
2010.07.06 07:21:16.829,0.82855,0.8287,1.60,1.00
2010.07.06 07:21:17.178,0.8284,0.82865,2.40,1.10
2010.07.06 07:21:17.520,0.82845,0.82865,1.60,1.10
2010.07.06 07:21:17.878,0.8284,0.82865,1.00,1.10
2010.07.06 07:21:18.225,0.82845,0.8287,1.60,1.10
2010.07.06 07:21:22.940,0.8285,0.8287,1.60,1.10
2010.07.06 07:21:23.296,0.82845,0.8287,1.60,1.10
2010.07.06 07:21:24.866,0.82845,0.8287,3.20,1.10
2010.07.06 07:21:25.062,0.82845,0.8287,8.20,1.00
2010.07.06 07:21:25.454,0.82845,0.82875,3.20,1.10
2010.07.06 07:21:25.945,0.8285,0.82875,1.60,1.10
2010.07.06 07:21:26.280,0.8285,0.82875,3.20,1.10
2010.07.06 07:21:27.177,0.8285,0.82875,1.60,2.70
2010.07.06 07:21:27.530,0.82855,0.8288,3.20,2.70
2010.07.06 07:21:28.178,0.82855,0.8288,3.20,1.10
2010.07.06 07:21:29.650,0.8286,0.82885,1.00,3.10
2010.07.06 07:21:29.959,0.8286,0.82885,2.40,3.10
2010.07.06 07:21:30.604,0.8286,0.82885,1.00,3.10
2010.07.06 07:21:30.898,0.8286,0.8288,1.60,1.00
2010.07.06 07:21:31.194,0.82855,0.8288,3.20,1.00
2010.07.06 07:21:32.763,0.8286,0.82885,5.40,1.60
2010.07.06 07:21:33.113,0.8286,0.82885,2.40,3.10
2010.07.06 07:21:34.060,0.8286,0.82885,1.00,3.10
2010.07.06 07:21:34.400,0.82865,0.82885,1.60,1.00
2010.07.06 07:21:34.743,0.8286,0.8289,3.20,3.10
2010.07.06 07:21:35.092,0.8286,0.82885,3.20,1.60
2010.07.06 07:21:35.739,0.82865,0.8289,1.60,3.10
2010.07.06 07:21:37.098,0.82865,0.8289,3.60,1.60
2010.07.06 07:21:37.423,0.8287,0.82895,1.60,4.30
2010.07.06 07:21:37.705,0.82875,0.82895,1.60,1.00
2010.07.06 07:21:38.462,0.8287,0.82895,1.60,1.90
2010.07.06 07:21:38.804,0.8287,0.82895,3.60,1.00
2010.07.06 07:21:39.396,0.82875,0.829,1.60,5.10
2010.07.06 07:21:39.747,0.8287,0.82895,4.40,1.00
2010.07.06 07:21:40.364,0.8287,0.82895,2.40,3.10
2010.07.06 07:21:41.414,0.82875,0.82895,1.60,1.50
2010.07.06 07:21:41.762,0.8287,0.82895,2.40,1.50
2010.07.06 07:21:42.113,0.8288,0.82895,1.60,1.10
2010.07.06 07:21:42.464,0.82875,0.829,5.20,1.00
2010.07.06 07:21:43.077,0.82885,0.829,1.60,1.00
2010.07.06 07:21:43.436,0.8288,0.829,1.60,1.00
2010.07.06 07:21:43.755,0.82875,0.829,2.40,4.70
2010.07.06 07:21:44.359,0.82875,0.829,2.40,1.10
2010.07.06 07:21:44.684,0.82875,0.829,2.40,2.70
2010.07.06 07:21:45.320,0.82875,0.829,2.40,1.90
2010.07.06 07:21:45.667,0.82875,0.82895,1.00,1.60
2010.07.06 07:21:46.015,0.82875,0.829,2.40,1.50
2010.07.06 07:21:46.382,0.82875,0.829,1.00,5.60
2010.07.06 07:21:46.724,0.8287,0.82895,3.20,3.50
2010.07.06 07:21:47.075,0.8287,0.82895,1.60,4.30
2010.07.06 07:21:48.722,0.8287,0.82895,1.60,2.70
2010.07.06 07:21:49.519,0.8287,0.82895,3.20,1.90
2010.07.06 07:21:49.861,0.82875,0.82895,1.60,1.00
2010.07.06 07:21:50.192,0.8287,0.82895,2.40,2.70
2010.07.06 07:21:50.521,0.8287,0.82895,1.60,7.30
2010.07.06 07:21:51.155,0.82865,0.82895,3.20,1.50
2010.07.06 07:21:51.507,0.8287,0.82895,1.60,1.00
2010.07.06 07:21:52.440,0.8287,0.829,1.60,2.70
2010.07.06 07:21:53.118,0.8287,0.82895,1.60,1.60
2010.07.06 07:21:53.495,0.82865,0.82895,2.00,3.50
2010.07.06 07:21:53.845,0.82865,0.8289,1.60,1.60
2010.07.06 07:21:54.508,0.8286,0.8289,3.20,1.60
2010.07.06 07:21:56.771,0.82865,0.82885,1.60,1.60
2010.07.06 07:21:57.115,0.82865,0.8289,1.60,2.40
2010.07.06 07:21:57.463,0.8287,0.8289,1.60,1.00
2010.07.06 07:21:57.812,0.82865,0.8289,1.60,1.00
2010.07.06 07:21:58.161,0.82875,0.8289,1.60,1.00
2010.07.06 07:21:59.093,0.82875,0.8289,1.60,2.40
2010.07.06 07:21:59.451,0.82865,0.8289,3.20,1.60
2010.07.06 07:21:59.793,0.82865,0.82895,3.20,4.90
2010.07.06 07:22:00.368,0.82865,0.8289,3.20,1.60
2010.07.06 07:22:00.615,0.8286,0.8289,1.60,4.60
2010.07.06 07:22:01.053,0.8286,0.8289,1.60,2.00
2010.07.06 07:22:01.397,0.8287,0.82895,1.60,1.60
2010.07.06 07:22:02.353,0.8287,0.82895,1.60,3.20
2010.07.06 07:22:02.706,0.8287,0.82895,1.60,1.60
2010.07.06 07:22:03.355,0.82865,0.82895,2.40,5.70
2010.07.06 07:22:03.701,0.82865,0.82895,2.40,6.20
2010.07.06 07:22:05.402,0.82865,0.8289,1.60,1.60
2010.07.06 07:22:06.042,0.82865,0.82895,1.60,2.70
2010.07.06 07:22:06.300,0.8287,0.829,1.60,1.60
2010.07.06 07:22:06.999,0.82875,0.829,1.60,1.60
2010.07.06 07:22:08.152,0.82865,0.82895,3.20,1.60
2010.07.06 07:22:08.790,0.8287,0.82895,4.10,1.60
2010.07.06 07:22:09.135,0.82885,0.8291,1.60,2.40
2010.07.06 07:22:09.590,0.8288,0.8291,4.60,1.60
2010.07.06 07:22:09.931,0.8288,0.8291,1.60,1.60
2010.07.06 07:22:10.269,0.8288,0.8291,3.20,1.60
2010.07.06 07:22:11.294,0.82885,0.82915,1.60,4.30
2010.07.06 07:22:11.642,0.82885,0.82915,1.60,2.70
2010.07.06 07:22:11.989,0.8288,0.82915,3.20,2.70
2010.07.06 07:22:12.330,0.8288,0.82915,3.20,3.50
2010.07.06 07:22:12.673,0.8288,0.82905,1.60,1.60
2010.07.06 07:22:13.025,0.82875,0.82905,2.40,3.90
2010.07.06 07:22:13.373,0.82875,0.82905,1.60,3.10
2010.07.06 07:22:14.063,0.82875,0.82905,3.20,1.00
2010.07.06 07:22:14.672,0.82875,0.8291,4.00,4.30
2010.07.06 07:22:15.010,0.82875,0.82905,4.00,1.60
2010.07.06 07:22:15.590,0.82875,0.829,3.20,1.60
2010.07.06 07:22:15.937,0.82875,0.829,1.60,2.70
2010.07.06 07:22:16.887,0.82875,0.829,2.40,1.90
2010.07.06 07:22:17.237,0.8287,0.82895,1.60,2.70
2010.07.06 07:22:17.852,0.82865,0.8289,4.40,1.60
2010.07.06 07:22:18.184,0.8287,0.82895,1.60,3.50
2010.07.06 07:22:18.517,0.82865,0.8289,1.60,1.90
2010.07.06 07:22:19.301,0.82865,0.82895,2.80,1.60
2010.07.06 07:22:19.638,0.8287,0.82895,1.00,1.60
2010.07.06 07:22:19.980,0.8287,0.829,2.40,2.70
2010.07.06 07:22:20.320,0.8287,0.829,1.00,2.70
2010.07.06 07:22:21.611,0.82865,0.82895,3.60,1.60
2010.07.06 07:22:21.954,0.8287,0.82895,1.60,1.60
2010.07.06 07:22:22.307,0.82865,0.82895,3.20,1.60
2010.07.06 07:22:22.991,0.82865,0.8289,3.20,1.60
2010.07.06 07:22:23.718,0.82865,0.82895,3.20,1.60
2010.07.06 07:22:24.055,0.8287,0.82895,1.60,1.60
2010.07.06 07:22:24.629,0.8287,0.829,1.60,3.50
2010.07.06 07:22:25.183,0.82875,0.829,1.60,2.70
2010.07.06 07:22:25.676,0.82875,0.829,2.40,1.10
2010.07.06 07:22:26.067,0.82875,0.829,3.20,1.00
2010.07.06 07:22:26.312,0.82875,0.829,3.20,1.60
2010.07.06 07:22:26.552,0.82875,0.82905,3.20,2.40
2010.07.06 07:22:26.890,0.82875,0.82905,3.20,1.60
2010.07.06 07:22:27.391,0.82875,0.829,3.20,1.60
2010.07.06 07:22:27.732,0.82875,0.829,1.60,1.60
2010.07.06 07:22:28.072,0.8287,0.829,1.60,1.60
2010.07.06 07:22:28.428,0.82875,0.829,1.60,1.60
2010.07.06 07:22:29.739,0.82875,0.82905,1.60,1.90
2010.07.06 07:22:30.424,0.82875,0.82905,7.30,2.70
2010.07.06 07:22:30.773,0.82875,0.82905,2.40,7.70
2010.07.06 07:22:31.083,0.82875,0.82905,2.40,3.50
2010.07.06 07:22:31.388,0.82875,0.82905,2.40,4.30
2010.07.06 07:22:31.689,0.82875,0.82905,1.00,4.30
2010.07.06 07:22:32.330,0.82875,0.82905,2.40,3.50
2010.07.06 07:22:32.668,0.8288,0.82905,1.00,2.70
2010.07.06 07:22:33.011,0.82885,0.82915,3.20,1.60
2010.07.06 07:22:34.043,0.82885,0.8291,1.60,1.60
2010.07.06 07:22:34.314,0.8288,0.8291,2.40,1.60
2010.07.06 07:22:34.909,0.8288,0.8291,1.00,9.30
2010.07.06 07:22:35.182,0.82875,0.82905,3.20,1.60
2010.07.06 07:22:35.524,0.82875,0.829,3.20,1.60
2010.07.06 07:22:35.872,0.82875,0.829,2.40,1.60
2010.07.06 07:22:36.212,0.82875,0.829,1.60,1.60
2010.07.06 07:22:36.554,0.8288,0.8291,1.60,6.30
2010.07.06 07:22:36.904,0.82875,0.82905,3.60,1.60
2010.07.06 07:22:37.590,0.8288,0.82905,1.60,1.60
2010.07.06 07:22:38.276,0.82885,0.82905,1.60,1.60
2010.07.06 07:22:38.623,0.8288,0.82905,1.60,1.60
2010.07.06 07:22:39.369,0.8288,0.8291,1.60,6.70
2010.07.06 07:22:39.642,0.8288,0.82905,1.60,1.60
2010.07.06 07:22:40.513,0.82875,0.82905,6.60,2.40
2010.07.06 07:22:40.853,0.82885,0.8291,1.60,2.40
2010.07.06 07:22:41.479,0.82885,0.82915,2.00,5.10
2010.07.06 07:22:41.533,0.82885,0.82915,2.00,2.70
2010.07.06 07:22:41.882,0.82885,0.82915,6.10,1.60
2010.07.06 07:22:42.477,0.8289,0.8292,1.60,1.90
2010.07.06 07:22:42.820,0.8289,0.8292,1.00,1.90
2010.07.06 07:22:43.504,0.8289,0.8292,1.60,2.70
2010.07.06 07:22:43.852,0.8289,0.82915,1.60,1.60
2010.07.06 07:22:44.191,0.8289,0.82915,1.60,4.30
2010.07.06 07:22:44.529,0.82885,0.82915,4.10,4.30
2010.07.06 07:22:46.013,0.82885,0.82915,4.10,3.50
2010.07.06 07:22:46.370,0.8289,0.82915,1.60,3.50
2010.07.06 07:22:46.551,0.82885,0.82915,4.10,2.70
2010.07.06 07:22:47.230,0.82885,0.82915,4.10,4.30
2010.07.06 07:22:47.570,0.82885,0.8291,4.10,2.40
2010.07.06 07:22:48.798,0.82885,0.8291,1.60,1.60
2010.07.06 07:22:49.140,0.82885,0.82905,1.60,1.60
2010.07.06 07:22:50.290,0.82875,0.82905,2.40,1.60
2010.07.06 07:22:50.634,0.82875,0.82905,2.40,2.70
2010.07.06 07:22:50.980,0.82875,0.82905,1.00,1.60
2010.07.06 07:22:51.662,0.82875,0.82905,3.20,1.60
2010.07.06 07:22:52.294,0.82875,0.82905,4.00,1.60
2010.07.06 07:22:52.641,0.8288,0.8291,1.60,4.30
2010.07.06 07:22:52.979,0.8288,0.8291,1.60,2.70
2010.07.06 07:22:54.002,0.82885,0.82915,6.20,1.00
2010.07.06 07:22:54.354,0.8289,0.8292,1.60,2.70
2010.07.06 07:22:54.704,0.8289,0.8292,5.40,1.60
2010.07.06 07:22:55.394,0.82895,0.82925,3.20,1.60
2010.07.06 07:22:55.745,0.82895,0.8293,3.20,7.70
2010.07.06 07:22:56.384,0.82895,0.8292,1.60,1.60
2010.07.06 07:22:56.735,0.8289,0.8292,1.60,1.00
2010.07.06 07:22:57.377,0.8288,0.8291,1.60,1.60
2010.07.06 07:22:57.723,0.8288,0.8291,1.00,1.60
2010.07.06 07:22:58.072,0.8288,0.8291,2.80,1.60
2010.07.06 07:22:58.409,0.82885,0.82915,4.60,3.50
2010.07.06 07:22:58.751,0.82885,0.82915,6.20,2.70
2010.07.06 07:22:59.418,0.82885,0.82915,5.40,1.90
2010.07.06 07:22:59.752,0.82885,0.82915,7.00,2.70
2010.07.06 07:23:00.309,0.82885,0.82915,7.00,3.50
2010.07.06 07:23:00.529,0.82885,0.8291,5.40,1.60
2010.07.06 07:23:01.601,0.82885,0.82915,7.00,1.90
2010.07.06 07:23:02.941,0.82885,0.82915,2.40,1.90
2010.07.06 07:23:03.281,0.82885,0.82915,1.60,4.30
2010.07.06 07:23:04.130,0.8288,0.8291,2.00,2.70
2010.07.06 07:23:04.405,0.8288,0.8291,1.60,3.50
2010.07.06 07:23:06.002,0.8288,0.8291,1.60,4.30
2010.07.06 07:23:06.491,0.8288,0.8291,2.40,3.50
2010.07.06 07:23:06.829,0.8288,0.8291,2.80,1.90
2010.07.06 07:23:08.187,0.8288,0.82905,1.60,1.60
2010.07.06 07:23:08.842,0.82875,0.82905,7.80,1.60
2010.07.06 07:23:09.791,0.8288,0.82905,1.60,1.60
2010.07.06 07:23:10.237,0.82875,0.82905,7.80,1.60
2010.07.06 07:23:12.144,0.8288,0.82905,1.60,1.60
2010.07.06 07:23:12.957,0.82875,0.82905,7.80,1.60
2010.07.06 07:23:13.944,0.82875,0.829,1.60,1.90
2010.07.06 07:23:14.566,0.82875,0.829,1.60,1.10
2010.07.06 07:23:14.914,0.8287,0.829,1.60,2.70
2010.07.06 07:23:16.062,0.8287,0.829,1.60,1.10
2010.07.06 07:23:16.667,0.8286,0.82895,4.80,1.00
2010.07.06 07:23:17.015,0.82865,0.82895,1.60,1.10
2010.07.06 07:23:17.459,0.8286,0.82895,3.20,2.70
2010.07.06 07:23:17.808,0.82865,0.82895,1.60,1.10
2010.07.06 07:23:18.154,0.82865,0.829,2.40,2.70
2010.07.06 07:23:18.500,0.82865,0.829,2.40,1.10
2010.07.06 07:23:18.842,0.82865,0.829,2.40,2.70
2010.07.06 07:23:19.182,0.82865,0.829,2.40,1.10
2010.07.06 07:23:19.521,0.82865,0.829,2.40,2.70
2010.07.06 07:23:19.858,0.82865,0.829,2.40,1.10
2010.07.06 07:23:21.252,0.8287,0.829,4.40,1.00
2010.07.06 07:23:21.540,0.8287,0.829,2.40,1.00
2010.07.06 07:23:22.474,0.82875,0.829,1.60,1.00
2010.07.06 07:23:23.791,0.8288,0.8291,5.70,1.90
2010.07.06 07:23:24.130,0.8288,0.8291,6.20,1.00
2010.07.06 07:23:24.472,0.82885,0.8291,1.60,1.00
2010.07.06 07:23:26.024,0.8288,0.8291,6.20,1.00
2010.07.06 07:23:28.407,0.82885,0.8291,1.60,1.00
2010.07.06 07:23:29.189,0.82885,0.82915,1.60,2.70
2010.07.06 07:23:30.059,0.82885,0.82915,4.60,2.70
2010.07.06 07:23:30.391,0.82885,0.82915,1.60,2.70
2010.07.06 07:23:30.729,0.82885,0.82915,4.60,1.90
2010.07.06 07:23:31.072,0.82885,0.82915,5.40,1.00
2010.07.06 07:23:33.749,0.82885,0.82915,1.60,1.90
2010.07.06 07:23:34.098,0.82885,0.82915,1.60,4.30
2010.07.06 07:23:37.754,0.82885,0.82915,5.40,1.60
2010.07.06 07:23:38.064,0.82885,0.8292,5.40,2.70
2010.07.06 07:23:39.688,0.82885,0.8292,4.90,3.90
2010.07.06 07:23:40.033,0.82885,0.8292,5.40,3.90
2010.07.06 07:23:40.179,0.82885,0.8292,5.40,3.10
2010.07.06 07:23:43.742,0.8289,0.8292,1.60,1.50
2010.07.06 07:23:44.080,0.82885,0.82915,4.60,1.10
2010.07.06 07:23:44.423,0.82885,0.82915,5.40,1.00
2010.07.06 07:23:44.773,0.82885,0.82915,6.20,1.00
2010.07.06 07:23:45.737,0.82885,0.82915,2.40,3.10
2010.07.06 07:23:46.083,0.8289,0.8292,1.60,5.10
2010.07.06 07:23:46.419,0.8289,0.8292,1.60,2.70
2010.07.06 07:23:47.452,0.8289,0.8292,1.60,1.10
2010.07.06 07:23:47.739,0.82895,0.8292,1.60,1.10
2010.07.06 07:23:49.685,0.8289,0.8292,1.60,1.10
2010.07.06 07:23:49.910,0.82885,0.8292,6.20,1.10
2010.07.06 07:23:50.671,0.8289,0.82925,7.00,4.70
2010.07.06 07:23:52.418,0.82895,0.82925,1.60,3.90
2010.07.06 07:23:53.668,0.82895,0.82925,1.60,4.70
2010.07.06 07:23:54.967,0.82895,0.82925,1.60,3.90
2010.07.06 07:23:55.280,0.82895,0.82925,1.60,4.70
2010.07.06 07:23:55.517,0.82895,0.8292,1.60,2.80
2010.07.06 07:23:55.860,0.8289,0.8292,2.40,2.80
2010.07.06 07:23:56.104,0.82885,0.82915,2.40,2.00
2010.07.06 07:23:56.345,0.82885,0.8291,1.60,1.00
2010.07.06 07:24:00.683,0.82895,0.82915,1.60,1.10
2010.07.06 07:24:01.277,0.8289,0.82915,1.60,2.00
2010.07.06 07:24:01.565,0.82885,0.8292,4.90,4.70
2010.07.06 07:24:01.852,0.82885,0.82915,4.60,2.70
2010.07.06 07:24:02.201,0.82885,0.82915,1.60,7.20
2010.07.06 07:24:02.883,0.82885,0.82915,2.00,6.80
2010.07.06 07:24:03.526,0.82885,0.82915,5.40,1.10
2010.07.06 07:24:04.138,0.82885,0.8292,5.40,2.70
2010.07.06 07:24:04.409,0.82885,0.8292,5.40,3.50
2010.07.06 07:24:04.986,0.8289,0.8292,1.60,4.30
2010.07.06 07:24:05.251,0.82895,0.8292,1.60,2.70
2010.07.06 07:24:05.520,0.8289,0.82915,1.60,1.60
2010.07.06 07:24:06.632,0.8289,0.8292,1.60,9.60
2010.07.06 07:24:07.601,0.82885,0.82915,1.60,1.60
2010.07.06 07:24:08.539,0.82895,0.8292,1.60,3.50
2010.07.06 07:24:08.799,0.82895,0.8292,1.60,1.00
2010.07.06 07:24:09.374,0.82895,0.82925,1.60,6.00
2010.07.06 07:24:13.044,0.82885,0.8291,1.60,1.90
2010.07.06 07:24:14.041,0.82885,0.8291,1.60,1.00
2010.07.06 07:24:14.383,0.82885,0.8291,4.80,1.00
2010.07.06 07:24:15.329,0.82885,0.8291,4.80,2.40
2010.07.06 07:24:16.710,0.82885,0.82905,2.40,6.90
2010.07.06 07:24:17.052,0.8287,0.829,3.20,7.30
2010.07.06 07:24:17.402,0.8287,0.829,2.40,5.20
2010.07.06 07:24:17.741,0.8287,0.829,2.40,2.70
2010.07.06 07:24:18.081,0.8287,0.829,2.40,1.10
2010.07.06 07:24:18.771,0.8287,0.829,1.00,2.70
2010.07.06 07:24:19.113,0.8286,0.82895,3.20,1.10
2010.07.06 07:24:19.464,0.82865,0.82895,1.60,1.10
2010.07.06 07:24:19.814,0.82865,0.82895,2.40,1.00
2010.07.06 07:24:20.163,0.82865,0.829,3.20,2.70
2010.07.06 07:24:21.476,0.82865,0.829,4.80,2.70
2010.07.06 07:24:22.160,0.82865,0.829,3.20,2.70
2010.07.06 07:24:23.082,0.82865,0.829,4.00,7.30
2010.07.06 07:24:23.422,0.82865,0.82895,4.80,1.60
2010.07.06 07:24:23.760,0.82865,0.82895,4.00,1.60
2010.07.06 07:24:24.100,0.82865,0.82895,3.20,1.60
2010.07.06 07:24:24.741,0.82865,0.82895,4.00,1.00
2010.07.06 07:24:25.095,0.8286,0.8289,2.40,1.60
2010.07.06 07:24:25.448,0.8286,0.82885,1.00,1.60
2010.07.06 07:24:26.816,0.8286,0.82885,2.40,1.60
2010.07.06 07:24:27.164,0.82865,0.8289,1.60,1.00
2010.07.06 07:24:27.695,0.8286,0.8289,4.80,1.60
2010.07.06 07:24:28.042,0.8286,0.8289,3.20,1.60
2010.07.06 07:24:28.683,0.8286,0.8289,1.60,1.60
2010.07.06 07:24:29.034,0.82855,0.82885,8.20,1.60
2010.07.06 07:24:29.385,0.82855,0.82885,1.00,3.60
2010.07.06 07:24:29.734,0.82855,0.8288,1.60,1.90
2010.07.06 07:24:30.063,0.8285,0.8288,2.40,1.90
2010.07.06 07:24:35.642,0.82855,0.8288,1.60,1.90
2010.07.06 07:24:36.952,0.82855,0.8287,1.60,1.60
2010.07.06 07:24:37.597,0.82845,0.8287,1.60,7.20
2010.07.06 07:24:37.950,0.8284,0.8287,1.60,3.50
2010.07.06 07:24:38.912,0.82845,0.82875,2.40,2.40
2010.07.06 07:24:39.265,0.82845,0.82875,4.00,1.60
2010.07.06 07:24:39.614,0.82845,0.8288,5.70,4.70
2010.07.06 07:24:39.966,0.82845,0.8288,7.40,1.90
2010.07.06 07:24:40.434,0.82845,0.8288,8.20,1.90
2010.07.06 07:24:40.787,0.82845,0.82875,2.40,1.60
2010.07.06 07:24:41.989,0.82845,0.8288,2.40,3.10
2010.07.06 07:24:42.331,0.8285,0.8288,1.60,3.10
2010.07.06 07:24:42.669,0.82845,0.8288,6.20,2.70
2010.07.06 07:24:43.008,0.8285,0.8288,4.90,2.40
2010.07.06 07:24:43.354,0.8285,0.8288,5.70,1.60
2010.07.06 07:24:43.690,0.82865,0.82895,1.60,3.50
2010.07.06 07:24:44.030,0.8286,0.82895,4.80,5.20
2010.07.06 07:24:44.653,0.8286,0.82895,4.00,5.70
2010.07.06 07:24:44.998,0.8286,0.8289,2.40,1.60
2010.07.06 07:24:45.338,0.8286,0.8289,1.60,1.60
2010.07.06 07:24:45.678,0.8286,0.8289,2.40,1.60
2010.07.06 07:24:46.019,0.82865,0.82895,1.00,2.70
2010.07.06 07:24:46.362,0.82865,0.82895,1.00,1.90
2010.07.06 07:24:47.068,0.82865,0.82895,3.20,1.90
2010.07.06 07:24:47.284,0.82865,0.8289,2.40,3.20
2010.07.06 07:24:47.845,0.8287,0.829,2.40,6.20
2010.07.06 07:24:48.642,0.82875,0.82905,1.60,6.10
2010.07.06 07:24:48.968,0.82875,0.82905,2.40,6.10
2010.07.06 07:24:49.597,0.82875,0.82895,1.60,1.20
2010.07.06 07:24:49.922,0.8287,0.82895,1.60,2.80
2010.07.06 07:24:50.212,0.8287,0.8289,1.00,1.60
2010.07.06 07:24:50.800,0.82865,0.8289,1.60,3.20
2010.07.06 07:24:51.744,0.82865,0.8289,3.20,1.60
2010.07.06 07:24:52.099,0.8286,0.8289,5.60,2.00
2010.07.06 07:24:52.446,0.8286,0.8289,1.60,1.60
2010.07.06 07:24:52.795,0.82855,0.8289,3.20,2.70
2010.07.06 07:24:53.142,0.82855,0.82885,4.80,1.60
2010.07.06 07:24:53.776,0.82855,0.8289,4.80,6.90
2010.07.06 07:24:54.113,0.82855,0.82885,3.20,1.60
2010.07.06 07:24:54.753,0.82855,0.8288,3.20,1.60
2010.07.06 07:24:55.117,0.8285,0.8288,9.40,1.60
2010.07.06 07:24:55.590,0.82855,0.82875,1.60,3.20
2010.07.06 07:24:55.924,0.82855,0.8288,1.60,3.20
2010.07.06 07:24:56.741,0.8285,0.8288,2.40,4.00
2010.07.06 07:24:57.083,0.8285,0.8288,1.60,4.30
2010.07.06 07:24:57.431,0.8285,0.8288,2.40,3.50
2010.07.06 07:24:57.944,0.8285,0.8287,1.60,1.60
2010.07.06 07:24:58.299,0.82845,0.82875,1.60,6.90
2010.07.06 07:24:58.915,0.82845,0.82875,1.60,7.70
2010.07.06 07:25:00.227,0.8284,0.8287,4.80,1.60
2010.07.06 07:25:01.659,0.82845,0.82875,1.60,7.70
2010.07.06 07:25:02.490,0.8284,0.8287,4.80,1.60
2010.07.06 07:25:02.751,0.8284,0.82865,1.60,1.60
2010.07.06 07:25:03.393,0.8284,0.82865,3.20,1.60
2010.07.06 07:25:03.743,0.8284,0.82865,2.40,1.60
2010.07.06 07:25:04.094,0.82835,0.8286,2.40,5.80
2010.07.06 07:25:04.731,0.8283,0.8286,3.20,8.50
2010.07.06 07:25:05.042,0.8283,0.8286,4.80,3.20
2010.07.06 07:25:05.350,0.82825,0.82855,2.40,6.30
2010.07.06 07:25:05.949,0.8282,0.8285,2.40,2.80
2010.07.06 07:25:06.231,0.82825,0.8285,1.60,1.00
2010.07.06 07:25:06.517,0.8283,0.8286,3.00,2.70
2010.07.06 07:25:06.801,0.8283,0.82865,5.40,4.30
2010.07.06 07:25:07.695,0.82845,0.82875,2.40,1.60
2010.07.06 07:25:08.010,0.82845,0.82875,4.80,1.60
2010.07.06 07:25:08.656,0.82845,0.8287,4.80,1.60
2010.07.06 07:25:09.304,0.82845,0.8287,1.60,1.60
2010.07.06 07:25:09.655,0.82835,0.8286,2.40,1.60
2010.07.06 07:25:10.305,0.8283,0.82855,3.20,1.00
2010.07.06 07:25:10.655,0.8283,0.8285,1.60,1.60
2010.07.06 07:25:11.273,0.82825,0.8285,1.60,1.60
2010.07.06 07:25:11.898,0.82825,0.8285,2.40,1.60
2010.07.06 07:25:12.231,0.8283,0.8285,1.60,1.60
2010.07.06 07:25:12.559,0.8283,0.8285,1.60,1.00
2010.07.06 07:25:12.890,0.82825,0.8285,3.20,1.00
2010.07.06 07:25:13.230,0.8283,0.8285,1.60,1.60
2010.07.06 07:25:13.912,0.82825,0.8285,3.20,1.00
2010.07.06 07:25:14.782,0.82825,0.82855,1.60,4.30
2010.07.06 07:25:17.831,0.82825,0.8285,1.60,1.60
2010.07.06 07:25:18.394,0.82825,0.82855,1.60,4.30
2010.07.06 07:25:19.418,0.82825,0.8285,1.60,1.00
2010.07.06 07:25:19.713,0.82825,0.8285,1.60,1.60
2010.07.06 07:25:20.322,0.82825,0.82845,1.60,2.40
2010.07.06 07:25:21.637,0.82825,0.8285,1.60,3.20
2010.07.06 07:25:21.932,0.82825,0.8285,1.60,1.60
2010.07.06 07:25:23.719,0.82825,0.8285,1.60,2.40
2010.07.06 07:25:24.030,0.82825,0.8285,1.60,1.60
2010.07.06 07:25:24.369,0.82825,0.8285,1.60,3.20
2010.07.06 07:25:24.708,0.82825,0.8285,1.60,4.80
2010.07.06 07:25:25.388,0.82825,0.82845,1.60,1.00
2010.07.06 07:25:25.558,0.8282,0.82845,2.40,1.60
2010.07.06 07:25:26.657,0.8282,0.8285,2.40,4.80
2010.07.06 07:25:26.997,0.8282,0.8285,2.40,4.00
2010.07.06 07:25:27.819,0.82825,0.8285,1.60,4.80
2010.07.06 07:25:28.502,0.8282,0.82845,1.60,3.20
2010.07.06 07:25:29.038,0.82815,0.82845,4.90,3.50
2010.07.06 07:25:29.258,0.82815,0.8284,2.40,1.60
2010.07.06 07:25:29.887,0.82815,0.8284,1.60,4.30
2010.07.06 07:25:30.235,0.8282,0.82845,1.60,2.70
2010.07.06 07:25:31.151,0.8282,0.82845,1.60,1.90
2010.07.06 07:25:32.174,0.82815,0.82845,1.60,3.50
2010.07.06 07:25:32.865,0.8282,0.82845,1.60,1.90
2010.07.06 07:25:33.215,0.82815,0.8285,4.00,2.70
2010.07.06 07:25:33.563,0.8282,0.8285,3.40,1.10
2010.07.06 07:25:34.141,0.8282,0.82855,6.60,2.70
2010.07.06 07:25:34.483,0.82815,0.8285,3.20,1.90
2010.07.06 07:25:35.116,0.82815,0.8285,3.20,2.70
2010.07.06 07:25:35.798,0.82815,0.8285,3.20,3.50
2010.07.06 07:25:36.416,0.82815,0.8285,3.20,4.30
2010.07.06 07:25:37.049,0.82815,0.8285,3.20,3.50
2010.07.06 07:25:37.638,0.8282,0.8285,1.60,2.70
2010.07.06 07:25:37.964,0.8282,0.8284,1.60,2.90
2010.07.06 07:25:38.314,0.82815,0.8284,4.00,4.00
2010.07.06 07:25:38.698,0.82815,0.8284,2.40,1.00
2010.07.06 07:25:39.044,0.82815,0.8285,3.20,2.70
2010.07.06 07:25:39.396,0.82815,0.8284,1.60,1.60
2010.07.06 07:25:40.019,0.82815,0.8284,1.60,1.00
2010.07.06 07:25:40.260,0.82815,0.8284,2.40,1.60
2010.07.06 07:25:40.498,0.82815,0.8284,3.20,1.60
2010.07.06 07:25:42.459,0.82815,0.8284,3.20,3.20
2010.07.06 07:25:43.901,0.82815,0.82835,2.40,1.60
2010.07.06 07:25:44.242,0.8281,0.8283,4.80,1.60
2010.07.06 07:25:44.583,0.8281,0.8283,3.20,1.60
2010.07.06 07:25:44.930,0.8281,0.8283,2.40,1.60
2010.07.06 07:25:45.502,0.8281,0.8283,1.60,1.60
2010.07.06 07:25:45.953,0.82815,0.8283,1.60,1.60
2010.07.06 07:25:46.184,0.8282,0.8284,1.60,4.60
2010.07.06 07:25:46.412,0.8281,0.8284,3.20,6.20
2010.07.06 07:25:47.066,0.8281,0.82835,3.20,4.60
2010.07.06 07:25:47.412,0.8281,0.8283,2.40,1.60
2010.07.06 07:25:47.732,0.8281,0.8283,1.60,1.60
2010.07.06 07:25:48.384,0.8281,0.8283,1.00,1.60
2010.07.06 07:25:48.728,0.8281,0.8283,2.40,1.60
2010.07.06 07:25:49.669,0.8281,0.8283,1.60,1.60
2010.07.06 07:25:50.607,0.8281,0.8283,2.40,1.60
2010.07.06 07:25:51.282,0.8281,0.8283,2.40,2.80
2010.07.06 07:25:51.880,0.8281,0.8283,1.60,2.80
2010.07.06 07:25:52.219,0.828,0.8283,4.00,5.40
2010.07.06 07:25:52.564,0.82805,0.8283,1.60,2.00
2010.07.06 07:25:53.249,0.82805,0.8283,3.20,2.00
2010.07.06 07:25:53.592,0.82805,0.8283,1.60,2.00
2010.07.06 07:25:54.250,0.82805,0.82825,1.00,1.60
2010.07.06 07:25:54.597,0.828,0.82825,3.20,3.20
2010.07.06 07:25:55.146,0.828,0.82825,4.00,3.20
2010.07.06 07:25:55.492,0.82805,0.82825,1.60,1.60
2010.07.06 07:25:56.866,0.8281,0.82835,1.60,1.90
2010.07.06 07:25:57.557,0.82815,0.82835,1.60,1.00
2010.07.06 07:25:58.660,0.8282,0.82845,1.60,1.10
2010.07.06 07:25:58.966,0.82815,0.8285,3.20,5.30
2010.07.06 07:25:59.306,0.82815,0.8284,3.20,1.60
2010.07.06 07:25:59.615,0.8281,0.8284,6.50,1.00
2010.07.06 07:26:00.618,0.8281,0.8284,1.60,4.10
2010.07.06 07:26:00.876,0.8281,0.8284,1.60,5.70
2010.07.06 07:26:01.707,0.8281,0.8284,1.60,1.10
2010.07.06 07:26:02.053,0.82815,0.82845,1.60,6.10
2010.07.06 07:26:02.990,0.82815,0.82845,1.60,4.50
2010.07.06 07:26:03.329,0.8282,0.82845,1.60,1.90
2010.07.06 07:26:03.984,0.8282,0.82845,1.60,1.10
2010.07.06 07:26:04.332,0.8282,0.82845,1.60,2.70
2010.07.06 07:26:04.683,0.8282,0.8284,1.60,1.00
2010.07.06 07:26:05.371,0.82815,0.8284,1.60,1.00
2010.07.06 07:26:05.712,0.8282,0.82845,1.60,2.70
2010.07.06 07:26:06.053,0.82815,0.82845,1.60,3.10
2010.07.06 07:26:06.404,0.82815,0.8284,1.60,1.60
2010.07.06 07:26:06.751,0.8282,0.8284,1.60,1.60
2010.07.06 07:26:07.432,0.82815,0.8284,1.60,1.60
2010.07.06 07:26:07.772,0.8282,0.8284,1.60,1.60
2010.07.06 07:26:08.790,0.82815,0.8284,1.60,1.60
2010.07.06 07:26:09.471,0.8282,0.82845,1.60,3.50
2010.07.06 07:26:09.810,0.8282,0.82845,1.60,2.70
2010.07.06 07:26:10.710,0.8282,0.82845,1.60,1.10
2010.07.06 07:26:11.013,0.8281,0.82835,1.60,1.10
2010.07.06 07:26:11.370,0.8281,0.82835,1.60,1.50
2010.07.06 07:26:11.724,0.82805,0.8283,1.60,4.30
2010.07.06 07:26:12.075,0.82805,0.8283,1.60,2.70
2010.07.06 07:26:15.675,0.82805,0.82835,1.60,4.30
2010.07.06 07:26:16.304,0.82805,0.8283,2.00,1.00
2010.07.06 07:26:16.653,0.82805,0.82835,1.60,5.10
2010.07.06 07:26:17.344,0.8281,0.82835,1.60,2.70
2010.07.06 07:26:18.033,0.82805,0.82835,1.60,3.10
2010.07.06 07:26:19.554,0.82815,0.8284,1.60,5.00
2010.07.06 07:26:21.092,0.82815,0.82845,3.20,6.10
2010.07.06 07:26:21.340,0.8282,0.82845,1.60,6.10
2010.07.06 07:26:21.911,0.82825,0.8284,1.60,1.60
2010.07.06 07:26:23.130,0.8283,0.8284,1.60,1.60
2010.07.06 07:26:23.468,0.82825,0.8284,1.60,1.60
2010.07.06 07:26:24.152,0.8283,0.82845,1.60,1.60
2010.07.06 07:26:24.490,0.82825,0.8285,1.60,1.90
2010.07.06 07:26:24.829,0.8283,0.8285,1.60,1.90
2010.07.06 07:26:25.169,0.82825,0.8285,1.60,3.50
2010.07.06 07:26:25.459,0.82825,0.8284,1.60,1.60
2010.07.06 07:26:25.749,0.8282,0.8284,2.40,1.60
2010.07.06 07:26:27.511,0.82815,0.8284,3.20,1.60
2010.07.06 07:26:28.165,0.82815,0.8284,3.20,5.70
2010.07.06 07:26:28.773,0.8282,0.8284,1.60,5.70
2010.07.06 07:26:29.154,0.82815,0.8284,3.20,5.40
2010.07.06 07:26:29.849,0.82815,0.8285,4.00,3.10
2010.07.06 07:26:30.193,0.82815,0.8285,3.20,7.70
2010.07.06 07:26:30.879,0.82825,0.8285,1.60,5.00
2010.07.06 07:26:31.222,0.8282,0.8285,1.60,6.60
2010.07.06 07:26:31.563,0.82815,0.82845,3.20,6.20
2010.07.06 07:26:32.476,0.82825,0.82845,1.60,1.60
