2008.02.25 07:00:00.030,1.0614,1.0617,0.50,0.90
2008.02.25 07:00:00.243,1.0614,1.0617,0.50,0.90
2008.02.25 07:00:00.479,1.0614,1.0617,0.50,0.90
2008.02.25 07:00:00.959,1.0614,1.0617,0.50,0.90
2008.02.25 07:00:01.467,1.0614,1.0617,0.50,0.90
2008.02.25 07:00:01.709,1.0614,1.0617,0.50,0.90
2008.02.25 07:00:01.923,1.0614,1.0617,0.50,0.90
2008.02.25 07:00:02.136,1.0614,1.0617,0.50,0.90
2008.02.25 07:00:02.499,1.0614,1.0617,0.50,0.90
2008.02.25 07:00:02.808,1.0614,1.0617,0.50,0.90
2008.02.25 07:00:03.430,1.0614,1.0617,0.50,0.90
2008.02.25 07:00:05.479,1.0614,1.0617,0.50,0.90
2008.02.25 07:00:05.577,1.0614,1.0617,0.50,0.90
2008.02.25 07:00:06.001,1.0614,1.0617,0.50,0.90
2008.02.25 07:00:06.348,1.0614,1.0617,0.50,0.90
2008.02.25 07:00:06.682,1.0614,1.0617,0.50,0.90
2008.02.25 07:00:07.249,1.0614,1.0617,0.50,0.90
2008.02.25 07:00:07.633,1.0614,1.0617,0.50,0.90
2008.02.25 07:00:08.096,1.0614,1.0615,0.20,0.20
2008.02.25 07:00:08.308,1.06115,1.0615,0.30,0.40
2008.02.25 07:00:08.522,1.06115,1.0615,0.30,0.40
2008.02.25 07:00:09.338,1.06115,1.0615,0.30,0.40
2008.02.25 07:00:09.734,1.06115,1.0615,0.30,0.40
2008.02.25 07:00:10.043,1.06115,1.0615,0.30,0.40
2008.02.25 07:00:10.466,1.06115,1.0615,0.30,0.40
2008.02.25 07:00:11.275,1.06115,1.0615,0.30,0.40
2008.02.25 07:00:11.893,1.06115,1.0614,0.30,0.20
2008.02.25 07:00:12.073,1.06115,1.0614,0.30,0.20
2008.02.25 07:00:12.175,1.0611,1.0614,0.50,0.40
2008.02.25 07:00:12.295,1.0611,1.0614,0.50,0.40
2008.02.25 07:00:12.461,1.0611,1.0614,0.50,0.20
2008.02.25 07:00:12.827,1.0611,1.0614,0.50,0.20
2008.02.25 07:00:12.931,1.06115,1.0614,0.30,0.20
2008.02.25 07:00:13.035,1.06115,1.0615,0.30,0.40
2008.02.25 07:00:13.298,1.06115,1.0615,0.30,0.40
2008.02.25 07:00:13.561,1.0611,1.0614,0.50,0.20
2008.02.25 07:00:13.934,1.0611,1.0614,0.50,0.40
2008.02.25 07:00:15.570,1.0611,1.0614,0.50,0.40
2008.02.25 07:00:18.409,1.0611,1.0614,0.50,0.40
2008.02.25 07:00:18.419,1.0611,1.0614,0.50,0.40
2008.02.25 07:00:18.470,1.0611,1.0614,0.30,0.40
2008.02.25 07:00:19.530,1.06105,1.0614,0.30,0.40
2008.02.25 07:00:19.864,1.06105,1.0614,0.30,0.40
2008.02.25 07:00:20.198,1.06105,1.0614,0.30,0.40
2008.02.25 07:00:20.532,1.06105,1.0614,0.30,0.40
2008.02.25 07:00:24.327,1.06105,1.0614,0.30,0.40
2008.02.25 07:00:24.482,1.0611,1.0614,0.30,0.40
2008.02.25 07:00:24.573,1.0611,1.0614,0.30,0.40
2008.02.25 07:00:24.728,1.0611,1.0614,0.30,0.40
2008.02.25 07:00:24.989,1.0611,1.0614,0.30,0.40
2008.02.25 07:00:25.627,1.06115,1.0614,0.30,0.20
2008.02.25 07:00:25.740,1.06115,1.06145,0.30,0.20
2008.02.25 07:00:25.866,1.06115,1.06145,0.30,0.20
2008.02.25 07:00:26.047,1.0611,1.0614,0.30,0.20
2008.02.25 07:00:26.543,1.0611,1.0614,0.30,0.20
2008.02.25 07:00:27.928,1.0611,1.0614,0.30,0.20
2008.02.25 07:00:27.980,1.0611,1.0614,0.30,0.20
2008.02.25 07:00:28.355,1.0611,1.0614,0.30,0.40
2008.02.25 07:00:30.665,1.0611,1.0614,0.30,0.40
2008.02.25 07:00:33.097,1.06115,1.0614,0.30,0.20
2008.02.25 07:00:33.202,1.06115,1.0614,0.30,0.20
2008.02.25 07:00:33.255,1.06115,1.0615,0.30,9.90
2008.02.25 07:00:33.519,1.06115,1.0615,0.30,1.90
2008.02.25 07:00:34.104,1.06115,1.06145,0.30,0.20
2008.02.25 07:00:34.368,1.06115,1.06145,0.30,0.20
2008.02.25 07:00:34.572,1.06115,1.06145,0.30,0.20
2008.02.25 07:00:34.775,1.06115,1.06145,0.30,0.20
2008.02.25 07:00:35.263,1.06115,1.06145,0.30,0.20
2008.02.25 07:00:35.467,1.06115,1.06145,0.30,0.20
2008.02.25 07:00:35.675,1.06115,1.06145,0.30,0.20
2008.02.25 07:00:35.885,1.06115,1.06145,0.30,0.20
2008.02.25 07:00:36.095,1.06115,1.06145,0.30,0.20
2008.02.25 07:00:36.491,1.06115,1.06145,0.30,0.20
2008.02.25 07:00:36.942,1.0611,1.0614,0.50,0.20
2008.02.25 07:00:38.395,1.0611,1.0614,0.50,0.20
2008.02.25 07:00:38.900,1.0611,1.0614,0.50,0.20
2008.02.25 07:00:38.963,1.06115,1.0615,0.30,1.70
2008.02.25 07:00:39.026,1.06115,1.0615,0.30,1.70
2008.02.25 07:00:39.090,1.06115,1.0615,0.30,0.20
2008.02.25 07:00:39.284,1.06115,1.0615,0.30,0.20
2008.02.25 07:00:39.808,1.06115,1.0615,0.30,0.20
2008.02.25 07:00:40.711,1.06115,1.0615,0.30,0.20
2008.02.25 07:00:41.044,1.06115,1.0615,0.30,0.20
2008.02.25 07:00:42.390,1.06115,1.0615,0.30,0.20
2008.02.25 07:00:42.601,1.06115,1.0615,0.30,0.40
2008.02.25 07:00:45.746,1.06115,1.0615,0.30,0.40
2008.02.25 07:00:45.971,1.06115,1.0615,0.30,0.40
2008.02.25 07:00:46.880,1.06115,1.0615,0.30,0.40
2008.02.25 07:00:47.149,1.06115,1.0615,0.30,0.40
2008.02.25 07:00:49.474,1.06115,1.0615,0.30,0.40
2008.02.25 07:00:50.774,1.06115,1.0615,0.30,0.40
2008.02.25 07:00:51.349,1.0611,1.06145,0.50,0.20
2008.02.25 07:00:51.509,1.0611,1.0614,0.50,0.20
2008.02.25 07:00:51.676,1.0611,1.0614,0.50,0.20
2008.02.25 07:00:51.844,1.0611,1.0614,0.50,0.20
2008.02.25 07:00:52.036,1.0611,1.0614,0.20,0.40
2008.02.25 07:00:54.669,1.06115,1.0614,0.30,0.20
2008.02.25 07:00:54.744,1.06115,1.0614,0.30,0.20
2008.02.25 07:00:54.827,1.06115,1.0614,0.30,0.20
2008.02.25 07:00:54.899,1.06115,1.0615,0.30,1.10
2008.02.25 07:00:54.949,1.06115,1.0615,0.30,0.40
2008.02.25 07:00:54.997,1.0612,1.0615,0.30,0.20
2008.02.25 07:00:55.046,1.0612,1.0615,0.30,0.20
2008.02.25 07:00:55.288,1.0612,1.0615,0.30,0.20
2008.02.25 07:00:55.531,1.06115,1.0615,0.30,0.40
2008.02.25 07:00:55.806,1.06115,1.0615,0.30,0.40
2008.02.25 07:00:57.002,1.06115,1.0615,0.30,0.40
2008.02.25 07:00:57.201,1.0612,1.0615,0.30,0.20
2008.02.25 07:00:57.530,1.0612,1.0615,0.30,0.20
2008.02.25 07:00:57.669,1.06115,1.0615,0.30,0.40
2008.02.25 07:00:59.145,1.06115,1.0615,0.30,0.40
2008.02.25 07:00:59.271,1.06115,1.0615,0.30,0.40
2008.02.25 07:00:59.420,1.0612,1.0615,0.30,0.20
2008.02.25 07:00:59.570,1.0612,1.0615,0.50,0.20
2008.02.25 07:01:00.842,1.0612,1.0615,0.50,0.20
2008.02.25 07:01:02.139,1.0612,1.0615,0.20,0.40
2008.02.25 07:01:02.279,1.06115,1.0615,0.30,0.40
2008.02.25 07:01:02.417,1.06115,1.0615,0.30,0.40
2008.02.25 07:01:02.551,1.0611,1.06145,0.80,0.20
2008.02.25 07:01:03.023,1.0611,1.06145,0.50,0.20
2008.02.25 07:01:03.603,1.06115,1.0615,0.30,0.40
2008.02.25 07:01:03.773,1.0611,1.06145,0.50,0.20
2008.02.25 07:01:03.918,1.0611,1.06145,0.50,0.20
2008.02.25 07:01:04.077,1.0611,1.06145,0.50,0.20
2008.02.25 07:01:04.512,1.06115,1.0615,0.30,1.90
2008.02.25 07:01:04.743,1.06115,1.0615,0.30,1.90
2008.02.25 07:01:05.038,1.0611,1.06145,0.50,0.20
2008.02.25 07:01:05.299,1.0611,1.06145,0.50,0.20
2008.02.25 07:01:05.863,1.0611,1.06145,0.50,0.20
2008.02.25 07:01:06.505,1.0611,1.06145,0.50,0.20
2008.02.25 07:01:07.248,1.0611,1.06145,1.00,0.20
2008.02.25 07:01:07.511,1.0611,1.06145,0.80,0.20
2008.02.25 07:01:07.774,1.0612,1.0615,0.20,0.40
2008.02.25 07:01:08.006,1.0612,1.0615,0.20,0.40
2008.02.25 07:01:10.896,1.0612,1.0615,0.20,0.40
2008.02.25 07:01:11.770,1.0612,1.0615,0.20,1.90
2008.02.25 07:01:11.929,1.0612,1.0615,0.20,1.90
2008.02.25 07:01:12.087,1.0612,1.0615,0.20,1.90
2008.02.25 07:01:14.157,1.0612,1.06145,0.20,0.20
2008.02.25 07:01:14.271,1.0612,1.06145,0.20,0.20
2008.02.25 07:01:14.416,1.0612,1.06145,0.20,0.20
2008.02.25 07:01:14.520,1.0611,1.06145,0.50,0.20
2008.02.25 07:01:14.623,1.06115,1.0615,0.30,1.90
2008.02.25 07:01:14.761,1.06115,1.0615,0.30,1.90
2008.02.25 07:01:15.632,1.0611,1.06145,0.50,0.20
2008.02.25 07:01:18.004,1.06115,1.0615,0.30,1.90
2008.02.25 07:01:19.460,1.0611,1.06145,0.50,0.20
2008.02.25 07:01:20.933,1.0611,1.06145,0.50,0.20
2008.02.25 07:01:24.940,1.06115,1.0615,0.30,1.90
2008.02.25 07:01:24.981,1.06115,1.0615,0.30,1.90
2008.02.25 07:01:25.013,1.06115,1.0615,0.30,1.90
2008.02.25 07:01:25.302,1.06115,1.0615,0.30,1.90
2008.02.25 07:01:25.497,1.0612,1.0615,0.20,1.90
2008.02.25 07:01:25.958,1.0612,1.0615,0.20,1.90
2008.02.25 07:01:30.644,1.0612,1.06145,0.20,0.20
2008.02.25 07:01:30.741,1.0611,1.06145,0.50,0.20
2008.02.25 07:01:31.002,1.0611,1.06145,0.50,0.20
2008.02.25 07:01:31.265,1.0611,1.06145,0.50,0.20
2008.02.25 07:01:32.077,1.0611,1.06145,0.50,0.20
2008.02.25 07:01:32.420,1.0611,1.06145,0.50,0.20
2008.02.25 07:01:33.776,1.0611,1.0614,0.20,0.20
2008.02.25 07:01:33.929,1.06105,1.0614,0.30,0.20
2008.02.25 07:01:34.091,1.06105,1.0614,0.30,0.20
2008.02.25 07:01:36.035,1.06105,1.0614,0.30,0.20
2008.02.25 07:01:40.683,1.06105,1.0614,0.30,0.20
2008.02.25 07:01:40.817,1.06105,1.0614,0.30,0.20
2008.02.25 07:01:41.126,1.06115,1.0615,0.30,1.90
2008.02.25 07:01:41.434,1.06115,1.0615,0.30,1.90
2008.02.25 07:01:41.742,1.0612,1.0615,0.20,1.90
2008.02.25 07:01:42.378,1.0612,1.06145,0.20,0.20
2008.02.25 07:01:42.627,1.0611,1.06145,0.50,0.20
2008.02.25 07:01:42.872,1.0611,1.06145,0.50,0.20
2008.02.25 07:01:43.247,1.0611,1.06145,0.50,0.20
2008.02.25 07:01:45.716,1.0611,1.06145,1.20,0.20
2008.02.25 07:01:45.848,1.0611,1.06145,1.20,0.20
2008.02.25 07:01:45.969,1.06115,1.0615,0.30,1.90
2008.02.25 07:01:46.109,1.06115,1.0615,0.30,1.90
2008.02.25 07:01:46.260,1.0612,1.0615,0.20,1.90
2008.02.25 07:01:46.399,1.0612,1.06145,0.20,0.20
2008.02.25 07:01:46.537,1.0611,1.06145,0.50,0.20
2008.02.25 07:01:46.674,1.0611,1.06145,0.50,0.20
2008.02.25 07:01:48.747,1.0611,1.06145,0.50,0.20
2008.02.25 07:01:49.268,1.0611,1.06145,0.50,0.20
2008.02.25 07:01:51.133,1.0611,1.06145,0.50,0.20
2008.02.25 07:01:52.518,1.0611,1.06145,0.50,0.20
2008.02.25 07:01:54.818,1.0611,1.0614,0.20,0.20
2008.02.25 07:01:55.304,1.0611,1.0614,0.20,0.20
2008.02.25 07:01:55.493,1.0611,1.0614,0.20,1.90
2008.02.25 07:01:55.691,1.0611,1.0614,0.20,1.90
2008.02.25 07:01:55.888,1.0611,1.0614,0.20,1.90
2008.02.25 07:01:56.202,1.0611,1.0614,0.20,1.90
2008.02.25 07:01:57.458,1.0611,1.0614,0.20,1.90
2008.02.25 07:01:57.656,1.0611,1.0614,0.20,1.90
2008.02.25 07:02:01.240,1.0611,1.0614,0.20,1.90
2008.02.25 07:02:01.294,1.0611,1.0614,0.20,1.90
2008.02.25 07:02:02.023,1.0611,1.0614,0.20,1.90
2008.02.25 07:02:04.365,1.06105,1.0613,0.30,0.20
2008.02.25 07:02:04.514,1.06095,1.06125,7.60,0.20
2008.02.25 07:02:04.663,1.06095,1.06125,7.60,0.20
2008.02.25 07:02:04.931,1.0609,1.06125,0.30,0.20
2008.02.25 07:02:06.261,1.0609,1.06125,0.30,0.20
2008.02.25 07:02:11.299,1.0609,1.06125,0.30,0.20
2008.02.25 07:02:12.352,1.0608,1.06115,9.60,0.20
2008.02.25 07:02:12.601,1.0608,1.06115,0.50,0.20
2008.02.25 07:02:12.850,1.0608,1.06115,0.50,0.20
2008.02.25 07:02:12.997,1.0608,1.06115,0.50,0.20
2008.02.25 07:02:16.348,1.0608,1.06115,0.50,0.20
2008.02.25 07:02:17.345,1.0608,1.06095,0.20,0.20
2008.02.25 07:02:17.519,1.0606,1.06095,0.50,0.20
2008.02.25 07:02:17.693,1.0606,1.06095,0.50,0.20
2008.02.25 07:02:17.866,1.0606,1.06095,0.50,0.20
2008.02.25 07:02:18.039,1.06065,1.061,0.30,0.20
2008.02.25 07:02:18.212,1.06065,1.061,0.30,0.20
2008.02.25 07:02:18.396,1.06055,1.0608,7.60,0.20
2008.02.25 07:02:18.579,1.0605,1.0608,0.30,0.20
2008.02.25 07:02:18.888,1.06055,1.0609,0.30,8.30
2008.02.25 07:02:19.072,1.06055,1.0609,0.30,8.10
2008.02.25 07:02:19.473,1.06055,1.0609,0.30,0.20
2008.02.25 07:02:21.373,1.06055,1.0609,0.30,0.20
2008.02.25 07:02:22.111,1.0606,1.0609,0.30,0.20
2008.02.25 07:02:22.269,1.0606,1.0609,0.30,0.20
2008.02.25 07:02:22.600,1.0606,1.0609,0.30,0.20
2008.02.25 07:02:22.933,1.0606,1.0609,0.30,0.20
2008.02.25 07:02:24.441,1.0606,1.0609,0.30,0.20
2008.02.25 07:02:24.533,1.06065,1.06095,0.30,0.20
2008.02.25 07:02:24.780,1.06065,1.06095,0.30,0.20
2008.02.25 07:02:25.106,1.06065,1.06095,0.30,0.20
2008.02.25 07:02:26.386,1.06065,1.06095,0.30,0.20
2008.02.25 07:02:26.745,1.06065,1.06095,0.30,0.20
2008.02.25 07:02:27.246,1.06065,1.06095,0.30,0.20
2008.02.25 07:02:30.181,1.0607,1.061,0.30,0.20
2008.02.25 07:02:30.263,1.0607,1.061,0.30,0.20
2008.02.25 07:02:30.985,1.0607,1.061,0.30,0.20
2008.02.25 07:02:31.441,1.0607,1.061,0.30,0.20
2008.02.25 07:02:31.961,1.06075,1.06105,0.30,0.20
2008.02.25 07:02:32.185,1.06075,1.06105,0.30,0.20
2008.02.25 07:02:32.409,1.06075,1.06105,0.30,0.20
2008.02.25 07:02:32.631,1.06075,1.06105,0.30,0.20
2008.02.25 07:02:32.875,1.06075,1.06105,0.30,0.20
2008.02.25 07:02:36.498,1.06075,1.06105,0.30,0.20
2008.02.25 07:02:41.533,1.06075,1.06105,0.30,0.20
2008.02.25 07:02:43.613,1.06075,1.06105,0.30,0.20
2008.02.25 07:02:43.881,1.0607,1.061,0.30,0.20
2008.02.25 07:02:44.245,1.0607,1.061,0.30,0.20
2008.02.25 07:02:44.544,1.0607,1.061,0.30,0.20
2008.02.25 07:02:45.634,1.0607,1.061,0.30,0.20
2008.02.25 07:02:45.957,1.06075,1.06105,0.30,0.20
2008.02.25 07:02:45.982,1.06075,1.06105,0.30,0.20
2008.02.25 07:02:46.541,1.06075,1.06105,0.30,0.20
2008.02.25 07:02:50.412,1.06085,1.06115,0.30,0.70
2008.02.25 07:02:50.480,1.06085,1.06115,0.30,0.70
2008.02.25 07:02:50.753,1.06085,1.0612,0.30,0.50
2008.02.25 07:02:51.013,1.06085,1.0612,0.30,0.90
2008.02.25 07:02:51.040,1.06085,1.0612,0.30,0.50
2008.02.25 07:02:51.267,1.06085,1.0612,0.30,0.70
2008.02.25 07:02:51.566,1.06085,1.0612,0.30,0.60
2008.02.25 07:02:51.710,1.06085,1.0612,0.30,0.20
2008.02.25 07:02:51.852,1.06085,1.0612,0.30,0.20
2008.02.25 07:02:56.593,1.06085,1.0612,0.30,0.20
2008.02.25 07:02:57.802,1.06085,1.0612,0.30,0.20
2008.02.25 07:02:58.220,1.06085,1.0612,0.30,0.20
2008.02.25 07:02:58.513,1.06085,1.0612,0.30,0.20
2008.02.25 07:02:59.145,1.0608,1.06115,0.30,0.20
2008.02.25 07:02:59.314,1.0608,1.06115,0.30,0.20
2008.02.25 07:02:59.517,1.0608,1.06115,0.30,0.20
2008.02.25 07:02:59.648,1.06085,1.0612,0.30,0.20
2008.02.25 07:03:00.030,1.06085,1.0612,0.30,0.20
2008.02.25 07:03:00.526,1.06085,1.0612,0.30,0.20
2008.02.25 07:03:00.758,1.06085,1.0612,0.30,0.20
2008.02.25 07:03:01.626,1.06085,1.0612,0.30,0.20
2008.02.25 07:03:03.444,1.06085,1.0612,0.30,0.20
2008.02.25 07:03:03.628,1.06085,1.0612,0.30,0.20
2008.02.25 07:03:05.756,1.06085,1.0612,0.30,0.20
2008.02.25 07:03:06.270,1.06085,1.0612,0.30,0.20
2008.02.25 07:03:06.644,1.06085,1.0612,0.30,0.20
2008.02.25 07:03:11.687,1.06085,1.0612,0.30,0.20
2008.02.25 07:03:15.230,1.06085,1.0612,0.30,0.20
2008.02.25 07:03:16.714,1.06085,1.0612,0.30,0.20
2008.02.25 07:03:17.078,1.06085,1.0612,0.30,0.20
2008.02.25 07:03:17.663,1.06085,1.0612,0.30,0.20
2008.02.25 07:03:18.063,1.06085,1.0612,0.30,0.20
2008.02.25 07:03:18.841,1.0608,1.06115,0.30,0.20
2008.02.25 07:03:19.197,1.0608,1.06115,0.30,0.20
2008.02.25 07:03:19.456,1.06075,1.0611,0.30,0.20
2008.02.25 07:03:19.696,1.06075,1.0611,0.30,0.20
2008.02.25 07:03:19.895,1.06075,1.0611,0.30,0.20
2008.02.25 07:03:20.095,1.06075,1.0611,0.30,0.20
2008.02.25 07:03:20.611,1.0608,1.06115,0.30,0.20
2008.02.25 07:03:20.747,1.0608,1.06115,0.30,0.20
2008.02.25 07:03:20.881,1.0608,1.06115,0.30,0.20
2008.02.25 07:03:21.049,1.0608,1.06115,0.30,0.20
2008.02.25 07:03:21.736,1.0608,1.06115,0.30,0.20
2008.02.25 07:03:21.963,1.06085,1.0612,0.30,0.40
2008.02.25 07:03:26.799,1.06085,1.0612,0.30,0.40
2008.02.25 07:03:31.804,1.06085,1.0612,0.30,0.40
2008.02.25 07:03:35.731,1.06085,1.0612,0.30,0.40
2008.02.25 07:03:36.823,1.06085,1.0612,0.30,0.40
2008.02.25 07:03:41.851,1.06085,1.0612,0.30,0.40
2008.02.25 07:03:43.572,1.06085,1.0612,0.30,0.20
2008.02.25 07:03:44.291,1.06085,1.0612,0.30,0.20
2008.02.25 07:03:46.889,1.06085,1.0612,0.30,0.20
2008.02.25 07:03:47.275,1.06085,1.0612,0.30,0.20
2008.02.25 07:03:47.794,1.06085,1.0612,0.30,0.20
2008.02.25 07:03:48.277,1.06085,1.0612,0.30,0.20
2008.02.25 07:03:48.978,1.06085,1.0612,0.30,8.10
2008.02.25 07:03:51.926,1.06085,1.0612,0.30,8.10
2008.02.25 07:03:52.899,1.06085,1.0612,0.30,8.10
2008.02.25 07:03:52.979,1.06085,1.0612,0.30,8.10
2008.02.25 07:03:53.273,1.06085,1.0612,0.30,0.20
2008.02.25 07:03:53.696,1.06085,1.0612,0.30,0.20
2008.02.25 07:03:55.511,1.06085,1.0612,0.30,0.20
2008.02.25 07:03:55.710,1.06085,1.0612,0.30,0.20
2008.02.25 07:03:56.020,1.06085,1.0612,0.30,0.20
2008.02.25 07:03:56.932,1.06085,1.0612,0.30,0.20
2008.02.25 07:03:59.495,1.06085,1.0612,0.30,0.20
2008.02.25 07:04:00.021,1.06085,1.0612,0.30,0.20
2008.02.25 07:04:01.183,1.06085,1.0612,0.30,0.20
2008.02.25 07:04:01.256,1.06085,1.0612,0.30,0.20
2008.02.25 07:04:01.528,1.06085,1.0612,0.30,0.20
2008.02.25 07:04:01.955,1.06085,1.0612,0.30,0.20
2008.02.25 07:04:02.054,1.06085,1.0612,0.30,8.10
2008.02.25 07:04:06.036,1.06085,1.06115,0.30,8.00
2008.02.25 07:04:06.115,1.06075,1.0611,0.30,0.20
2008.02.25 07:04:06.204,1.06075,1.0611,0.30,0.20
2008.02.25 07:04:06.282,1.06075,1.0611,0.30,0.20
2008.02.25 07:04:06.724,1.06075,1.0611,0.30,0.20
2008.02.25 07:04:06.994,1.06075,1.0611,0.30,0.20
2008.02.25 07:04:07.244,1.06075,1.0611,0.30,0.20
2008.02.25 07:04:08.520,1.06085,1.06115,0.30,8.00
2008.02.25 07:04:08.678,1.06085,1.06115,0.30,8.00
2008.02.25 07:04:08.836,1.06085,1.0612,0.30,8.10
2008.02.25 07:04:08.994,1.06085,1.0612,0.30,8.10
2008.02.25 07:04:09.260,1.06085,1.0612,0.30,8.10
2008.02.25 07:04:09.436,1.06085,1.0612,0.30,8.10
2008.02.25 07:04:09.597,1.06095,1.0613,0.30,0.20
2008.02.25 07:04:09.875,1.0609,1.06125,0.30,0.20
2008.02.25 07:04:10.038,1.06085,1.0612,0.30,0.20
2008.02.25 07:04:10.540,1.06085,1.0612,0.30,0.20
2008.02.25 07:04:11.449,1.0609,1.06125,0.30,0.20
2008.02.25 07:04:12.024,1.0609,1.06125,0.30,0.20
2008.02.25 07:04:12.273,1.0609,1.06125,0.30,8.10
2008.02.25 07:04:12.488,1.06085,1.0612,0.30,0.20
2008.02.25 07:04:12.789,1.06085,1.0612,0.30,0.20
2008.02.25 07:04:17.089,1.06085,1.0612,0.30,0.20
2008.02.25 07:04:21.177,1.06085,1.0612,0.30,0.20
2008.02.25 07:04:21.227,1.06085,1.0612,0.30,0.20
2008.02.25 07:04:21.254,1.06085,1.0612,0.30,0.40
2008.02.25 07:04:21.392,1.06085,1.0612,0.30,1.90
2008.02.25 07:04:21.492,1.06085,1.0612,0.30,0.40
2008.02.25 07:04:21.517,1.06085,1.0612,0.30,0.20
2008.02.25 07:04:21.539,1.06085,1.0612,0.30,0.20
2008.02.25 07:04:21.605,1.06085,1.0612,0.30,0.20
2008.02.25 07:04:21.736,1.06085,1.0612,0.30,0.20
2008.02.25 07:04:22.032,1.06085,1.0612,0.30,0.20
2008.02.25 07:04:22.365,1.06085,1.0612,0.30,0.20
2008.02.25 07:04:23.837,1.06085,1.0612,0.30,0.20
2008.02.25 07:04:24.490,1.06085,1.0612,0.30,0.20
2008.02.25 07:04:24.710,1.06085,1.0612,0.30,0.20
2008.02.25 07:04:24.981,1.06085,1.0612,0.30,8.10
2008.02.25 07:04:25.804,1.06085,1.0612,0.30,0.20
2008.02.25 07:04:27.139,1.06085,1.0612,0.30,0.20
2008.02.25 07:04:29.582,1.0609,1.06125,0.30,8.10
2008.02.25 07:04:29.906,1.06085,1.0612,0.30,0.20
2008.02.25 07:04:30.023,1.06085,1.0612,0.30,0.20
2008.02.25 07:04:30.718,1.06085,1.0612,0.30,0.20
2008.02.25 07:04:32.190,1.06085,1.0612,0.30,0.20
2008.02.25 07:04:37.221,1.06085,1.0612,0.30,0.20
2008.02.25 07:04:37.928,1.06085,1.0612,0.30,0.20
2008.02.25 07:04:38.248,1.06085,1.0612,0.30,0.20
2008.02.25 07:04:39.650,1.0609,1.06125,0.30,8.10
2008.02.25 07:04:39.810,1.0609,1.06125,0.30,0.20
2008.02.25 07:04:39.961,1.06085,1.0612,0.30,0.20
2008.02.25 07:04:40.108,1.06085,1.0612,0.30,0.20
2008.02.25 07:04:40.289,1.06085,1.0612,0.30,0.20
2008.02.25 07:04:40.681,1.0609,1.06125,0.30,0.20
2008.02.25 07:04:40.830,1.0609,1.06125,0.30,0.20
2008.02.25 07:04:41.069,1.0609,1.06125,0.30,0.20
2008.02.25 07:04:41.181,1.0609,1.06125,0.30,0.20
2008.02.25 07:04:41.295,1.0609,1.06125,0.30,0.20
2008.02.25 07:04:41.524,1.0609,1.06125,0.30,0.20
2008.02.25 07:04:41.637,1.0609,1.06125,0.30,0.20
2008.02.25 07:04:41.751,1.0609,1.06125,0.30,0.20
2008.02.25 07:04:42.260,1.0609,1.06125,0.30,0.20
2008.02.25 07:04:42.875,1.06095,1.0613,0.30,9.90
2008.02.25 07:04:43.036,1.0609,1.06125,0.30,0.20
2008.02.25 07:04:43.217,1.0609,1.06125,0.30,0.20
2008.02.25 07:04:44.272,1.0609,1.06125,0.30,0.20
2008.02.25 07:04:44.346,1.0609,1.06125,0.30,0.20
2008.02.25 07:04:47.306,1.0609,1.06125,0.30,0.20
2008.02.25 07:04:47.642,1.061,1.0613,0.30,8.10
2008.02.25 07:04:47.960,1.061,1.06135,0.30,0.20
2008.02.25 07:04:48.280,1.061,1.06135,0.30,0.20
2008.02.25 07:04:48.521,1.061,1.06135,0.30,0.20
2008.02.25 07:04:50.416,1.061,1.06135,0.30,8.10
2008.02.25 07:04:50.725,1.061,1.06135,0.30,0.20
2008.02.25 07:04:51.241,1.061,1.06135,0.30,0.20
2008.02.25 07:04:52.276,1.061,1.06135,0.30,0.20
2008.02.25 07:04:54.547,1.061,1.06135,0.30,0.20
2008.02.25 07:04:54.730,1.061,1.06135,0.30,0.20
2008.02.25 07:04:54.914,1.06095,1.0613,0.30,0.20
2008.02.25 07:04:55.099,1.0609,1.06125,0.50,0.20
2008.02.25 07:04:55.283,1.0609,1.06125,0.50,0.20
2008.02.25 07:04:55.996,1.0609,1.06125,0.50,0.20
2008.02.25 07:04:56.737,1.0609,1.06125,0.50,0.20
2008.02.25 07:04:56.916,1.0609,1.06125,0.50,0.20
2008.02.25 07:04:57.096,1.0609,1.06125,0.30,0.20
2008.02.25 07:04:57.275,1.0609,1.06125,0.30,0.20
2008.02.25 07:04:57.490,1.0609,1.06125,0.30,0.20
2008.02.25 07:04:57.784,1.0609,1.06125,0.30,0.20
2008.02.25 07:04:58.516,1.0609,1.06125,0.30,0.20
2008.02.25 07:04:59.357,1.06095,1.0613,0.30,9.90
2008.02.25 07:04:59.561,1.0609,1.06125,0.30,0.20
2008.02.25 07:04:59.763,1.0609,1.06125,0.30,0.20
2008.02.25 07:05:02.369,1.0609,1.06125,0.30,0.20
2008.02.25 07:05:02.688,1.0608,1.0611,9.60,0.20
2008.02.25 07:05:02.745,1.0608,1.0611,8.00,0.20
2008.02.25 07:05:02.871,1.0608,1.0611,8.00,0.20
2008.02.25 07:05:02.960,1.0608,1.0611,0.50,0.20
2008.02.25 07:05:03.249,1.0608,1.0611,0.50,0.20
2008.02.25 07:05:03.409,1.0608,1.0611,1.20,0.20
2008.02.25 07:05:03.568,1.0609,1.0612,0.30,0.40
2008.02.25 07:05:03.736,1.0609,1.0612,0.50,0.40
2008.02.25 07:05:04.199,1.0609,1.0612,0.50,0.40
2008.02.25 07:05:04.850,1.0609,1.06115,0.20,0.20
2008.02.25 07:05:05.053,1.06085,1.06115,0.30,0.20
2008.02.25 07:05:05.167,1.0608,1.0611,0.50,0.20
2008.02.25 07:05:05.280,1.0608,1.0611,0.30,0.20
2008.02.25 07:05:05.393,1.0608,1.0611,0.30,0.20
2008.02.25 07:05:05.533,1.0608,1.0611,0.30,0.20
2008.02.25 07:05:05.736,1.0608,1.0611,0.30,0.20
2008.02.25 07:05:05.931,1.0608,1.0611,0.30,0.20
2008.02.25 07:05:06.039,1.0608,1.0611,0.30,0.20
2008.02.25 07:05:07.048,1.06075,1.06105,0.30,0.20
2008.02.25 07:05:07.398,1.06075,1.06105,0.30,0.20
2008.02.25 07:05:12.460,1.06075,1.06105,0.30,0.20
2008.02.25 07:05:12.808,1.06075,1.06105,0.30,0.20
2008.02.25 07:05:12.868,1.06075,1.06105,0.30,0.20
2008.02.25 07:05:12.904,1.06075,1.06105,0.30,0.20
2008.02.25 07:05:14.195,1.0608,1.0611,0.30,0.20
2008.02.25 07:05:14.463,1.0608,1.0611,0.30,0.20
2008.02.25 07:05:14.611,1.0608,1.0611,0.30,0.20
2008.02.25 07:05:14.824,1.0608,1.0611,0.50,0.20
2008.02.25 07:05:15.037,1.0608,1.0611,0.50,0.20
2008.02.25 07:05:17.477,1.0608,1.0611,0.50,0.20
2008.02.25 07:05:17.914,1.06085,1.06115,0.30,0.20
2008.02.25 07:05:18.444,1.0608,1.0611,0.50,0.20
2008.02.25 07:05:22.523,1.0608,1.0611,0.50,0.20
2008.02.25 07:05:22.976,1.0608,1.0611,0.50,0.20
2008.02.25 07:05:23.482,1.0608,1.0611,0.50,0.20
2008.02.25 07:05:23.794,1.06085,1.06115,0.30,0.20
2008.02.25 07:05:26.454,1.0608,1.06115,0.50,0.20
2008.02.25 07:05:26.753,1.0608,1.06115,0.50,0.20
2008.02.25 07:05:26.997,1.0608,1.0611,0.50,0.20
2008.02.25 07:05:27.134,1.0608,1.0611,0.50,0.20
2008.02.25 07:05:27.544,1.0608,1.0611,0.50,0.20
2008.02.25 07:05:32.562,1.0608,1.0611,0.50,0.20
2008.02.25 07:05:37.613,1.0608,1.0611,0.50,0.20
2008.02.25 07:05:42.626,1.0608,1.0611,0.50,0.20
2008.02.25 07:05:47.658,1.0608,1.0611,0.50,0.20
2008.02.25 07:05:50.466,1.0608,1.061,0.30,0.20
2008.02.25 07:05:50.507,1.06075,1.061,0.30,0.20
2008.02.25 07:05:50.596,1.06075,1.061,0.30,0.20
2008.02.25 07:05:50.684,1.0608,1.061,0.30,0.20
2008.02.25 07:05:50.774,1.0608,1.0611,0.30,0.20
2008.02.25 07:05:50.973,1.0608,1.0611,0.30,0.20
2008.02.25 07:05:51.060,1.0608,1.0611,0.30,0.20
2008.02.25 07:05:51.261,1.0608,1.0611,0.30,0.20
2008.02.25 07:05:51.495,1.0608,1.0611,0.50,0.20
2008.02.25 07:05:52.691,1.0608,1.0611,0.50,0.20
2008.02.25 07:05:54.039,1.0608,1.0611,0.50,0.20
2008.02.25 07:05:56.630,1.0608,1.06105,0.20,0.20
2008.02.25 07:05:56.745,1.0607,1.061,1.20,0.20
2008.02.25 07:05:56.773,1.0607,1.061,1.20,0.20
2008.02.25 07:05:56.798,1.0607,1.061,0.50,0.20
2008.02.25 07:05:56.896,1.0607,1.061,0.50,0.20
2008.02.25 07:05:56.962,1.0607,1.061,0.50,0.20
2008.02.25 07:05:57.731,1.0607,1.061,0.50,0.20
2008.02.25 07:05:57.960,1.06075,1.061,0.30,0.20
2008.02.25 07:05:58.188,1.06075,1.0611,0.30,8.30
2008.02.25 07:05:58.425,1.06075,1.0611,0.30,0.40
2008.02.25 07:05:58.714,1.06075,1.0611,0.30,0.40
2008.02.25 07:05:58.944,1.06075,1.0611,0.30,0.40
2008.02.25 07:05:59.163,1.06075,1.0611,0.30,0.40
2008.02.25 07:05:59.381,1.06075,1.0611,0.30,8.30
2008.02.25 07:05:59.600,1.0608,1.061,0.30,0.20
2008.02.25 07:05:59.819,1.0608,1.0611,0.20,0.40
2008.02.25 07:06:02.773,1.0608,1.0611,0.20,0.40
2008.02.25 07:06:05.911,1.06075,1.061,0.30,0.20
2008.02.25 07:06:06.089,1.0607,1.061,0.20,0.40
2008.02.25 07:06:07.799,1.0607,1.061,0.20,0.40
2008.02.25 07:06:08.658,1.0607,1.061,0.50,0.20
2008.02.25 07:06:08.777,1.0607,1.06105,0.50,0.20
2008.02.25 07:06:08.894,1.0607,1.06105,0.50,0.20
2008.02.25 07:06:09.510,1.0607,1.06105,0.50,0.20
2008.02.25 07:06:10.695,1.0607,1.06105,0.50,0.20
2008.02.25 07:06:11.223,1.0607,1.06105,0.50,0.20
2008.02.25 07:06:12.851,1.0607,1.06105,0.50,0.20
2008.02.25 07:06:14.390,1.0607,1.06105,0.50,0.20
2008.02.25 07:06:14.512,1.06075,1.0611,0.30,0.40
2008.02.25 07:06:14.798,1.06075,1.0611,0.30,0.40
2008.02.25 07:06:14.916,1.0608,1.0611,0.20,0.40
2008.02.25 07:06:16.825,1.0608,1.06105,0.20,0.20
2008.02.25 07:06:16.954,1.0607,1.06105,1.20,0.20
2008.02.25 07:06:17.032,1.0607,1.06105,0.50,0.20
2008.02.25 07:06:17.826,1.0607,1.061,0.30,0.20
2008.02.25 07:06:21.437,1.0607,1.061,0.30,0.20
2008.02.25 07:06:21.620,1.0607,1.061,0.30,0.20
2008.02.25 07:06:22.887,1.0607,1.061,0.30,0.20
2008.02.25 07:06:27.937,1.0607,1.061,0.30,0.20
2008.02.25 07:06:29.382,1.0606,1.06095,9.60,0.20
2008.02.25 07:06:29.536,1.0606,1.0609,0.50,0.20
2008.02.25 07:06:29.771,1.0606,1.0609,0.50,0.20
2008.02.25 07:06:29.963,1.0606,1.0609,0.50,0.20
2008.02.25 07:06:30.448,1.0606,1.0609,0.50,0.20
2008.02.25 07:06:30.502,1.0606,1.0609,0.50,0.20
2008.02.25 07:06:30.555,1.0606,1.0609,0.50,0.20
2008.02.25 07:06:30.960,1.0606,1.0609,0.50,0.20
2008.02.25 07:06:31.023,1.0606,1.0609,0.50,0.20
2008.02.25 07:06:31.511,1.0606,1.0609,0.50,0.20
2008.02.25 07:06:31.594,1.0606,1.0609,0.50,0.20
2008.02.25 07:06:32.011,1.0606,1.0609,0.50,0.20
2008.02.25 07:06:32.074,1.0606,1.0609,0.50,0.20
2008.02.25 07:06:32.929,1.0606,1.0608,0.20,0.20
2008.02.25 07:06:33.133,1.0605,1.0607,7.60,0.20
2008.02.25 07:06:33.321,1.06045,1.0607,0.30,0.20
2008.02.25 07:06:33.519,1.0604,1.0606,0.30,0.20
2008.02.25 07:06:33.707,1.0604,1.0606,0.30,0.20
2008.02.25 07:06:33.895,1.0603,1.0606,0.30,0.20
2008.02.25 07:06:34.085,1.0603,1.0606,0.30,0.20
2008.02.25 07:06:34.359,1.0603,1.0606,0.30,0.20
2008.02.25 07:06:34.445,1.06025,1.0606,0.30,0.40
2008.02.25 07:06:34.525,1.06025,1.0606,0.30,0.40
2008.02.25 07:06:34.603,1.06025,1.0606,0.30,0.40
2008.02.25 07:06:34.765,1.06025,1.0606,0.30,0.40
2008.02.25 07:06:35.785,1.06025,1.0606,0.30,0.40
2008.02.25 07:06:36.527,1.06025,1.0606,0.30,0.40
2008.02.25 07:06:38.033,1.06025,1.0606,0.30,0.40
2008.02.25 07:06:38.093,1.06025,1.0606,0.30,0.40
2008.02.25 07:06:38.446,1.06025,1.0606,0.30,0.40
2008.02.25 07:06:39.473,1.06025,1.0606,0.30,0.40
2008.02.25 07:06:39.620,1.06025,1.0606,0.30,1.90
2008.02.25 07:06:39.783,1.06025,1.0606,0.30,1.90
2008.02.25 07:06:39.932,1.0602,1.06055,0.30,0.20
2008.02.25 07:06:40.089,1.0602,1.0605,0.30,0.20
2008.02.25 07:06:40.121,1.0602,1.0605,0.30,0.20
2008.02.25 07:06:40.300,1.0602,1.0605,0.30,0.20
2008.02.25 07:06:40.387,1.06015,1.0605,0.30,0.40
2008.02.25 07:06:41.146,1.06015,1.0605,0.30,0.40
2008.02.25 07:06:42.547,1.06015,1.0605,0.30,0.40
2008.02.25 07:06:42.717,1.06015,1.0605,0.30,0.40
2008.02.25 07:06:43.010,1.06015,1.0605,0.30,0.40
2008.02.25 07:06:43.059,1.06015,1.0605,0.30,0.40
2008.02.25 07:06:43.914,1.0602,1.0605,0.30,0.20
2008.02.25 07:06:45.469,1.06015,1.0605,0.30,0.40
2008.02.25 07:06:45.792,1.06015,1.0605,0.30,0.40
2008.02.25 07:06:45.994,1.06015,1.0605,0.30,0.40
2008.02.25 07:06:46.042,1.06015,1.0604,0.30,0.20
2008.02.25 07:06:46.416,1.0601,1.0604,0.30,0.40
2008.02.25 07:06:46.463,1.0601,1.0604,0.50,0.20
2008.02.25 07:06:46.511,1.0601,1.0604,0.50,0.20
2008.02.25 07:06:46.804,1.0601,1.0604,0.50,0.20
2008.02.25 07:06:48.079,1.0601,1.0604,0.50,0.20
2008.02.25 07:06:50.998,1.0601,1.0604,0.50,0.20
2008.02.25 07:06:51.017,1.0601,1.0604,0.50,0.20
2008.02.25 07:06:51.218,1.0601,1.0604,0.50,0.20
2008.02.25 07:06:51.492,1.06025,1.0606,0.30,9.90
2008.02.25 07:06:51.624,1.06025,1.0606,0.30,9.90
2008.02.25 07:06:51.742,1.06025,1.0606,0.30,9.90
2008.02.25 07:06:51.964,1.06025,1.0606,0.30,9.90
2008.02.25 07:06:52.050,1.06025,1.0606,0.30,8.30
2008.02.25 07:06:52.085,1.06025,1.0606,0.30,0.40
2008.02.25 07:06:52.266,1.06025,1.0606,0.30,0.40
2008.02.25 07:06:52.466,1.0602,1.0605,0.20,0.20
2008.02.25 07:06:52.678,1.06015,1.0605,7.90,0.20
2008.02.25 07:06:52.892,1.06015,1.0605,7.90,0.20
2008.02.25 07:06:53.105,1.0601,1.0604,0.50,0.20
2008.02.25 07:06:54.001,1.0601,1.0604,0.30,0.20
2008.02.25 07:06:54.269,1.0601,1.0604,0.30,0.20
2008.02.25 07:06:54.538,1.06005,1.06035,0.30,0.20
2008.02.25 07:06:54.606,1.06005,1.06035,0.30,0.20
2008.02.25 07:06:54.768,1.06005,1.06035,0.30,0.20
2008.02.25 07:06:54.868,1.06005,1.06035,0.30,0.20
2008.02.25 07:06:56.054,1.06005,1.06035,0.30,0.20
2008.02.25 07:06:56.172,1.06005,1.06035,0.30,0.20
2008.02.25 07:06:56.291,1.06015,1.06035,7.60,0.20
2008.02.25 07:06:56.459,1.06015,1.0604,7.60,0.20
2008.02.25 07:06:56.579,1.0602,1.0604,0.20,0.20
2008.02.25 07:06:56.984,1.0602,1.0605,0.20,0.20
2008.02.25 07:06:57.530,1.0602,1.0605,0.20,0.20
2008.02.25 07:06:58.040,1.0602,1.0605,0.90,0.20
2008.02.25 07:06:58.158,1.0602,1.0605,0.90,0.20
2008.02.25 07:06:58.279,1.0602,1.0605,0.90,0.20
2008.02.25 07:06:59.975,1.0602,1.0605,0.90,0.20
2008.02.25 07:07:01.296,1.0602,1.0605,0.90,0.20
2008.02.25 07:07:03.206,1.0602,1.0605,0.90,0.20
2008.02.25 07:07:03.759,1.0602,1.0605,0.90,0.20
2008.02.25 07:07:04.039,1.0602,1.0605,0.90,0.20
2008.02.25 07:07:05.053,1.0602,1.0605,0.90,0.20
2008.02.25 07:07:05.460,1.0602,1.0605,0.90,0.20
2008.02.25 07:07:06.078,1.0602,1.0605,0.90,0.20
2008.02.25 07:07:08.201,1.0602,1.0605,0.90,0.20
2008.02.25 07:07:08.334,1.0602,1.0605,0.90,0.20
2008.02.25 07:07:08.654,1.0602,1.0605,0.80,0.20
2008.02.25 07:07:08.786,1.06015,1.0605,0.30,0.20
2008.02.25 07:07:08.921,1.0601,1.06045,8.80,0.20
2008.02.25 07:07:09.276,1.0601,1.06045,1.20,0.20
2008.02.25 07:07:09.612,1.0601,1.0604,0.90,0.20
2008.02.25 07:07:09.997,1.0601,1.0604,0.90,0.20
2008.02.25 07:07:10.331,1.0601,1.0604,0.90,0.20
2008.02.25 07:07:10.524,1.0601,1.0604,0.90,0.20
2008.02.25 07:07:11.081,1.0601,1.0604,0.90,0.20
2008.02.25 07:07:11.489,1.0601,1.0604,0.90,0.20
2008.02.25 07:07:13.226,1.0601,1.0604,0.90,0.20
2008.02.25 07:07:14.097,1.0601,1.0604,0.90,0.20
2008.02.25 07:07:16.875,1.0601,1.0604,0.90,0.20
2008.02.25 07:07:17.004,1.0601,1.0604,0.90,0.20
2008.02.25 07:07:17.143,1.0601,1.06045,1.20,0.20
2008.02.25 07:07:17.299,1.0601,1.06045,1.20,0.20
2008.02.25 07:07:17.501,1.0601,1.06045,8.80,0.20
2008.02.25 07:07:18.019,1.0601,1.06045,8.80,0.20
2008.02.25 07:07:18.223,1.0601,1.0604,8.60,0.20
2008.02.25 07:07:18.227,1.0601,1.0604,8.60,0.20
2008.02.25 07:07:18.425,1.0601,1.0604,8.60,0.20
2008.02.25 07:07:18.628,1.0601,1.0604,0.90,0.20
2008.02.25 07:07:20.075,1.0601,1.0604,0.90,0.20
2008.02.25 07:07:20.218,1.06005,1.0604,0.30,0.20
2008.02.25 07:07:20.439,1.06,1.06035,1.20,0.20
2008.02.25 07:07:20.583,1.06,1.06035,1.00,0.20
2008.02.25 07:07:20.787,1.06,1.06035,1.00,0.20
2008.02.25 07:07:20.934,1.06,1.06025,0.80,0.20
2008.02.25 07:07:21.083,1.06,1.06025,0.80,0.20
2008.02.25 07:07:21.231,1.06,1.06025,0.80,0.20
2008.02.25 07:07:23.277,1.06,1.06025,0.80,0.20
2008.02.25 07:07:24.229,1.06,1.06025,0.80,0.20
2008.02.25 07:07:24.368,1.06,1.06025,0.80,0.20
2008.02.25 07:07:24.507,1.06,1.0603,1.00,0.20
2008.02.25 07:07:24.645,1.06,1.0603,1.20,0.20
2008.02.25 07:07:25.591,1.06,1.0603,1.20,0.20
2008.02.25 07:07:25.981,1.06,1.0603,1.20,0.20
2008.02.25 07:07:27.057,1.06005,1.06035,0.30,0.20
2008.02.25 07:07:28.318,1.06005,1.06035,0.30,0.20
2008.02.25 07:07:33.354,1.06005,1.06035,0.30,0.20
2008.02.25 07:07:38.372,1.06005,1.06035,0.30,0.20
2008.02.25 07:07:39.034,1.06005,1.06035,0.30,0.20
2008.02.25 07:07:39.194,1.06005,1.06035,0.30,0.20
2008.02.25 07:07:39.351,1.06005,1.06035,0.30,0.20
2008.02.25 07:07:39.510,1.06,1.0603,9.60,0.20
2008.02.25 07:07:39.668,1.0601,1.0603,0.20,0.20
2008.02.25 07:07:40.035,1.0601,1.0604,0.50,0.20
2008.02.25 07:07:40.626,1.0601,1.0604,0.50,0.20
2008.02.25 07:07:40.782,1.0601,1.0604,0.50,0.20
2008.02.25 07:07:43.409,1.0601,1.0604,0.50,0.20
2008.02.25 07:07:45.041,1.0601,1.0604,0.30,0.40
2008.02.25 07:07:48.415,1.0601,1.0604,0.30,0.40
2008.02.25 07:07:48.638,1.06015,1.0604,0.30,0.20
2008.02.25 07:07:48.711,1.06015,1.0604,0.30,0.20
2008.02.25 07:07:48.907,1.06015,1.0604,0.30,0.20
2008.02.25 07:07:49.144,1.06015,1.0604,0.30,0.20
2008.02.25 07:07:49.383,1.06015,1.0604,7.90,0.20
2008.02.25 07:07:49.742,1.06015,1.0604,0.30,0.20
2008.02.25 07:07:50.240,1.06015,1.0604,0.30,0.20
2008.02.25 07:07:52.245,1.06015,1.0604,0.30,0.20
2008.02.25 07:07:52.374,1.06015,1.0604,0.30,0.20
2008.02.25 07:07:52.512,1.0602,1.0604,0.30,0.20
2008.02.25 07:07:52.775,1.0602,1.0604,0.30,0.20
2008.02.25 07:07:53.443,1.0602,1.0604,0.30,0.20
2008.02.25 07:07:56.137,1.0602,1.0604,0.30,0.20
2008.02.25 07:07:58.496,1.0602,1.0604,0.30,0.20
2008.02.25 07:07:59.019,1.06025,1.0604,0.30,0.20
2008.02.25 07:07:59.122,1.06025,1.0604,0.30,0.20
2008.02.25 07:07:59.227,1.06025,1.0605,0.30,0.20
2008.02.25 07:07:59.519,1.06025,1.0605,0.30,0.20
2008.02.25 07:07:59.623,1.06025,1.0605,0.30,0.20
2008.02.25 07:08:00.738,1.06025,1.0605,0.30,0.20
2008.02.25 07:08:03.524,1.06025,1.0605,0.30,0.20
2008.02.25 07:08:08.293,1.06025,1.0605,0.30,0.20
2008.02.25 07:08:08.335,1.06025,1.0605,0.30,0.20
2008.02.25 07:08:08.539,1.06025,1.0605,0.30,0.20
2008.02.25 07:08:08.763,1.06025,1.0605,0.30,0.20
2008.02.25 07:08:13.538,1.06035,1.0605,0.30,0.20
2008.02.25 07:08:13.675,1.06035,1.0606,0.30,0.20
2008.02.25 07:08:13.824,1.06035,1.0606,0.30,0.20
2008.02.25 07:08:14.199,1.06035,1.0606,0.30,0.20
2008.02.25 07:08:14.569,1.0603,1.06055,0.20,0.20
2008.02.25 07:08:14.782,1.0603,1.06055,0.20,0.20
2008.02.25 07:08:15.027,1.0603,1.06055,0.20,0.20
2008.02.25 07:08:16.760,1.0603,1.06055,0.20,0.20
2008.02.25 07:08:18.594,1.0603,1.06055,0.20,0.20
2008.02.25 07:08:23.676,1.0603,1.06055,0.20,0.20
2008.02.25 07:08:26.376,1.0603,1.06055,0.20,0.20
2008.02.25 07:08:28.683,1.0603,1.06055,0.20,0.20
2008.02.25 07:08:30.552,1.0603,1.0605,0.20,0.20
2008.02.25 07:08:30.711,1.0602,1.0605,0.50,0.20
2008.02.25 07:08:30.869,1.0602,1.0605,0.50,0.20
2008.02.25 07:08:31.027,1.0602,1.0605,0.50,0.20
2008.02.25 07:08:32.665,1.0602,1.0605,0.50,0.20
2008.02.25 07:08:33.703,1.0602,1.0605,0.50,0.20
2008.02.25 07:08:38.730,1.0602,1.0605,0.50,0.20
2008.02.25 07:08:39.488,1.0602,1.0605,0.50,0.20
2008.02.25 07:08:40.208,1.0602,1.0605,0.50,0.20
2008.02.25 07:08:40.608,1.0602,1.06045,0.20,0.20
2008.02.25 07:08:40.756,1.06015,1.06045,0.30,0.20
2008.02.25 07:08:41.051,1.06015,1.06045,0.30,0.20
2008.02.25 07:08:43.758,1.06015,1.06045,0.30,0.20
2008.02.25 07:08:48.784,1.06015,1.06045,0.30,0.20
2008.02.25 07:08:53.682,1.0602,1.0605,0.30,0.20
2008.02.25 07:08:53.874,1.0602,1.0605,0.30,0.20
2008.02.25 07:08:54.252,1.0602,1.0605,0.50,0.20
2008.02.25 07:08:56.014,1.0602,1.0605,0.50,0.20
2008.02.25 07:08:58.865,1.0602,1.0605,0.50,0.20
2008.02.25 07:09:01.623,1.0602,1.0605,0.30,0.20
2008.02.25 07:09:01.692,1.0602,1.0605,0.30,0.20
2008.02.25 07:09:01.755,1.06015,1.06045,0.30,0.20
2008.02.25 07:09:02.036,1.06015,1.06045,0.30,0.20
2008.02.25 07:09:02.452,1.06015,1.06045,0.30,0.20
2008.02.25 07:09:03.727,1.0602,1.0605,0.30,0.20
2008.02.25 07:09:03.937,1.0602,1.0605,0.30,0.20
2008.02.25 07:09:04.152,1.0602,1.0605,1.00,0.20
2008.02.25 07:09:04.205,1.0602,1.0605,1.00,0.20
2008.02.25 07:09:04.505,1.0602,1.0605,1.00,0.20
2008.02.25 07:09:04.575,1.06025,1.06055,0.30,0.20
2008.02.25 07:09:04.789,1.06025,1.06055,0.30,0.20
2008.02.25 07:09:05.952,1.06025,1.06055,0.30,0.20
2008.02.25 07:09:06.467,1.06025,1.06055,0.30,0.20
2008.02.25 07:09:08.918,1.06025,1.06055,0.30,0.20
2008.02.25 07:09:13.966,1.06025,1.06055,0.30,0.20
2008.02.25 07:09:18.976,1.06025,1.06055,0.30,0.20
2008.02.25 07:09:20.949,1.0602,1.0605,1.20,0.20
2008.02.25 07:09:21.039,1.0602,1.0605,0.50,0.20
2008.02.25 07:09:21.149,1.06025,1.06055,0.30,0.20
2008.02.25 07:09:21.253,1.06025,1.06055,0.30,0.20
2008.02.25 07:09:21.574,1.0602,1.0605,0.50,0.20
2008.02.25 07:09:21.723,1.0602,1.0605,0.50,0.20
2008.02.25 07:09:24.012,1.0602,1.0605,0.50,0.20
2008.02.25 07:09:25.990,1.0602,1.0605,0.50,0.20
2008.02.25 07:09:26.072,1.0602,1.06045,0.20,0.20
2008.02.25 07:09:26.231,1.0602,1.0605,0.50,0.20
2008.02.25 07:09:26.706,1.0602,1.0605,0.50,0.20
2008.02.25 07:09:28.154,1.0602,1.0605,1.20,0.20
2008.02.25 07:09:28.257,1.0602,1.0605,1.20,0.20
2008.02.25 07:09:28.361,1.0603,1.0605,0.20,0.20
2008.02.25 07:09:28.523,1.0603,1.06055,0.20,0.20
2008.02.25 07:09:29.048,1.0603,1.06055,0.20,0.20
2008.02.25 07:09:29.772,1.0603,1.06055,0.20,0.20
2008.02.25 07:09:29.984,1.0603,1.06055,0.20,0.20
2008.02.25 07:09:34.092,1.0603,1.06055,0.20,0.20
2008.02.25 07:09:34.403,1.0603,1.06055,0.20,0.20
2008.02.25 07:09:34.454,1.0603,1.06055,0.20,0.20
2008.02.25 07:09:37.754,1.0603,1.0606,0.50,0.40
2008.02.25 07:09:37.895,1.0603,1.0606,0.50,0.40
2008.02.25 07:09:37.921,1.0603,1.0606,0.50,0.40
2008.02.25 07:09:39.114,1.0603,1.0606,0.50,0.40
2008.02.25 07:09:39.535,1.0603,1.0606,0.50,0.40
2008.02.25 07:09:39.768,1.0603,1.0606,0.50,0.40
2008.02.25 07:09:40.052,1.0603,1.0606,0.50,0.40
2008.02.25 07:09:40.342,1.0603,1.0606,0.50,0.40
2008.02.25 07:09:44.158,1.0603,1.0606,0.50,0.40
2008.02.25 07:09:44.228,1.0603,1.0606,0.50,0.40
2008.02.25 07:09:44.305,1.0603,1.0606,0.50,0.40
2008.02.25 07:09:49.169,1.0603,1.0606,0.50,0.40
2008.02.25 07:09:54.227,1.0603,1.0606,0.50,0.40
2008.02.25 07:09:57.248,1.06035,1.0606,0.30,0.20
2008.02.25 07:09:57.499,1.06035,1.0607,0.30,0.20
2008.02.25 07:09:57.749,1.06035,1.0607,0.30,0.20
2008.02.25 07:09:59.262,1.06035,1.0607,0.30,0.20
2008.02.25 07:10:04.280,1.06035,1.0607,0.30,0.20
2008.02.25 07:10:09.311,1.06035,1.0607,0.30,0.20
2008.02.25 07:10:14.344,1.06035,1.0607,0.30,0.20
2008.02.25 07:10:15.611,1.06035,1.0607,0.30,0.20
2008.02.25 07:10:19.422,1.06035,1.0607,0.30,0.20
2008.02.25 07:10:24.442,1.06035,1.0607,0.30,0.20
2008.02.25 07:10:29.460,1.06035,1.0607,0.30,0.20
2008.02.25 07:10:33.646,1.06035,1.0607,0.30,0.20
2008.02.25 07:10:34.514,1.06035,1.0607,0.30,0.20
2008.02.25 07:10:39.519,1.06035,1.0607,0.30,0.20
2008.02.25 07:10:44.576,1.06035,1.0607,0.30,0.20
2008.02.25 07:10:44.938,1.06035,1.0607,0.30,0.20
2008.02.25 07:10:45.016,1.06035,1.0607,0.30,0.40
2008.02.25 07:10:45.095,1.06035,1.0607,0.30,0.40
2008.02.25 07:10:45.262,1.06035,1.0607,0.30,0.40
2008.02.25 07:10:45.431,1.06035,1.0607,0.30,0.40
2008.02.25 07:10:45.599,1.0603,1.0606,0.20,0.20
2008.02.25 07:10:45.767,1.0603,1.0606,0.20,0.20
2008.02.25 07:10:45.936,1.0603,1.06065,0.50,0.20
2008.02.25 07:10:46.103,1.0603,1.06065,0.50,0.20
2008.02.25 07:10:46.457,1.0603,1.06065,0.50,0.20
2008.02.25 07:10:49.596,1.0603,1.06065,0.50,0.20
2008.02.25 07:10:52.516,1.0603,1.06065,0.50,0.20
2008.02.25 07:10:54.620,1.0603,1.06065,0.50,0.20
2008.02.25 07:10:55.041,1.0603,1.06065,0.50,0.20
2008.02.25 07:10:57.476,1.0603,1.06065,0.50,0.20
2008.02.25 07:10:57.514,1.06035,1.0607,0.30,0.40
2008.02.25 07:10:57.564,1.06035,1.0607,0.30,0.40
2008.02.25 07:10:57.781,1.06035,1.0607,0.30,0.40
2008.02.25 07:10:58.287,1.06035,1.0607,0.30,0.40
2008.02.25 07:10:59.650,1.06035,1.0607,0.30,0.40
2008.02.25 07:11:04.661,1.06035,1.0607,0.30,0.40
2008.02.25 07:11:08.297,1.06045,1.0607,0.30,0.20
2008.02.25 07:11:09.705,1.06045,1.0607,0.30,0.20
2008.02.25 07:11:12.720,1.06045,1.0607,0.30,0.20
2008.02.25 07:11:14.736,1.06045,1.0607,0.30,0.20
2008.02.25 07:11:15.024,1.0604,1.0607,0.30,0.20
2008.02.25 07:11:19.754,1.0604,1.0607,0.30,0.20
2008.02.25 07:11:22.256,1.0604,1.0607,0.30,0.20
2008.02.25 07:11:22.774,1.0604,1.0607,0.30,0.20
2008.02.25 07:11:24.792,1.0604,1.0607,0.30,0.20
2008.02.25 07:11:25.742,1.0604,1.0607,0.30,0.20
2008.02.25 07:11:26.264,1.0604,1.0607,0.30,0.20
2008.02.25 07:11:28.719,1.06035,1.0607,0.30,0.40
2008.02.25 07:11:28.819,1.06035,1.0607,0.30,0.40
2008.02.25 07:11:28.969,1.06035,1.0607,0.30,0.40
2008.02.25 07:11:29.072,1.06035,1.0607,0.30,0.40
2008.02.25 07:11:29.300,1.06035,1.0607,0.30,0.40
2008.02.25 07:11:29.701,1.06035,1.0607,0.30,0.40
2008.02.25 07:11:33.708,1.06035,1.0607,0.30,0.40
2008.02.25 07:11:34.284,1.06035,1.0607,0.30,0.40
2008.02.25 07:11:34.789,1.06035,1.0607,0.30,0.50
2008.02.25 07:11:35.222,1.06035,1.0607,0.30,0.40
2008.02.25 07:11:39.867,1.06035,1.0607,0.30,0.40
2008.02.25 07:11:44.883,1.06035,1.0607,0.30,0.40
2008.02.25 07:11:45.231,1.06035,1.0607,0.30,0.40
2008.02.25 07:11:45.309,1.06035,1.0607,0.30,0.40
2008.02.25 07:11:45.447,1.0603,1.06065,0.50,0.20
2008.02.25 07:11:45.756,1.0603,1.06065,0.50,0.20
2008.02.25 07:11:45.832,1.0603,1.06065,0.30,0.20
2008.02.25 07:11:46.776,1.0603,1.06065,0.30,0.20
2008.02.25 07:11:47.111,1.0603,1.06065,0.30,1.70
2008.02.25 07:11:47.246,1.0603,1.06065,0.30,1.70
2008.02.25 07:11:47.490,1.0602,1.0605,0.20,0.20
2008.02.25 07:11:47.599,1.0602,1.0605,0.20,0.20
2008.02.25 07:11:47.712,1.0602,1.0605,0.20,0.20
2008.02.25 07:11:47.820,1.0602,1.0605,0.20,0.20
2008.02.25 07:11:48.031,1.0602,1.0605,0.20,0.20
2008.02.25 07:11:48.167,1.0602,1.0604,0.20,0.20
2008.02.25 07:11:49.065,1.0602,1.0604,0.20,0.20
2008.02.25 07:11:49.576,1.0602,1.0604,0.20,0.20
2008.02.25 07:11:49.916,1.0602,1.0604,0.20,0.20
2008.02.25 07:11:51.575,1.0602,1.0604,0.20,0.20
2008.02.25 07:11:51.759,1.0602,1.0604,0.20,0.20
2008.02.25 07:11:54.145,1.0602,1.0604,0.20,0.20
2008.02.25 07:11:54.960,1.0602,1.0604,0.20,0.20
2008.02.25 07:11:59.051,1.0602,1.0604,0.20,0.20
2008.02.25 07:11:59.838,1.0602,1.0604,0.20,0.20
2008.02.25 07:11:59.980,1.0602,1.0604,0.20,0.20
2008.02.25 07:12:00.280,1.0602,1.0604,0.20,0.20
2008.02.25 07:12:04.965,1.06025,1.0604,0.30,0.20
2008.02.25 07:12:05.258,1.06025,1.06055,0.30,8.00
2008.02.25 07:12:05.550,1.06025,1.0606,0.30,0.40
2008.02.25 07:12:07.111,1.06025,1.0606,0.30,0.40
2008.02.25 07:12:10.064,1.06025,1.0606,0.30,0.40
2008.02.25 07:12:11.466,1.0602,1.06055,0.50,0.20
2008.02.25 07:12:11.634,1.06025,1.0606,0.30,0.40
2008.02.25 07:12:11.805,1.06025,1.0606,0.30,0.40
2008.02.25 07:12:11.964,1.0603,1.0606,0.30,0.20
2008.02.25 07:12:12.126,1.0603,1.0606,0.50,0.20
2008.02.25 07:12:15.121,1.0603,1.0606,0.50,0.20
2008.02.25 07:12:17.856,1.0603,1.0606,0.50,0.20
2008.02.25 07:12:20.134,1.0603,1.0606,0.50,0.20
2008.02.25 07:12:25.177,1.0603,1.0606,0.50,0.20
2008.02.25 07:12:30.209,1.0603,1.0606,0.50,0.20
2008.02.25 07:12:35.254,1.0603,1.0606,0.50,0.20
2008.02.25 07:12:37.497,1.06035,1.0606,0.30,0.20
2008.02.25 07:12:37.823,1.0603,1.0606,0.50,0.20
2008.02.25 07:12:40.246,1.0603,1.0606,0.50,0.20
2008.02.25 07:12:45.299,1.0603,1.0606,0.50,0.20
2008.02.25 07:12:50.322,1.0603,1.0606,0.50,0.20
2008.02.25 07:12:55.374,1.0603,1.0606,0.50,0.20
2008.02.25 07:12:59.087,1.0604,1.0606,0.30,0.20
2008.02.25 07:12:59.135,1.0604,1.0606,0.30,0.20
2008.02.25 07:12:59.193,1.0604,1.0607,0.30,0.20
2008.02.25 07:12:59.226,1.0604,1.0607,0.30,0.20
2008.02.25 07:12:59.260,1.0604,1.0607,0.30,0.20
2008.02.25 07:12:59.534,1.0604,1.0607,0.30,0.20
2008.02.25 07:12:59.604,1.0604,1.0607,0.30,0.20
2008.02.25 07:13:00.393,1.0604,1.0607,0.30,0.20
2008.02.25 07:13:01.150,1.06045,1.06075,0.30,1.70
2008.02.25 07:13:01.284,1.06045,1.06075,0.30,1.70
2008.02.25 07:13:01.528,1.06045,1.06075,0.30,1.70
2008.02.25 07:13:01.773,1.06045,1.06075,0.30,0.20
2008.02.25 07:13:02.016,1.06045,1.06075,0.30,0.20
2008.02.25 07:13:03.131,1.06045,1.06075,0.30,0.20
2008.02.25 07:13:03.241,1.06045,1.06075,0.30,0.20
2008.02.25 07:13:03.348,1.06045,1.06075,0.30,1.70
2008.02.25 07:13:04.486,1.06045,1.06075,0.30,1.70
2008.02.25 07:13:04.585,1.0604,1.0607,0.30,0.20
2008.02.25 07:13:04.777,1.0604,1.0607,0.30,0.20
2008.02.25 07:13:05.429,1.0604,1.0607,0.30,0.20
2008.02.25 07:13:06.196,1.0604,1.0607,0.30,0.20
2008.02.25 07:13:07.422,1.0604,1.0607,0.30,0.20
2008.02.25 07:13:07.525,1.0604,1.0607,0.50,0.20
2008.02.25 07:13:07.629,1.06045,1.0608,0.30,8.30
2008.02.25 07:13:07.732,1.06045,1.0608,0.30,0.40
2008.02.25 07:13:08.042,1.06045,1.0608,0.30,0.40
2008.02.25 07:13:08.249,1.06045,1.0608,0.30,0.40
2008.02.25 07:13:10.467,1.06045,1.0608,0.30,0.40
2008.02.25 07:13:14.330,1.06045,1.06075,0.30,0.20
2008.02.25 07:13:14.480,1.06045,1.06075,0.30,0.20
2008.02.25 07:13:14.758,1.06045,1.06075,0.30,0.20
2008.02.25 07:13:14.841,1.06045,1.06075,0.30,0.20
2008.02.25 07:13:14.998,1.06045,1.06075,0.30,0.20
2008.02.25 07:13:15.488,1.06045,1.06075,0.30,0.20
2008.02.25 07:13:15.982,1.06045,1.06075,0.30,0.20
2008.02.25 07:13:16.109,1.0604,1.0607,0.50,0.20
2008.02.25 07:13:16.957,1.06045,1.06075,0.30,0.20
2008.02.25 07:13:20.001,1.06045,1.06075,0.30,0.20
2008.02.25 07:13:20.503,1.06045,1.06075,0.30,0.20
2008.02.25 07:13:22.469,1.06045,1.06075,0.30,0.20
2008.02.25 07:13:22.552,1.06045,1.0608,0.30,0.40
2008.02.25 07:13:22.773,1.06045,1.0608,0.30,0.40
2008.02.25 07:13:24.459,1.06045,1.0608,0.30,0.40
2008.02.25 07:13:25.552,1.06045,1.0608,0.30,0.40
2008.02.25 07:13:30.599,1.06045,1.0608,0.30,0.40
2008.02.25 07:13:32.073,1.06045,1.06075,0.30,0.20
2008.02.25 07:13:32.175,1.06045,1.06075,0.30,0.20
2008.02.25 07:13:32.255,1.06045,1.06075,0.30,0.20
2008.02.25 07:13:32.535,1.06045,1.06075,0.30,0.20
2008.02.25 07:13:32.867,1.06045,1.06075,0.30,0.20
2008.02.25 07:13:35.634,1.06045,1.06075,0.30,0.20
2008.02.25 07:13:40.656,1.06045,1.06075,0.30,0.20
2008.02.25 07:13:45.655,1.06045,1.06075,0.30,0.20
2008.02.25 07:13:47.222,1.06045,1.06075,0.30,0.20
2008.02.25 07:13:48.990,1.0604,1.0607,0.50,0.20
2008.02.25 07:13:49.037,1.0604,1.0607,0.50,0.20
2008.02.25 07:13:49.065,1.0604,1.0607,0.50,0.20
2008.02.25 07:13:49.247,1.0604,1.0607,0.50,0.20
2008.02.25 07:13:49.828,1.0604,1.0607,0.30,0.20
2008.02.25 07:13:50.467,1.0604,1.0607,0.30,0.20
2008.02.25 07:13:55.744,1.0604,1.0607,0.30,0.20
2008.02.25 07:13:59.873,1.06035,1.0607,0.30,0.20
2008.02.25 07:14:00.754,1.06035,1.0607,0.30,0.20
2008.02.25 07:14:02.077,1.06035,1.0607,0.30,0.20
2008.02.25 07:14:05.801,1.06035,1.0607,0.30,0.20
2008.02.25 07:14:10.811,1.06035,1.0607,0.30,0.20
2008.02.25 07:14:15.859,1.06035,1.0607,0.30,0.20
2008.02.25 07:14:20.886,1.06035,1.0607,0.30,0.20
2008.02.25 07:14:24.315,1.06035,1.0607,0.30,0.20
2008.02.25 07:14:25.039,1.06035,1.0607,0.30,0.20
2008.02.25 07:14:25.887,1.06035,1.0607,0.30,0.20
2008.02.25 07:14:30.132,1.06035,1.0607,0.30,0.20
2008.02.25 07:14:30.171,1.0604,1.06075,0.30,1.70
2008.02.25 07:14:30.251,1.0604,1.06075,0.30,1.70
2008.02.25 07:14:30.576,1.06035,1.0607,0.30,0.20
2008.02.25 07:14:30.911,1.06035,1.0607,0.30,0.20
2008.02.25 07:14:30.964,1.06035,1.0607,0.30,0.20
2008.02.25 07:14:31.476,1.06035,1.0607,0.30,0.20
2008.02.25 07:14:32.476,1.06035,1.0607,0.30,0.20
2008.02.25 07:14:35.954,1.06035,1.0607,0.30,0.20
2008.02.25 07:14:40.310,1.0604,1.06075,0.30,1.70
2008.02.25 07:14:40.531,1.0604,1.06075,0.30,1.70
2008.02.25 07:14:40.559,1.06035,1.0607,0.30,0.20
2008.02.25 07:14:40.732,1.06035,1.0607,0.30,0.20
2008.02.25 07:14:40.966,1.06035,1.0607,0.30,0.20
2008.02.25 07:14:41.250,1.06035,1.0607,0.30,0.20
2008.02.25 07:14:41.761,1.06035,1.0607,0.30,0.20
2008.02.25 07:14:46.011,1.06035,1.0607,0.30,0.20
2008.02.25 07:14:51.036,1.06035,1.0607,0.30,0.20
2008.02.25 07:14:56.053,1.06035,1.0607,0.30,0.20
2008.02.25 07:14:56.412,1.0603,1.0606,0.20,0.20
2008.02.25 07:14:56.536,1.0603,1.0606,0.20,0.20
2008.02.25 07:14:56.747,1.0603,1.0606,0.20,0.20
2008.02.25 07:14:56.887,1.0603,1.0606,0.20,0.40
2008.02.25 07:14:58.192,1.0603,1.0606,0.20,0.40
2008.02.25 07:14:58.362,1.0603,1.0605,0.20,0.20
2008.02.25 07:14:58.458,1.0603,1.0605,0.20,0.20
2008.02.25 07:14:58.512,1.0603,1.0605,0.20,0.20
2008.02.25 07:14:58.579,1.0603,1.0605,0.20,0.20
2008.02.25 07:14:58.782,1.0603,1.06055,0.20,0.90
2008.02.25 07:14:58.837,1.0603,1.06055,0.20,0.90
2008.02.25 07:14:58.890,1.0603,1.06055,0.20,0.80
2008.02.25 07:14:58.943,1.06025,1.06055,0.30,0.80
2008.02.25 07:14:58.996,1.06025,1.0606,0.30,0.20
2008.02.25 07:14:59.309,1.06025,1.0606,0.30,0.20
2008.02.25 07:15:00.348,1.0603,1.06065,0.30,0.90
2008.02.25 07:15:00.535,1.0603,1.06065,0.30,0.60
2008.02.25 07:15:00.867,1.06015,1.0605,9.50,0.20
2008.02.25 07:15:00.966,1.06015,1.0605,9.50,0.20
2008.02.25 07:15:01.046,1.06015,1.0605,1.80,0.20
2008.02.25 07:15:01.105,1.06015,1.0605,1.80,0.20
2008.02.25 07:15:01.254,1.06015,1.0605,1.80,0.20
2008.02.25 07:15:01.401,1.06015,1.0605,1.80,0.20
2008.02.25 07:15:01.464,1.06015,1.0605,0.30,0.20
2008.02.25 07:15:01.760,1.06015,1.0605,0.30,0.20
2008.02.25 07:15:02.561,1.06015,1.0605,0.30,0.20
2008.02.25 07:15:02.972,1.06015,1.0605,0.30,0.20
2008.02.25 07:15:04.903,1.06025,1.06055,0.30,0.70
2008.02.25 07:15:05.009,1.06025,1.0606,0.30,0.70
2008.02.25 07:15:05.112,1.06025,1.0606,0.30,0.40
2008.02.25 07:15:05.215,1.06025,1.0606,0.30,0.40
2008.02.25 07:15:05.319,1.06025,1.0606,0.30,0.40
2008.02.25 07:15:05.463,1.06025,1.0606,0.30,0.40
2008.02.25 07:15:06.122,1.06025,1.0606,0.30,0.40
2008.02.25 07:15:09.870,1.0603,1.0606,0.30,0.20
2008.02.25 07:15:09.961,1.0603,1.0606,0.30,0.20
2008.02.25 07:15:10.000,1.0603,1.0606,0.30,0.20
2008.02.25 07:15:10.317,1.0603,1.0606,0.30,0.20
2008.02.25 07:15:10.413,1.0603,1.0606,0.50,0.20
2008.02.25 07:15:11.128,1.0603,1.0606,0.50,0.20
2008.02.25 07:15:16.178,1.0603,1.0606,0.50,0.20
2008.02.25 07:15:17.861,1.0603,1.0606,0.20,0.40
2008.02.25 07:15:17.961,1.0603,1.0606,0.20,0.40
2008.02.25 07:15:18.040,1.0603,1.0606,0.20,0.40
2008.02.25 07:15:18.257,1.0603,1.0606,0.20,0.40
2008.02.25 07:15:19.478,1.0603,1.0606,0.20,0.40
2008.02.25 07:15:21.213,1.0603,1.0606,0.20,0.40
2008.02.25 07:15:26.234,1.0603,1.0606,0.20,0.40
2008.02.25 07:15:26.254,1.0603,1.0606,0.20,0.40
2008.02.25 07:15:27.393,1.0603,1.0605,0.20,0.20
2008.02.25 07:15:27.527,1.06015,1.0605,3.10,0.20
2008.02.25 07:15:27.574,1.06015,1.0605,2.70,0.20
2008.02.25 07:15:27.742,1.06015,1.0605,0.30,0.20
2008.02.25 07:15:27.924,1.06015,1.0605,0.30,0.20
2008.02.25 07:15:27.966,1.0601,1.06045,0.30,0.20
2008.02.25 07:15:28.010,1.0601,1.06045,0.30,0.20
2008.02.25 07:15:28.256,1.0601,1.06045,0.30,0.20
2008.02.25 07:15:28.464,1.0601,1.06045,0.30,0.20
2008.02.25 07:15:29.478,1.0601,1.06045,0.30,0.20
2008.02.25 07:15:29.596,1.0601,1.06045,0.30,0.20
2008.02.25 07:15:31.257,1.0601,1.06045,0.30,0.20
2008.02.25 07:15:36.298,1.0601,1.06045,0.30,0.20
2008.02.25 07:15:41.242,1.0601,1.06045,0.30,0.20
2008.02.25 07:15:41.299,1.0601,1.06045,0.30,0.20
2008.02.25 07:15:41.505,1.0601,1.06045,0.30,0.20
2008.02.25 07:15:41.593,1.0601,1.06045,0.30,1.70
2008.02.25 07:15:41.712,1.0601,1.06045,0.30,1.70
2008.02.25 07:15:43.757,1.0601,1.06045,0.30,1.70
2008.02.25 07:15:46.331,1.0601,1.06045,0.30,1.70
2008.02.25 07:15:51.357,1.0601,1.06045,0.30,1.70
2008.02.25 07:15:56.398,1.0601,1.06045,0.30,1.70
2008.02.25 07:15:57.201,1.0601,1.06045,0.30,1.70
2008.02.25 07:15:57.295,1.06005,1.06035,0.80,0.20
2008.02.25 07:15:57.389,1.06005,1.06035,0.80,0.20
2008.02.25 07:15:57.525,1.06005,1.06035,0.80,0.20
2008.02.25 07:15:57.618,1.06005,1.0604,1.00,0.20
2008.02.25 07:15:57.710,1.06005,1.0604,1.00,0.20
2008.02.25 07:15:57.813,1.06005,1.0604,1.00,0.20
2008.02.25 07:15:57.996,1.0601,1.0604,0.30,0.20
2008.02.25 07:15:58.227,1.0601,1.0604,0.30,0.20
2008.02.25 07:15:58.540,1.0601,1.0604,0.30,0.20
2008.02.25 07:15:59.463,1.0601,1.0604,0.30,0.20
2008.02.25 07:15:59.567,1.0601,1.06045,0.30,1.70
2008.02.25 07:16:01.412,1.0601,1.06045,0.30,1.70
2008.02.25 07:16:03.936,1.0601,1.06045,0.30,1.70
2008.02.25 07:16:04.005,1.0601,1.06045,0.30,1.70
2008.02.25 07:16:04.142,1.0601,1.06045,0.30,0.20
2008.02.25 07:16:04.247,1.0601,1.06045,0.30,0.20
2008.02.25 07:16:04.759,1.0601,1.06045,0.30,0.20
2008.02.25 07:16:06.443,1.0601,1.06045,0.30,0.20
2008.02.25 07:16:08.131,1.0601,1.06045,0.30,0.20
2008.02.25 07:16:08.249,1.0601,1.06045,0.30,0.20
2008.02.25 07:16:08.549,1.0601,1.06045,0.30,0.20
2008.02.25 07:16:11.458,1.0601,1.06045,0.30,0.20
2008.02.25 07:16:16.506,1.0601,1.06045,0.30,0.20
2008.02.25 07:16:18.356,1.0601,1.06045,0.30,0.20
2008.02.25 07:16:21.507,1.0601,1.06045,0.30,0.20
2008.02.25 07:16:26.525,1.0601,1.06045,0.30,0.20
2008.02.25 07:16:30.549,1.0601,1.06045,0.30,0.20
2008.02.25 07:16:31.263,1.0601,1.06045,0.30,0.20
2008.02.25 07:16:31.551,1.0601,1.06045,0.30,0.20
2008.02.25 07:16:36.586,1.0601,1.06045,0.30,0.20
2008.02.25 07:16:40.402,1.0601,1.06045,0.30,0.20
2008.02.25 07:16:41.605,1.0601,1.06045,0.30,0.20
2008.02.25 07:16:42.824,1.06015,1.0605,0.30,0.20
2008.02.25 07:16:42.980,1.06015,1.0605,0.30,0.20
2008.02.25 07:16:43.074,1.0601,1.06045,0.30,0.20
2008.02.25 07:16:43.805,1.0601,1.06045,0.30,0.20
2008.02.25 07:16:44.222,1.0601,1.06045,0.30,0.20
2008.02.25 07:16:46.157,1.06015,1.0605,0.30,0.20
2008.02.25 07:16:46.349,1.06015,1.0605,0.30,0.20
2008.02.25 07:16:46.481,1.0601,1.06045,0.30,0.20
2008.02.25 07:16:46.624,1.0601,1.06045,0.30,0.20
2008.02.25 07:16:47.069,1.0601,1.06045,0.30,0.20
2008.02.25 07:16:47.163,1.0601,1.06045,0.30,0.20
2008.02.25 07:16:47.501,1.0601,1.06045,0.30,0.20
2008.02.25 07:16:48.908,1.0601,1.06045,0.30,0.20
2008.02.25 07:16:48.993,1.06015,1.0605,0.30,0.20
2008.02.25 07:16:49.076,1.0601,1.06045,0.30,0.20
2008.02.25 07:16:49.515,1.0601,1.06045,0.30,0.20
2008.02.25 07:16:49.618,1.06015,1.0605,0.30,0.20
2008.02.25 07:16:49.742,1.06015,1.0605,0.30,0.20
2008.02.25 07:16:49.930,1.06015,1.0605,0.30,0.20
2008.02.25 07:16:50.033,1.06015,1.0605,0.30,0.20
2008.02.25 07:16:50.136,1.06015,1.0605,0.30,0.20
2008.02.25 07:16:50.255,1.06015,1.0605,0.30,0.20
2008.02.25 07:16:50.505,1.0601,1.06045,0.50,0.20
2008.02.25 07:16:50.719,1.0601,1.06045,0.50,0.20
2008.02.25 07:16:50.931,1.0601,1.06045,0.50,0.20
2008.02.25 07:16:51.145,1.0601,1.06045,0.30,0.20
2008.02.25 07:16:51.647,1.0601,1.06045,0.30,0.20
2008.02.25 07:16:54.019,1.06005,1.06035,2.40,0.20
2008.02.25 07:16:54.103,1.06005,1.06035,2.40,0.20
2008.02.25 07:16:54.154,1.06005,1.06035,2.40,0.20
2008.02.25 07:16:54.272,1.06005,1.06035,2.40,0.20
2008.02.25 07:16:54.499,1.06005,1.06035,2.40,0.20
2008.02.25 07:16:54.571,1.06005,1.06035,0.80,0.20
2008.02.25 07:16:54.679,1.06005,1.06035,0.80,0.20
2008.02.25 07:16:55.014,1.06005,1.06035,0.80,0.20
2008.02.25 07:16:55.583,1.06015,1.0604,0.30,0.90
2008.02.25 07:16:55.667,1.06015,1.0604,0.30,0.80
2008.02.25 07:16:55.733,1.06015,1.0604,0.30,0.80
2008.02.25 07:16:55.806,1.06015,1.06045,0.30,0.80
2008.02.25 07:16:55.877,1.06015,1.0605,0.30,0.20
2008.02.25 07:16:55.991,1.0602,1.06055,0.30,1.70
2008.02.25 07:16:56.250,1.0602,1.06055,0.30,1.70
2008.02.25 07:16:56.516,1.06025,1.06055,0.30,1.60
2008.02.25 07:16:56.745,1.06025,1.0606,0.30,0.20
2008.02.25 07:16:56.973,1.06025,1.0606,0.30,0.20
2008.02.25 07:16:57.201,1.06025,1.0606,0.30,0.20
2008.02.25 07:17:00.565,1.06015,1.06045,1.60,0.20
2008.02.25 07:17:00.658,1.0601,1.06045,7.90,0.20
2008.02.25 07:17:00.754,1.0601,1.06045,0.30,0.20
2008.02.25 07:17:01.039,1.0601,1.06045,0.30,0.20
2008.02.25 07:17:01.132,1.0601,1.06045,0.30,0.20
2008.02.25 07:17:01.444,1.0601,1.06045,0.30,0.20
2008.02.25 07:17:01.726,1.0601,1.06045,0.30,0.20
2008.02.25 07:17:04.628,1.0602,1.06055,0.30,9.70
2008.02.25 07:17:04.661,1.0602,1.06055,0.30,9.70
2008.02.25 07:17:04.693,1.0602,1.06055,0.30,9.70
2008.02.25 07:17:04.790,1.0602,1.06055,0.30,1.70
2008.02.25 07:17:05.003,1.0602,1.06055,0.30,1.70
2008.02.25 07:17:05.222,1.06025,1.06055,0.30,1.60
2008.02.25 07:17:05.638,1.0601,1.0604,7.60,0.20
2008.02.25 07:17:05.768,1.0601,1.0604,7.60,0.20
2008.02.25 07:17:05.862,1.0601,1.0604,7.60,0.20
2008.02.25 07:17:06.041,1.06005,1.0604,2.60,0.20
2008.02.25 07:17:06.138,1.06005,1.0604,2.60,0.20
2008.02.25 07:17:06.768,1.06005,1.0604,2.60,0.20
2008.02.25 07:17:07.748,1.06005,1.0604,2.60,0.20
2008.02.25 07:17:09.064,1.06015,1.0605,0.30,9.10
2008.02.25 07:17:09.147,1.06015,1.0605,0.30,8.90
2008.02.25 07:17:09.303,1.06015,1.0605,0.30,0.90
2008.02.25 07:17:09.385,1.06015,1.0605,0.30,0.90
2008.02.25 07:17:09.504,1.06015,1.0605,0.30,0.20
2008.02.25 07:17:09.596,1.0602,1.06055,0.30,1.70
2008.02.25 07:17:09.812,1.0602,1.06055,0.30,0.20
2008.02.25 07:17:09.899,1.0602,1.06055,0.30,0.20
2008.02.25 07:17:10.016,1.0602,1.06055,0.30,0.20
2008.02.25 07:17:10.104,1.06025,1.0606,0.30,0.20
2008.02.25 07:17:11.736,1.06025,1.0606,0.30,0.20
2008.02.25 07:17:12.150,1.06025,1.0606,0.30,0.20
2008.02.25 07:17:12.248,1.06015,1.06045,1.60,0.20
2008.02.25 07:17:12.346,1.0601,1.06045,0.30,0.20
2008.02.25 07:17:12.546,1.0601,1.06045,0.30,0.20
2008.02.25 07:17:12.731,1.0601,1.06045,0.30,0.20
2008.02.25 07:17:16.854,1.0601,1.06045,0.30,0.20
2008.02.25 07:17:19.639,1.0602,1.06055,0.30,9.70
2008.02.25 07:17:19.704,1.0602,1.06055,0.30,1.70
2008.02.25 07:17:19.782,1.0602,1.06055,0.30,1.70
2008.02.25 07:17:20.005,1.0602,1.06055,0.30,1.70
2008.02.25 07:17:20.292,1.0602,1.06055,0.50,1.70
2008.02.25 07:17:20.794,1.0602,1.06055,0.50,0.20
2008.02.25 07:17:21.541,1.0602,1.06055,0.50,0.20
2008.02.25 07:17:21.879,1.0602,1.06055,0.50,0.20
2008.02.25 07:17:26.917,1.0602,1.06055,0.50,0.20
2008.02.25 07:17:31.926,1.0602,1.06055,0.50,0.20
2008.02.25 07:17:36.953,1.0602,1.06055,0.50,0.20
2008.02.25 07:17:42.003,1.0602,1.06055,0.50,0.20
2008.02.25 07:17:47.022,1.0602,1.06055,0.50,0.20
2008.02.25 07:17:47.144,1.0602,1.0605,0.20,0.20
2008.02.25 07:17:47.224,1.0602,1.0605,0.20,0.20
2008.02.25 07:17:47.254,1.06015,1.0605,2.60,0.20
2008.02.25 07:17:47.367,1.06015,1.0605,1.80,0.20
2008.02.25 07:17:47.658,1.06015,1.06045,1.60,0.20
2008.02.25 07:17:47.729,1.06015,1.06045,1.60,0.20
2008.02.25 07:17:47.765,1.0601,1.06045,0.50,0.20
2008.02.25 07:17:47.788,1.0601,1.06045,0.30,0.20
2008.02.25 07:17:48.036,1.0601,1.06045,0.30,0.20
2008.02.25 07:17:48.545,1.0601,1.06045,0.30,0.20
2008.02.25 07:17:52.052,1.0601,1.06045,0.30,0.20
2008.02.25 07:17:55.121,1.0601,1.06045,0.30,1.70
2008.02.25 07:17:55.273,1.0601,1.06045,0.30,1.70
2008.02.25 07:17:55.438,1.0601,1.06045,0.30,1.70
2008.02.25 07:17:55.469,1.0601,1.06045,0.30,1.70
2008.02.25 07:17:55.638,1.06005,1.0604,1.00,0.20
2008.02.25 07:17:55.778,1.06005,1.0604,1.00,0.20
2008.02.25 07:17:55.943,1.0601,1.0604,0.30,0.20
2008.02.25 07:17:56.302,1.0601,1.0604,0.30,0.20
2008.02.25 07:17:57.069,1.0601,1.0604,0.30,0.20
2008.02.25 07:18:02.097,1.0601,1.0604,0.30,0.20
2008.02.25 07:18:07.121,1.0601,1.0604,0.30,0.20
2008.02.25 07:18:12.150,1.0601,1.0604,0.30,0.20
2008.02.25 07:18:15.253,1.06005,1.06035,1.00,0.20
2008.02.25 07:18:15.316,1.06005,1.06035,1.00,0.20
2008.02.25 07:18:15.553,1.06005,1.06035,1.00,0.20
2008.02.25 07:18:15.769,1.06005,1.06035,1.00,0.20
2008.02.25 07:18:15.831,1.06005,1.06035,1.00,0.20
2008.02.25 07:18:15.970,1.06005,1.0604,1.00,0.40
2008.02.25 07:18:16.602,1.06005,1.0604,1.00,0.40
2008.02.25 07:18:17.165,1.06005,1.0604,1.00,0.40
2008.02.25 07:18:19.215,1.06005,1.06035,0.80,0.20
2008.02.25 07:18:19.258,1.06005,1.06035,1.00,0.20
2008.02.25 07:18:20.457,1.06005,1.06035,1.00,0.20
2008.02.25 07:18:20.783,1.06005,1.06035,1.00,0.20
2008.02.25 07:18:20.962,1.06005,1.0604,1.00,0.40
2008.02.25 07:18:22.194,1.06005,1.0604,1.00,0.40
2008.02.25 07:18:23.340,1.06005,1.06035,0.80,0.20
2008.02.25 07:18:23.428,1.06005,1.06035,0.80,0.20
2008.02.25 07:18:23.511,1.06005,1.0604,1.00,0.40
2008.02.25 07:18:23.593,1.06005,1.0604,1.00,0.40
2008.02.25 07:18:23.863,1.06005,1.06035,0.80,0.20
2008.02.25 07:18:23.975,1.06005,1.06035,1.00,0.20
2008.02.25 07:18:24.232,1.06005,1.06035,1.00,0.20
2008.02.25 07:18:26.446,1.06005,1.0604,1.00,0.40
2008.02.25 07:18:26.488,1.06005,1.0604,1.00,0.40
2008.02.25 07:18:27.233,1.06005,1.0604,1.00,0.40
2008.02.25 07:18:31.790,1.06005,1.0604,1.00,0.40
2008.02.25 07:18:31.832,1.06005,1.06035,0.80,0.20
2008.02.25 07:18:31.963,1.06005,1.06035,0.80,0.20
2008.02.25 07:18:31.993,1.06005,1.06035,0.80,0.20
2008.02.25 07:18:32.278,1.06005,1.06035,0.80,0.20
2008.02.25 07:18:37.315,1.06005,1.06035,0.80,0.20
2008.02.25 07:18:42.327,1.06005,1.06035,0.80,0.20
2008.02.25 07:18:45.702,1.06005,1.06035,0.80,0.20
2008.02.25 07:18:47.297,1.06005,1.0602,0.80,0.20
2008.02.25 07:18:47.355,1.06005,1.0602,0.80,0.20
2008.02.25 07:18:47.396,1.06005,1.0602,0.80,0.20
2008.02.25 07:18:47.413,1.06005,1.0602,0.80,0.20
2008.02.25 07:18:47.501,1.06005,1.0602,0.80,0.20
2008.02.25 07:18:47.616,1.06,1.0602,0.20,0.20
2008.02.25 07:18:47.797,1.06,1.0602,0.20,0.20
2008.02.25 07:18:47.932,1.06,1.0602,0.20,0.40
2008.02.25 07:18:48.321,1.06,1.0602,0.20,0.40
2008.02.25 07:18:48.818,1.06,1.0602,0.20,0.40
2008.02.25 07:18:49.014,1.06,1.0602,0.20,0.40
2008.02.25 07:18:51.286,1.06,1.0602,0.20,0.40
2008.02.25 07:18:52.378,1.06,1.0602,0.20,0.40
2008.02.25 07:18:57.414,1.06,1.0602,0.20,0.40
2008.02.25 07:18:58.847,1.0599,1.0602,0.30,0.40
2008.02.25 07:19:01.252,1.0599,1.0602,0.30,0.40
2008.02.25 07:19:01.762,1.0599,1.0602,0.30,0.40
2008.02.25 07:19:02.421,1.0599,1.0602,0.30,0.40
2008.02.25 07:19:07.454,1.0599,1.0602,0.30,0.40
2008.02.25 07:19:12.472,1.0599,1.0602,0.30,0.40
2008.02.25 07:19:17.498,1.0599,1.0602,0.30,0.40
2008.02.25 07:19:19.953,1.06,1.0602,0.30,0.20
2008.02.25 07:19:20.016,1.06,1.06025,0.30,0.80
2008.02.25 07:19:20.080,1.06,1.06035,0.30,0.20
2008.02.25 07:19:20.330,1.06,1.06035,0.30,0.20
2008.02.25 07:19:22.525,1.06,1.06035,0.30,0.20
2008.02.25 07:19:22.865,1.06005,1.0604,0.30,0.40
2008.02.25 07:19:22.985,1.06005,1.0604,0.30,0.40
2008.02.25 07:19:23.392,1.06005,1.0604,0.30,0.40
2008.02.25 07:19:24.351,1.06005,1.0604,0.30,0.40
2008.02.25 07:19:27.531,1.06005,1.0604,0.30,0.40
2008.02.25 07:19:29.515,1.06005,1.0604,1.80,0.40
2008.02.25 07:19:29.822,1.06005,1.0604,1.80,0.40
2008.02.25 07:19:32.564,1.06005,1.0604,1.80,0.40
2008.02.25 07:19:34.912,1.06015,1.0604,0.30,0.20
2008.02.25 07:19:35.080,1.06015,1.0604,0.30,0.20
2008.02.25 07:19:35.251,1.06015,1.0605,0.30,0.40
2008.02.25 07:19:35.420,1.06015,1.0605,0.30,0.40
2008.02.25 07:19:35.589,1.0601,1.06045,0.50,0.20
2008.02.25 07:19:35.787,1.0601,1.06045,0.50,0.20
2008.02.25 07:19:37.608,1.0601,1.06045,0.50,0.20
2008.02.25 07:19:38.527,1.06015,1.0605,0.30,0.40
2008.02.25 07:19:38.793,1.06015,1.0605,0.30,0.40
2008.02.25 07:19:41.064,1.06015,1.0605,0.30,0.40
2008.02.25 07:19:41.564,1.06015,1.0605,0.30,0.40
2008.02.25 07:19:42.663,1.06015,1.0605,0.30,0.40
2008.02.25 07:19:46.843,1.0601,1.0604,0.20,0.20
2008.02.25 07:19:46.914,1.0601,1.0604,0.20,0.40
2008.02.25 07:19:47.034,1.0601,1.0604,0.20,0.40
2008.02.25 07:19:47.097,1.0601,1.0604,0.20,0.40
2008.02.25 07:19:47.688,1.0601,1.0604,0.20,0.40
2008.02.25 07:19:52.714,1.0601,1.0604,0.20,0.40
2008.02.25 07:19:57.778,1.0601,1.0604,0.20,0.40
2008.02.25 07:20:02.412,1.0601,1.0604,0.50,0.20
2008.02.25 07:20:02.498,1.0601,1.0604,0.20,0.40
2008.02.25 07:20:02.552,1.0601,1.0604,0.20,0.40
2008.02.25 07:20:02.667,1.0601,1.0604,0.20,0.40
2008.02.25 07:20:02.736,1.0601,1.0604,0.20,0.20
2008.02.25 07:20:02.789,1.0601,1.0604,0.20,0.20
2008.02.25 07:20:03.048,1.0601,1.0604,0.20,0.20
2008.02.25 07:20:03.121,1.0601,1.06045,0.50,0.20
2008.02.25 07:20:03.578,1.0601,1.06045,0.50,0.20
2008.02.25 07:20:04.082,1.0601,1.06045,0.50,0.20
2008.02.25 07:20:05.492,1.0601,1.06045,0.50,0.90
2008.02.25 07:20:05.531,1.0601,1.0604,0.20,0.20
2008.02.25 07:20:05.822,1.0601,1.0604,0.20,0.20
2008.02.25 07:20:05.936,1.0601,1.0604,0.20,0.40
2008.02.25 07:20:07.431,1.0601,1.0604,0.20,0.40
2008.02.25 07:20:07.806,1.0601,1.0604,0.20,0.40
2008.02.25 07:20:12.664,1.0601,1.06045,0.50,0.90
2008.02.25 07:20:12.757,1.0601,1.06045,0.50,0.20
2008.02.25 07:20:12.773,1.0601,1.06045,0.50,0.20
2008.02.25 07:20:12.803,1.0601,1.06045,0.50,0.20
2008.02.25 07:20:13.252,1.0601,1.06045,0.50,0.20
2008.02.25 07:20:17.840,1.0601,1.06045,0.50,0.20
2008.02.25 07:20:20.567,1.06015,1.06045,0.30,0.20
2008.02.25 07:20:22.534,1.06015,1.06045,0.30,0.20
2008.02.25 07:20:22.869,1.06015,1.06045,0.30,0.20
2008.02.25 07:20:23.049,1.06015,1.06045,0.30,0.20
2008.02.25 07:20:27.890,1.06015,1.06045,0.30,0.20
2008.02.25 07:20:32.938,1.06015,1.06045,0.30,0.20
2008.02.25 07:20:33.020,1.06015,1.0605,0.30,0.40
2008.02.25 07:20:33.078,1.06015,1.0605,0.30,0.40
2008.02.25 07:20:33.142,1.06015,1.0605,1.30,0.40
2008.02.25 07:20:34.050,1.06015,1.0605,1.00,0.40
2008.02.25 07:20:37.144,1.06015,1.0605,0.60,0.40
2008.02.25 07:20:37.975,1.06015,1.0605,1.10,0.40
2008.02.25 07:20:43.000,1.06015,1.0605,1.80,0.40
2008.02.25 07:20:48.028,1.06015,1.0605,1.80,0.40
2008.02.25 07:20:53.070,1.06015,1.0605,1.80,0.40
2008.02.25 07:20:58.117,1.06015,1.0605,1.80,0.40
2008.02.25 07:21:03.130,1.06015,1.0605,1.80,0.40
2008.02.25 07:21:06.079,1.06025,1.0605,0.30,0.20
2008.02.25 07:21:06.378,1.06025,1.0605,0.30,0.20
2008.02.25 07:21:06.676,1.0602,1.0605,0.20,0.20
2008.02.25 07:21:06.845,1.0602,1.0605,0.20,0.20
2008.02.25 07:21:07.013,1.0602,1.06055,0.50,0.20
2008.02.25 07:21:07.190,1.0602,1.0605,0.20,0.20
2008.02.25 07:21:07.358,1.0602,1.0605,0.20,0.40
2008.02.25 07:21:07.534,1.0602,1.0605,0.20,0.40
2008.02.25 07:21:08.156,1.0602,1.0605,0.20,0.40
2008.02.25 07:21:13.169,1.0602,1.0605,0.20,0.40
2008.02.25 07:21:15.734,1.0602,1.0605,0.20,0.40
2008.02.25 07:21:15.797,1.0602,1.0605,0.20,0.20
2008.02.25 07:21:15.952,1.06025,1.0606,0.30,8.30
2008.02.25 07:21:16.074,1.06025,1.0606,0.30,0.40
2008.02.25 07:21:16.580,1.06025,1.0606,0.30,0.40
2008.02.25 07:21:18.198,1.06025,1.0606,0.30,0.40
2008.02.25 07:21:20.231,1.06025,1.0606,0.30,0.40
2008.02.25 07:21:21.645,1.06025,1.0606,0.50,0.40
2008.02.25 07:21:21.660,1.0603,1.0606,0.30,0.20
2008.02.25 07:21:21.764,1.0603,1.0606,0.30,0.20
2008.02.25 07:21:21.776,1.0603,1.0606,0.30,0.20
2008.02.25 07:21:22.074,1.0603,1.0606,0.30,0.20
2008.02.25 07:21:22.240,1.0603,1.0606,0.50,0.20
2008.02.25 07:21:23.282,1.0603,1.0606,0.50,0.20
2008.02.25 07:21:27.560,1.0604,1.0606,0.30,0.20
2008.02.25 07:21:27.622,1.0604,1.06075,0.50,12.10
2008.02.25 07:21:27.762,1.0604,1.06075,0.50,9.70
2008.02.25 07:21:27.783,1.0604,1.06075,0.50,1.70
2008.02.25 07:21:28.283,1.0604,1.06075,0.50,1.70
2008.02.25 07:21:33.304,1.0604,1.06075,0.50,1.70
2008.02.25 07:21:38.365,1.0604,1.06075,0.50,1.70
2008.02.25 07:21:42.914,1.0604,1.06065,0.20,0.20
2008.02.25 07:21:42.994,1.0604,1.06065,0.20,0.20
2008.02.25 07:21:43.026,1.0603,1.06065,3.00,0.20
2008.02.25 07:21:43.089,1.0603,1.06065,0.50,0.20
2008.02.25 07:21:43.127,1.06035,1.0607,0.30,0.40
2008.02.25 07:21:43.242,1.06035,1.0607,0.70,0.40
2008.02.25 07:21:43.307,1.06035,1.0607,0.90,0.40
2008.02.25 07:21:43.388,1.0604,1.0607,0.20,0.40
2008.02.25 07:21:43.437,1.0604,1.0607,0.20,0.40
2008.02.25 07:21:43.509,1.06035,1.0607,0.30,0.40
2008.02.25 07:21:43.844,1.0603,1.06065,0.50,0.20
2008.02.25 07:21:44.178,1.0603,1.06065,0.50,0.20
2008.02.25 07:21:44.512,1.0603,1.06065,0.50,0.20
2008.02.25 07:21:45.007,1.06035,1.0607,0.30,0.40
2008.02.25 07:21:45.200,1.06035,1.0607,0.30,0.40
2008.02.25 07:21:48.461,1.06035,1.0607,0.30,0.40
2008.02.25 07:21:49.977,1.06035,1.0607,1.80,0.40
2008.02.25 07:21:50.035,1.06035,1.0607,1.80,0.40
2008.02.25 07:21:50.110,1.06035,1.0607,1.80,0.20
2008.02.25 07:21:50.173,1.0604,1.06075,0.30,0.20
2008.02.25 07:21:50.328,1.0604,1.06075,0.30,0.20
2008.02.25 07:21:50.860,1.0604,1.06075,0.30,0.20
2008.02.25 07:21:51.184,1.0604,1.06075,0.30,1.70
2008.02.25 07:21:51.499,1.06035,1.0607,0.30,0.20
2008.02.25 07:21:51.813,1.06035,1.0607,0.30,0.20
2008.02.25 07:21:52.127,1.0603,1.06065,0.50,0.20
2008.02.25 07:21:52.266,1.0603,1.06065,0.50,0.20
2008.02.25 07:21:52.405,1.06035,1.0607,0.30,0.40
2008.02.25 07:21:52.543,1.06035,1.0607,0.30,0.40
2008.02.25 07:21:52.681,1.06035,1.0607,0.30,0.40
2008.02.25 07:21:52.997,1.06035,1.0607,0.30,0.40
2008.02.25 07:21:53.466,1.06035,1.0607,0.30,0.40
2008.02.25 07:21:54.940,1.06035,1.0607,0.30,0.40
2008.02.25 07:21:55.063,1.0603,1.06065,0.50,0.20
2008.02.25 07:21:58.489,1.0603,1.06065,0.50,0.20
2008.02.25 07:22:00.859,1.06035,1.0607,0.30,0.40
2008.02.25 07:22:01.157,1.06035,1.0607,1.80,0.40
2008.02.25 07:22:01.268,1.06035,1.0607,1.80,0.40
2008.02.25 07:22:01.317,1.06035,1.0607,1.80,0.40
2008.02.25 07:22:01.589,1.06035,1.0607,1.80,0.40
2008.02.25 07:22:01.917,1.06035,1.0607,1.80,0.40
2008.02.25 07:22:02.251,1.0605,1.0607,0.30,0.20
2008.02.25 07:22:02.585,1.0605,1.06085,0.30,1.70
2008.02.25 07:22:02.733,1.06055,1.06085,0.30,1.60
2008.02.25 07:22:03.239,1.0605,1.06085,0.30,1.70
2008.02.25 07:22:03.515,1.0605,1.06085,0.30,1.70
2008.02.25 07:22:05.623,1.06035,1.0607,9.50,0.20
2008.02.25 07:22:05.731,1.06035,1.0607,9.50,0.20
2008.02.25 07:22:05.799,1.06035,1.0607,7.90,0.20
2008.02.25 07:22:05.839,1.06035,1.0607,0.30,0.20
2008.02.25 07:22:06.045,1.06035,1.0607,0.30,0.20
2008.02.25 07:22:06.200,1.06035,1.0607,0.30,0.20
2008.02.25 07:22:07.260,1.06035,1.0607,7.90,0.20
2008.02.25 07:22:07.324,1.0605,1.06075,0.30,1.60
2008.02.25 07:22:07.388,1.0605,1.06085,0.30,1.70
2008.02.25 07:22:07.578,1.0605,1.06085,0.30,1.70
2008.02.25 07:22:08.569,1.0605,1.06085,0.30,1.70
2008.02.25 07:22:09.213,1.0605,1.06085,0.30,1.70
2008.02.25 07:22:09.264,1.06035,1.0607,9.50,0.20
2008.02.25 07:22:09.439,1.06035,1.0607,9.50,0.20
2008.02.25 07:22:09.588,1.06035,1.0607,1.80,0.20
2008.02.25 07:22:09.822,1.06035,1.0607,1.80,0.20
2008.02.25 07:22:10.721,1.06065,1.0608,0.30,8.10
2008.02.25 07:22:10.815,1.06065,1.0608,0.30,8.00
2008.02.25 07:22:10.917,1.06065,1.06085,0.30,8.00
2008.02.25 07:22:11.022,1.06065,1.061,0.30,0.40
2008.02.25 07:22:11.115,1.0607,1.061,0.30,0.20
2008.02.25 07:22:11.226,1.0607,1.061,0.30,0.20
2008.02.25 07:22:12.680,1.0607,1.061,0.30,8.10
2008.02.25 07:22:12.726,1.06065,1.061,0.30,8.30
2008.02.25 07:22:12.983,1.0607,1.061,0.30,8.10
2008.02.25 07:22:13.092,1.0607,1.061,0.30,8.10
2008.02.25 07:22:13.213,1.0607,1.061,0.30,8.00
2008.02.25 07:22:13.286,1.0607,1.061,0.30,8.00
2008.02.25 07:22:13.336,1.0607,1.061,0.30,8.00
2008.02.25 07:22:13.394,1.0607,1.061,0.30,8.00
2008.02.25 07:22:13.590,1.0607,1.061,0.30,8.00
2008.02.25 07:22:13.811,1.0607,1.061,0.30,8.00
2008.02.25 07:22:14.133,1.0607,1.06105,0.30,8.10
2008.02.25 07:22:14.770,1.0607,1.06105,0.30,8.90
2008.02.25 07:22:14.943,1.0607,1.06105,0.30,8.10
2008.02.25 07:22:15.116,1.0607,1.06105,0.30,0.20
2008.02.25 07:22:18.607,1.0607,1.06105,0.30,0.20
2008.02.25 07:22:18.782,1.0607,1.06105,0.30,0.20
2008.02.25 07:22:18.874,1.0607,1.06105,0.30,1.70
2008.02.25 07:22:19.093,1.0607,1.06105,0.30,1.70
2008.02.25 07:22:19.219,1.0606,1.06095,0.50,0.20
2008.02.25 07:22:19.295,1.0606,1.06095,0.50,0.20
2008.02.25 07:22:19.308,1.0606,1.06095,0.30,0.20
2008.02.25 07:22:19.384,1.0606,1.06095,0.30,0.20
2008.02.25 07:22:19.503,1.0606,1.06095,0.30,0.20
2008.02.25 07:22:20.676,1.0606,1.06095,0.30,0.20
2008.02.25 07:22:20.841,1.0606,1.06095,0.30,0.20
2008.02.25 07:22:21.763,1.0606,1.06095,0.30,0.20
2008.02.25 07:22:23.371,1.0606,1.06095,0.30,0.20
2008.02.25 07:22:23.570,1.0606,1.06095,0.30,0.20
2008.02.25 07:22:24.094,1.0606,1.06095,0.30,0.20
2008.02.25 07:22:24.296,1.0606,1.06095,0.30,0.20
2008.02.25 07:22:24.801,1.0606,1.06095,0.30,0.20
2008.02.25 07:22:26.045,1.0606,1.06095,0.30,0.20
2008.02.25 07:22:26.175,1.06065,1.061,0.30,0.90
2008.02.25 07:22:26.249,1.06065,1.061,0.30,0.60
2008.02.25 07:22:26.296,1.0607,1.061,0.30,0.90
2008.02.25 07:22:26.554,1.0607,1.06105,0.30,0.60
2008.02.25 07:22:26.764,1.0607,1.06105,0.30,0.50
2008.02.25 07:22:27.068,1.0607,1.06105,0.30,0.80
2008.02.25 07:22:28.659,1.0607,1.06105,0.30,0.70
2008.02.25 07:22:28.972,1.06065,1.061,0.30,0.20
2008.02.25 07:22:29.584,1.0607,1.06105,0.30,0.50
2008.02.25 07:22:30.720,1.06065,1.061,0.30,0.20
2008.02.25 07:22:31.845,1.06065,1.061,0.30,0.20
2008.02.25 07:22:32.244,1.06065,1.061,0.30,0.20
2008.02.25 07:22:33.686,1.06065,1.061,0.30,0.20
2008.02.25 07:22:35.798,1.06055,1.06075,9.20,0.20
2008.02.25 07:22:35.838,1.06055,1.06075,1.60,0.20
2008.02.25 07:22:35.876,1.0605,1.06075,0.20,0.20
2008.02.25 07:22:36.009,1.0605,1.06075,0.20,0.20
2008.02.25 07:22:36.288,1.06045,1.06075,1.60,0.20
2008.02.25 07:22:36.524,1.06045,1.06075,1.60,0.20
2008.02.25 07:22:36.809,1.0604,1.06075,0.30,0.20
2008.02.25 07:22:38.167,1.0604,1.06075,0.30,0.20
2008.02.25 07:22:38.252,1.0604,1.06075,0.30,0.20
2008.02.25 07:22:38.721,1.0604,1.06075,0.30,0.20
2008.02.25 07:22:40.314,1.0604,1.06075,0.30,0.20
2008.02.25 07:22:40.963,1.0604,1.06065,0.30,0.80
2008.02.25 07:22:41.056,1.06035,1.06065,1.60,0.90
2008.02.25 07:22:41.324,1.06035,1.06065,1.60,0.90
2008.02.25 07:22:41.517,1.06035,1.06065,1.60,0.90
2008.02.25 07:22:41.711,1.06035,1.0606,1.60,0.20
2008.02.25 07:22:42.875,1.0604,1.0606,0.30,0.20
2008.02.25 07:22:42.988,1.0604,1.06065,0.30,0.80
2008.02.25 07:22:43.102,1.0604,1.06075,0.30,0.60
2008.02.25 07:22:43.214,1.0604,1.06075,0.30,0.70
2008.02.25 07:22:43.328,1.0606,1.06075,0.30,0.50
2008.02.25 07:22:43.520,1.0606,1.06075,0.30,0.90
2008.02.25 07:22:43.709,1.0606,1.06095,0.30,0.20
2008.02.25 07:22:43.898,1.06065,1.061,0.30,0.80
2008.02.25 07:22:44.098,1.06065,1.061,0.30,0.20
2008.02.25 07:22:44.287,1.0607,1.06105,0.30,0.50
2008.02.25 07:22:44.561,1.0608,1.06115,0.30,0.50
2008.02.25 07:22:44.834,1.06075,1.0611,0.30,0.20
2008.02.25 07:22:45.107,1.06075,1.0611,0.30,0.20
2008.02.25 07:22:45.812,1.06075,1.06105,0.30,0.70
2008.02.25 07:22:45.970,1.06075,1.06105,0.30,0.50
2008.02.25 07:22:46.129,1.0607,1.06105,0.30,0.60
2008.02.25 07:22:46.287,1.0607,1.06105,0.30,0.70
2008.02.25 07:22:46.445,1.0607,1.06105,0.30,0.50
2008.02.25 07:22:46.603,1.0607,1.06105,0.30,0.80
2008.02.25 07:22:46.811,1.0607,1.06105,0.30,0.90
2008.02.25 07:22:47.019,1.0606,1.06095,0.30,0.20
2008.02.25 07:22:47.227,1.0606,1.06095,0.30,0.20
2008.02.25 07:22:47.435,1.0606,1.06095,0.30,0.20
2008.02.25 07:22:48.047,1.06065,1.06095,0.30,0.20
2008.02.25 07:22:48.763,1.06065,1.06095,0.30,0.20
2008.02.25 07:22:48.888,1.06065,1.061,0.30,0.90
2008.02.25 07:22:48.991,1.0607,1.061,0.30,0.70
2008.02.25 07:22:49.075,1.0607,1.06105,0.30,0.70
2008.02.25 07:22:49.797,1.0607,1.06105,0.30,0.70
2008.02.25 07:22:50.832,1.0607,1.06105,0.30,0.60
2008.02.25 07:22:51.806,1.06055,1.0609,1.80,0.20
2008.02.25 07:22:51.852,1.06055,1.0609,1.80,0.20
2008.02.25 07:22:51.962,1.06055,1.0609,1.80,0.20
2008.02.25 07:22:54.260,1.06055,1.0609,1.80,0.40
2008.02.25 07:22:54.283,1.06055,1.0609,0.30,0.20
2008.02.25 07:22:54.322,1.06055,1.0609,0.30,0.20
2008.02.25 07:22:54.532,1.06055,1.0609,0.30,0.20
2008.02.25 07:22:54.584,1.06055,1.0609,0.30,0.20
2008.02.25 07:22:54.952,1.06055,1.0609,0.30,0.20
2008.02.25 07:22:55.108,1.06055,1.0609,0.30,0.20
2008.02.25 07:22:56.979,1.0606,1.06095,0.30,1.70
2008.02.25 07:22:57.028,1.0606,1.06095,0.30,0.20
2008.02.25 07:22:57.251,1.0606,1.06095,0.30,0.20
2008.02.25 07:22:58.432,1.06065,1.061,0.30,0.40
2008.02.25 07:22:59.219,1.06065,1.061,0.30,0.20
2008.02.25 07:22:59.312,1.06065,1.061,0.30,0.20
2008.02.25 07:22:59.574,1.06065,1.061,0.30,0.20
2008.02.25 07:22:59.706,1.06065,1.061,0.30,0.20
2008.02.25 07:22:59.969,1.06065,1.061,0.30,0.20
2008.02.25 07:23:00.232,1.06055,1.0609,9.50,0.20
2008.02.25 07:23:00.596,1.06055,1.0609,1.80,0.20
2008.02.25 07:23:02.024,1.06055,1.0609,1.80,0.20
2008.02.25 07:23:02.090,1.06055,1.0609,1.80,0.20
2008.02.25 07:23:02.159,1.0606,1.06095,0.30,0.20
2008.02.25 07:23:02.349,1.0606,1.06095,0.30,0.20
2008.02.25 07:23:02.767,1.0606,1.06095,0.30,0.20
2008.02.25 07:23:03.936,1.06065,1.061,0.30,0.40
2008.02.25 07:23:04.347,1.06065,1.061,0.30,0.40
2008.02.25 07:23:05.335,1.06065,1.061,0.30,0.40
2008.02.25 07:23:05.548,1.06065,1.061,0.30,0.20
2008.02.25 07:23:06.000,1.06065,1.061,0.30,0.20
2008.02.25 07:23:06.404,1.0606,1.06095,0.30,0.20
2008.02.25 07:23:06.632,1.0606,1.06095,0.30,0.20
2008.02.25 07:23:07.495,1.0606,1.06095,0.30,0.20
2008.02.25 07:23:07.599,1.0606,1.06095,0.30,0.20
2008.02.25 07:23:07.929,1.0606,1.06095,0.50,0.20
2008.02.25 07:23:08.255,1.0606,1.06095,0.50,0.20
2008.02.25 07:23:08.946,1.0606,1.06095,0.50,0.20
2008.02.25 07:23:09.149,1.0606,1.06095,0.50,0.20
2008.02.25 07:23:09.393,1.0606,1.06095,0.50,0.20
2008.02.25 07:23:09.461,1.0606,1.06095,0.50,0.20
2008.02.25 07:23:10.883,1.06065,1.061,0.30,0.40
2008.02.25 07:23:11.089,1.0606,1.06095,0.50,0.20
2008.02.25 07:23:11.824,1.0606,1.06095,0.50,0.20
2008.02.25 07:23:14.441,1.0606,1.06095,0.50,0.20
2008.02.25 07:23:17.013,1.0606,1.06095,0.50,0.20
2008.02.25 07:23:17.091,1.0606,1.06095,0.50,0.20
2008.02.25 07:23:17.612,1.06065,1.061,0.30,0.40
2008.02.25 07:23:17.924,1.06065,1.061,0.30,0.40
2008.02.25 07:23:18.173,1.0606,1.06095,0.50,0.20
2008.02.25 07:23:18.554,1.0606,1.06095,0.50,0.20
2008.02.25 07:23:19.472,1.0606,1.06095,0.50,0.20
2008.02.25 07:23:21.497,1.06065,1.06095,0.80,0.20
2008.02.25 07:23:21.526,1.06065,1.06095,0.80,0.20
2008.02.25 07:23:21.558,1.0607,1.061,0.30,0.20
2008.02.25 07:23:22.094,1.0607,1.061,0.50,0.20
2008.02.25 07:23:22.320,1.0607,1.061,0.50,0.20
2008.02.25 07:23:23.628,1.0607,1.061,0.20,0.40
2008.02.25 07:23:23.717,1.06065,1.061,0.30,0.40
2008.02.25 07:23:23.805,1.06065,1.061,0.30,0.40
2008.02.25 07:23:23.948,1.0606,1.06095,0.50,0.20
2008.02.25 07:23:24.528,1.0606,1.06095,0.50,0.20
2008.02.25 07:23:24.785,1.0606,1.06095,0.50,0.20
2008.02.25 07:23:25.947,1.06065,1.06095,0.80,0.20
2008.02.25 07:23:26.090,1.0607,1.061,0.30,0.20
2008.02.25 07:23:26.407,1.0607,1.061,0.50,0.20
2008.02.25 07:23:27.377,1.0607,1.061,0.20,0.40
2008.02.25 07:23:27.532,1.0606,1.06095,8.00,0.20
2008.02.25 07:23:27.641,1.0606,1.06095,0.50,0.20
2008.02.25 07:23:28.061,1.0606,1.06095,0.50,0.20
2008.02.25 07:23:28.411,1.06065,1.061,0.30,0.40
2008.02.25 07:23:29.457,1.0607,1.061,0.30,0.20
2008.02.25 07:23:29.641,1.0607,1.061,0.30,0.20
2008.02.25 07:23:29.804,1.0607,1.061,0.30,0.20
2008.02.25 07:23:29.942,1.0607,1.061,0.50,0.20
2008.02.25 07:23:30.592,1.0607,1.061,0.50,0.20
2008.02.25 07:23:31.334,1.0607,1.061,0.50,0.20
2008.02.25 07:23:31.612,1.0607,1.061,0.50,0.20
2008.02.25 07:23:32.658,1.0607,1.06095,0.20,0.20
2008.02.25 07:23:32.765,1.0607,1.06095,0.20,0.20
2008.02.25 07:23:32.910,1.0607,1.06095,0.20,0.20
2008.02.25 07:23:33.016,1.0606,1.06095,0.50,0.20
2008.02.25 07:23:33.059,1.0606,1.06095,0.50,0.20
2008.02.25 07:23:33.103,1.0606,1.06095,0.50,0.20
2008.02.25 07:23:33.147,1.0606,1.06095,0.50,0.20
2008.02.25 07:23:34.420,1.06065,1.061,0.30,0.40
2008.02.25 07:23:34.753,1.06065,1.06095,0.80,0.20
2008.02.25 07:23:34.956,1.0607,1.061,0.30,0.20
2008.02.25 07:23:35.240,1.0607,1.061,0.50,0.20
2008.02.25 07:23:35.443,1.0607,1.061,0.50,0.20
2008.02.25 07:23:35.646,1.0607,1.061,0.20,0.40
2008.02.25 07:23:35.850,1.0607,1.061,0.20,0.40
2008.02.25 07:23:36.109,1.0606,1.06095,0.50,0.20
2008.02.25 07:23:36.539,1.0606,1.06095,0.50,0.20
2008.02.25 07:23:39.637,1.0607,1.061,0.30,0.20
2008.02.25 07:23:39.670,1.0607,1.061,0.50,0.20
2008.02.25 07:23:39.743,1.0607,1.061,0.50,0.20
2008.02.25 07:23:39.833,1.0607,1.061,0.50,0.20
2008.02.25 07:23:39.878,1.0607,1.061,0.50,0.20
2008.02.25 07:23:41.166,1.0607,1.061,0.20,0.40
2008.02.25 07:23:41.482,1.0606,1.06095,0.50,0.20
2008.02.25 07:23:41.573,1.0606,1.06095,0.50,0.20
2008.02.25 07:23:41.771,1.0606,1.06095,0.50,0.20
2008.02.25 07:23:42.621,1.0607,1.061,0.30,0.20
2008.02.25 07:23:42.800,1.0607,1.061,0.30,0.20
2008.02.25 07:23:42.980,1.0607,1.061,0.30,0.20
2008.02.25 07:23:43.163,1.0607,1.06105,0.30,0.20
2008.02.25 07:23:43.487,1.0607,1.06105,0.30,0.20
2008.02.25 07:23:43.664,1.0607,1.06105,0.30,0.20
2008.02.25 07:23:43.842,1.0607,1.06105,0.30,0.20
2008.02.25 07:23:44.021,1.0608,1.06115,0.50,0.80
2008.02.25 07:23:44.637,1.0608,1.06115,0.50,0.90
2008.02.25 07:23:44.829,1.0608,1.06115,0.50,0.70
2008.02.25 07:23:45.009,1.0608,1.06115,0.50,0.60
2008.02.25 07:23:45.187,1.0608,1.06115,0.50,0.20
2008.02.25 07:23:45.366,1.0608,1.06115,0.50,0.20
2008.02.25 07:23:46.144,1.0608,1.0611,0.20,0.20
2008.02.25 07:23:46.308,1.06075,1.0611,0.30,0.20
2008.02.25 07:23:46.471,1.0607,1.06105,8.00,0.20
2008.02.25 07:23:46.634,1.0607,1.06105,0.50,0.20
2008.02.25 07:23:46.983,1.0608,1.06115,0.30,0.50
2008.02.25 07:23:47.122,1.06075,1.0611,0.30,0.20
2008.02.25 07:23:47.511,1.06075,1.0611,0.30,0.20
2008.02.25 07:23:47.649,1.0607,1.06105,0.50,0.20
2008.02.25 07:23:47.788,1.0607,1.06105,0.30,0.20
2008.02.25 07:23:47.926,1.0607,1.06105,0.30,0.20
2008.02.25 07:23:48.063,1.0607,1.06105,0.30,0.20
2008.02.25 07:23:49.663,1.0607,1.06105,0.30,0.20
2008.02.25 07:23:50.916,1.06065,1.061,1.80,0.20
2008.02.25 07:23:51.099,1.06065,1.061,1.80,0.20
2008.02.25 07:23:51.437,1.06075,1.0611,0.30,8.10
2008.02.25 07:23:51.510,1.06075,1.0611,1.00,8.30
2008.02.25 07:23:51.583,1.06075,1.0611,1.00,0.40
2008.02.25 07:23:52.039,1.06075,1.0611,1.00,0.40
2008.02.25 07:23:53.519,1.06075,1.06105,0.80,0.20
2008.02.25 07:23:53.560,1.0607,1.06105,0.50,0.20
2008.02.25 07:23:54.698,1.0607,1.06105,0.50,0.20
2008.02.25 07:23:59.757,1.0607,1.06105,0.50,0.20
2008.02.25 07:24:00.478,1.06075,1.0611,0.30,0.40
2008.02.25 07:24:00.772,1.06075,1.0611,0.30,0.40
2008.02.25 07:24:00.988,1.0607,1.06105,0.50,0.20
2008.02.25 07:24:01.173,1.0607,1.06105,0.50,0.20
2008.02.25 07:24:01.356,1.0607,1.061,0.50,0.20
2008.02.25 07:24:02.414,1.0607,1.061,0.50,0.20
2008.02.25 07:24:02.552,1.06075,1.0611,0.30,0.40
2008.02.25 07:24:02.690,1.06075,1.0611,0.30,0.40
2008.02.25 07:24:03.082,1.06075,1.0611,0.30,0.40
2008.02.25 07:24:03.191,1.06075,1.0611,1.00,0.40
2008.02.25 07:24:03.300,1.06075,1.0611,2.60,0.40
2008.02.25 07:24:03.465,1.0608,1.0611,0.30,0.20
2008.02.25 07:24:03.578,1.0608,1.0611,0.30,0.20
2008.02.25 07:24:03.728,1.0608,1.0611,0.50,0.20
2008.02.25 07:24:04.630,1.0608,1.0611,0.50,0.20
2008.02.25 07:24:04.844,1.0608,1.0611,0.30,0.20
2008.02.25 07:24:04.931,1.06075,1.0611,0.30,0.40
2008.02.25 07:24:05.025,1.06075,1.0611,0.30,0.40
2008.02.25 07:24:05.531,1.06075,1.0611,0.30,0.40
2008.02.25 07:24:06.893,1.0607,1.061,0.20,0.20
2008.02.25 07:24:07.060,1.06065,1.061,6.60,0.20
2008.02.25 07:24:07.227,1.06065,1.061,0.30,0.20
2008.02.25 07:24:07.339,1.06065,1.061,0.30,0.20
2008.02.25 07:24:07.925,1.0606,1.06095,0.50,0.20
2008.02.25 07:24:08.430,1.0606,1.0609,0.20,0.20
2008.02.25 07:24:08.559,1.0606,1.0609,0.20,0.20
2008.02.25 07:24:08.657,1.0606,1.0609,0.20,0.20
2008.02.25 07:24:08.996,1.0606,1.0609,0.20,0.20
2008.02.25 07:24:09.793,1.0606,1.0609,0.20,0.20
2008.02.25 07:24:10.509,1.0606,1.0609,0.20,0.20
2008.02.25 07:24:11.970,1.0607,1.061,0.30,0.20
2008.02.25 07:24:12.070,1.0607,1.06105,0.50,2.50
2008.02.25 07:24:12.112,1.0607,1.06105,0.50,0.20
2008.02.25 07:24:12.165,1.0607,1.06105,0.50,0.20
2008.02.25 07:24:12.249,1.0607,1.06105,0.50,0.20
2008.02.25 07:24:12.590,1.0607,1.06105,0.50,0.20
2008.02.25 07:24:14.804,1.0607,1.06105,0.50,0.20
2008.02.25 07:24:15.433,1.0607,1.06105,0.50,0.20
2008.02.25 07:24:19.826,1.0607,1.06105,0.50,0.20
2008.02.25 07:24:20.449,1.0607,1.06105,0.30,0.20
2008.02.25 07:24:20.467,1.06065,1.06095,2.90,0.20
2008.02.25 07:24:20.501,1.06065,1.06095,1.70,0.20
2008.02.25 07:24:20.572,1.06065,1.06095,1.00,0.20
2008.02.25 07:24:20.597,1.06065,1.06095,1.80,0.20
2008.02.25 07:24:20.691,1.06065,1.06095,0.70,0.20
2008.02.25 07:24:20.990,1.0606,1.06095,0.50,0.20
2008.02.25 07:24:21.172,1.0606,1.06095,0.50,0.20
2008.02.25 07:24:24.588,1.0606,1.06095,0.50,0.20
2008.02.25 07:24:24.713,1.0606,1.06095,0.50,0.20
2008.02.25 07:24:24.784,1.0606,1.06095,0.50,0.20
2008.02.25 07:24:24.863,1.0606,1.06095,0.50,0.20
2008.02.25 07:24:25.243,1.0606,1.06095,0.50,0.20
2008.02.25 07:24:25.463,1.0606,1.0609,0.20,0.20
2008.02.25 07:24:25.795,1.0606,1.0609,0.20,0.20
2008.02.25 07:24:26.129,1.0606,1.0609,0.20,0.40
2008.02.25 07:24:27.532,1.0607,1.0609,0.20,0.20
2008.02.25 07:24:27.726,1.0607,1.061,0.50,8.50
2008.02.25 07:24:27.918,1.0607,1.061,0.20,0.40
2008.02.25 07:24:28.112,1.0607,1.061,0.30,0.20
2008.02.25 07:24:28.466,1.06065,1.061,0.30,0.40
2008.02.25 07:24:28.659,1.06065,1.061,0.30,0.40
2008.02.25 07:24:30.295,1.06065,1.061,0.30,0.40
2008.02.25 07:24:35.329,1.06065,1.061,0.30,0.40
2008.02.25 07:24:36.307,1.06065,1.061,0.30,0.40
2008.02.25 07:24:36.515,1.0606,1.06095,0.50,0.20
2008.02.25 07:24:36.723,1.0606,1.0609,0.50,0.20
2008.02.25 07:24:38.321,1.06065,1.0609,0.30,0.20
2008.02.25 07:24:38.515,1.06065,1.0609,0.30,0.20
2008.02.25 07:24:38.564,1.0606,1.0609,0.50,0.20
2008.02.25 07:24:38.726,1.0606,1.06095,0.50,0.20
2008.02.25 07:24:38.954,1.06065,1.061,0.30,0.40
2008.02.25 07:24:39.066,1.06065,1.061,0.30,0.40
2008.02.25 07:24:39.241,1.06065,1.061,0.30,0.40
2008.02.25 07:24:39.577,1.0606,1.06095,0.50,0.20
2008.02.25 07:24:39.909,1.0606,1.0609,0.50,0.20
2008.02.25 07:24:40.346,1.0606,1.0609,0.50,0.20
2008.02.25 07:24:41.328,1.0606,1.0609,0.20,0.40
2008.02.25 07:24:41.534,1.0606,1.0609,0.20,0.40
2008.02.25 07:24:41.645,1.06055,1.0609,0.70,0.40
2008.02.25 07:24:41.755,1.06055,1.0609,0.60,0.40
2008.02.25 07:24:41.864,1.06055,1.0609,1.00,0.40
2008.02.25 07:24:41.982,1.0606,1.0609,0.30,0.20
2008.02.25 07:24:42.080,1.0606,1.0609,0.30,0.20
2008.02.25 07:24:44.440,1.06055,1.06085,0.70,0.20
2008.02.25 07:24:44.515,1.06055,1.06085,0.30,0.20
2008.02.25 07:24:44.589,1.06055,1.06085,0.30,0.20
2008.02.25 07:24:44.786,1.06055,1.06085,0.30,0.20
2008.02.25 07:24:44.975,1.06055,1.0609,0.30,0.40
2008.02.25 07:24:45.165,1.0606,1.0609,0.30,0.20
2008.02.25 07:24:45.353,1.0606,1.0609,0.30,0.20
2008.02.25 07:24:45.543,1.0606,1.0609,0.30,0.20
2008.02.25 07:24:45.732,1.0606,1.0609,0.30,0.20
2008.02.25 07:24:46.065,1.0606,1.0609,0.30,0.20
2008.02.25 07:24:46.398,1.0606,1.0609,0.20,0.20
2008.02.25 07:24:46.733,1.0606,1.06095,0.50,0.20
2008.02.25 07:24:46.937,1.0606,1.0609,0.20,0.20
2008.02.25 07:24:47.152,1.0606,1.06095,0.30,0.20
2008.02.25 07:24:47.355,1.0606,1.06095,0.30,0.90
2008.02.25 07:24:47.593,1.0606,1.06095,0.30,0.90
2008.02.25 07:24:47.798,1.0606,1.0609,0.30,0.20
2008.02.25 07:24:48.117,1.0606,1.0609,0.30,0.20
2008.02.25 07:24:48.526,1.0606,1.0609,0.30,0.20
2008.02.25 07:24:48.840,1.0606,1.0609,0.30,0.20
2008.02.25 07:24:49.354,1.0606,1.0609,0.30,0.20
2008.02.25 07:24:50.179,1.0606,1.06095,0.30,0.90
2008.02.25 07:24:50.406,1.0606,1.06095,0.30,0.20
2008.02.25 07:24:50.804,1.0606,1.06095,0.30,0.20
2008.02.25 07:24:51.779,1.0606,1.06095,0.30,0.90
2008.02.25 07:24:51.896,1.0606,1.06095,0.30,0.90
2008.02.25 07:24:52.249,1.0606,1.0609,0.30,0.20
2008.02.25 07:24:54.168,1.0606,1.0609,0.30,0.20
2008.02.25 07:24:54.266,1.0606,1.06095,0.30,0.20
2008.02.25 07:24:54.363,1.0606,1.06095,0.30,0.20
2008.02.25 07:24:54.802,1.0606,1.06095,0.30,0.20
2008.02.25 07:24:55.067,1.0606,1.06095,0.30,0.20
2008.02.25 07:24:55.435,1.0606,1.06095,0.30,0.20
2008.02.25 07:24:55.648,1.0606,1.06095,0.50,0.20
2008.02.25 07:24:57.835,1.0606,1.06095,8.00,0.20
2008.02.25 07:24:59.470,1.06065,1.061,0.30,0.40
2008.02.25 07:25:00.475,1.06065,1.061,0.30,0.40
2008.02.25 07:25:00.809,1.06065,1.061,7.90,0.40
2008.02.25 07:25:00.973,1.06065,1.061,7.90,0.40
2008.02.25 07:25:01.293,1.06065,1.061,11.90,0.40
2008.02.25 07:25:01.345,1.06065,1.061,11.90,0.40
2008.02.25 07:25:01.451,1.0607,1.061,0.30,0.20
2008.02.25 07:25:01.534,1.0607,1.061,0.30,0.20
2008.02.25 07:25:01.869,1.0607,1.0609,0.30,0.20
2008.02.25 07:25:02.211,1.06065,1.0609,7.90,0.20
2008.02.25 07:25:02.544,1.06065,1.0609,0.30,0.20
2008.02.25 07:25:02.682,1.06065,1.0609,0.30,0.20
2008.02.25 07:25:02.839,1.06065,1.061,0.30,0.40
2008.02.25 07:25:02.940,1.06065,1.061,0.30,0.40
2008.02.25 07:25:03.069,1.06065,1.061,0.30,0.40
2008.02.25 07:25:03.567,1.06065,1.061,0.30,0.40
2008.02.25 07:25:04.068,1.06065,1.061,0.30,0.40
2008.02.25 07:25:04.577,1.06065,1.061,0.30,0.40
2008.02.25 07:25:05.505,1.06065,1.061,0.30,0.40
2008.02.25 07:25:05.728,1.06065,1.061,0.30,0.40
2008.02.25 07:25:05.931,1.0607,1.061,0.30,0.20
2008.02.25 07:25:06.135,1.0607,1.061,0.30,0.20
2008.02.25 07:25:06.337,1.0607,1.061,0.30,0.20
2008.02.25 07:25:06.541,1.0607,1.061,0.30,0.20
2008.02.25 07:25:06.793,1.0607,1.061,0.30,0.20
2008.02.25 07:25:07.047,1.0607,1.061,0.50,0.20
2008.02.25 07:25:08.626,1.0607,1.061,0.30,0.20
2008.02.25 07:25:08.734,1.0607,1.061,0.30,0.20
2008.02.25 07:25:08.827,1.0607,1.061,0.30,0.20
2008.02.25 07:25:08.921,1.06065,1.061,0.30,0.40
2008.02.25 07:25:09.171,1.0607,1.061,0.30,0.20
2008.02.25 07:25:09.501,1.0607,1.061,0.30,0.20
2008.02.25 07:25:09.740,1.06075,1.061,0.30,0.20
2008.02.25 07:25:09.979,1.06075,1.0611,1.80,0.70
2008.02.25 07:25:10.229,1.0608,1.0611,0.20,0.40
2008.02.25 07:25:10.467,1.0608,1.0611,0.20,0.40
2008.02.25 07:25:10.706,1.0608,1.0611,0.50,0.20
2008.02.25 07:25:10.944,1.0608,1.0611,0.50,0.20
2008.02.25 07:25:11.385,1.0608,1.0611,0.30,0.20
2008.02.25 07:25:11.678,1.0608,1.0611,0.30,0.20
2008.02.25 07:25:11.972,1.0608,1.06115,0.30,1.70
2008.02.25 07:25:12.110,1.0608,1.06115,0.30,1.70
2008.02.25 07:25:12.355,1.0608,1.06115,0.30,1.70
2008.02.25 07:25:13.196,1.0608,1.06115,0.30,2.50
2008.02.25 07:25:13.291,1.0608,1.06115,0.30,2.50
2008.02.25 07:25:13.490,1.06075,1.0611,0.30,0.20
2008.02.25 07:25:13.699,1.06075,1.061,0.30,0.20
2008.02.25 07:25:13.796,1.06075,1.061,0.30,0.20
2008.02.25 07:25:13.887,1.06075,1.0611,0.30,0.40
2008.02.25 07:25:14.526,1.0608,1.0611,0.30,0.20
2008.02.25 07:25:14.750,1.0608,1.0611,0.30,0.20
2008.02.25 07:25:14.983,1.0608,1.0611,0.30,0.20
2008.02.25 07:25:15.212,1.0608,1.0611,0.50,0.20
2008.02.25 07:25:15.554,1.0608,1.0611,0.50,0.20
2008.02.25 07:25:18.570,1.0611,1.06115,0.30,1.70
2008.02.25 07:25:18.747,1.0611,1.0612,0.30,0.50
2008.02.25 07:25:18.919,1.0611,1.0612,0.30,0.50
2008.02.25 07:25:19.092,1.06115,1.06135,0.30,1.60
2008.02.25 07:25:19.607,1.0612,1.06135,0.30,1.60
2008.02.25 07:25:20.581,1.0612,1.06135,0.30,1.60
2008.02.25 07:25:21.522,1.0612,1.0614,0.30,0.20
2008.02.25 07:25:21.855,1.0612,1.0614,0.30,0.20
2008.02.25 07:25:25.633,1.0612,1.0614,0.30,0.20
2008.02.25 07:25:30.645,1.0612,1.0614,0.30,0.20
2008.02.25 07:25:33.189,1.0612,1.0614,0.30,0.20
2008.02.25 07:25:33.207,1.0612,1.0614,0.30,0.20
2008.02.25 07:25:33.306,1.0612,1.0614,0.30,0.20
2008.02.25 07:25:33.408,1.0612,1.0614,0.30,0.20
2008.02.25 07:25:33.557,1.06125,1.0614,0.30,0.20
2008.02.25 07:25:33.715,1.06125,1.0614,0.30,0.20
2008.02.25 07:25:33.865,1.06125,1.0614,0.30,0.20
2008.02.25 07:25:34.331,1.06125,1.0614,0.30,0.20
2008.02.25 07:25:34.411,1.06125,1.0614,0.30,0.20
2008.02.25 07:25:34.480,1.0612,1.0614,0.30,0.20
2008.02.25 07:25:34.945,1.06125,1.0614,0.30,0.20
2008.02.25 07:25:35.663,1.06125,1.0614,0.30,0.20
2008.02.25 07:25:35.775,1.06125,1.0614,0.30,0.20
2008.02.25 07:25:35.905,1.06125,1.0614,0.30,0.20
2008.02.25 07:25:36.086,1.06125,1.0614,0.30,0.20
2008.02.25 07:25:36.511,1.0612,1.0614,0.30,0.20
2008.02.25 07:25:37.723,1.0612,1.0614,0.30,0.20
2008.02.25 07:25:37.814,1.0612,1.0614,0.30,0.20
2008.02.25 07:25:40.123,1.061,1.06115,0.20,0.20
2008.02.25 07:25:40.141,1.061,1.06115,0.20,0.20
2008.02.25 07:25:40.159,1.06095,1.0611,1.00,0.20
2008.02.25 07:25:40.235,1.0609,1.0611,2.40,0.20
2008.02.25 07:25:40.345,1.06085,1.0611,1.50,0.20
2008.02.25 07:25:40.363,1.0608,1.0611,0.50,0.20
2008.02.25 07:25:40.539,1.0608,1.0611,0.50,0.20
2008.02.25 07:25:40.696,1.0608,1.0611,0.50,0.20
2008.02.25 07:25:40.740,1.0608,1.0611,0.50,0.20
2008.02.25 07:25:41.711,1.0608,1.0611,0.50,0.20
2008.02.25 07:25:41.919,1.0608,1.0611,0.50,0.20
2008.02.25 07:25:42.618,1.06095,1.0611,0.30,0.20
2008.02.25 07:25:42.676,1.06095,1.0612,0.30,0.50
2008.02.25 07:25:42.753,1.06095,1.0612,0.30,0.50
2008.02.25 07:25:42.802,1.06095,1.0612,0.30,0.50
2008.02.25 07:25:42.863,1.06095,1.0612,0.30,0.50
2008.02.25 07:25:43.105,1.06095,1.06125,0.30,1.60
2008.02.25 07:25:43.226,1.061,1.06125,0.30,1.60
2008.02.25 07:25:43.340,1.061,1.06135,0.30,1.70
2008.02.25 07:25:45.723,1.061,1.06135,0.30,1.70
2008.02.25 07:25:50.626,1.0611,1.06135,0.30,1.60
2008.02.25 07:25:54.955,1.06115,1.06135,0.30,1.60
2008.02.25 07:25:55.171,1.06115,1.06135,0.30,1.60
2008.02.25 07:25:55.429,1.06115,1.06135,0.30,1.60
2008.02.25 07:25:55.688,1.06115,1.0614,0.30,0.20
2008.02.25 07:25:55.947,1.06115,1.0614,0.30,0.20
2008.02.25 07:25:56.206,1.0612,1.0614,0.30,0.20
2008.02.25 07:25:56.526,1.0612,1.0614,0.30,0.20
2008.02.25 07:25:56.844,1.0612,1.0614,0.30,0.20
2008.02.25 07:25:57.163,1.0612,1.0614,0.30,0.20
2008.02.25 07:25:59.014,1.06115,1.0614,0.30,0.20
2008.02.25 07:26:00.729,1.06115,1.0614,0.30,0.20
2008.02.25 07:26:00.888,1.06115,1.0614,0.30,0.20
2008.02.25 07:26:01.047,1.06115,1.0614,0.30,0.20
2008.02.25 07:26:01.446,1.06115,1.0614,0.30,0.20
2008.02.25 07:26:01.742,1.0612,1.0614,0.30,0.20
2008.02.25 07:26:02.034,1.0612,1.0614,0.30,8.10
2008.02.25 07:26:02.328,1.0612,1.0614,0.30,8.10
2008.02.25 07:26:02.546,1.0612,1.0614,0.30,0.20
2008.02.25 07:26:02.764,1.0612,1.0614,0.30,0.20
2008.02.25 07:26:02.984,1.0611,1.0614,0.30,0.40
2008.02.25 07:26:03.201,1.0611,1.0614,0.30,0.40
2008.02.25 07:26:03.421,1.0611,1.0614,0.30,0.40
2008.02.25 07:26:03.624,1.0611,1.0614,0.30,0.40
2008.02.25 07:26:03.827,1.0611,1.0614,0.30,8.30
2008.02.25 07:26:04.030,1.0611,1.0614,0.30,8.10
2008.02.25 07:26:04.412,1.06115,1.0614,0.30,8.10
2008.02.25 07:26:04.690,1.06115,1.0614,0.30,8.10
2008.02.25 07:26:04.968,1.06115,1.0614,0.30,8.10
2008.02.25 07:26:05.247,1.0612,1.0614,0.30,8.10
2008.02.25 07:26:05.480,1.0612,1.0614,0.30,0.20
2008.02.25 07:26:05.714,1.0612,1.0614,0.30,0.20
2008.02.25 07:26:06.103,1.0612,1.0614,0.30,0.20
2008.02.25 07:26:06.338,1.0612,1.06145,0.30,9.60
2008.02.25 07:26:06.667,1.06125,1.06145,0.30,8.00
2008.02.25 07:26:06.994,1.0612,1.0615,0.30,0.20
2008.02.25 07:26:07.323,1.0612,1.0615,0.30,0.20
2008.02.25 07:26:07.501,1.06125,1.0615,0.30,0.20
2008.02.25 07:26:08.073,1.06125,1.0615,0.30,0.20
2008.02.25 07:26:08.277,1.06125,1.0615,0.30,0.20
2008.02.25 07:26:09.499,1.0612,1.0615,0.30,0.20
2008.02.25 07:26:09.710,1.0612,1.0615,0.30,0.20
2008.02.25 07:26:09.879,1.0612,1.0615,0.30,0.20
2008.02.25 07:26:10.046,1.06125,1.0615,0.30,0.20
2008.02.25 07:26:10.856,1.06125,1.0615,0.30,0.20
2008.02.25 07:26:11.165,1.06125,1.0615,0.30,0.20
2008.02.25 07:26:11.856,1.0612,1.0615,0.30,0.40
2008.02.25 07:26:12.128,1.0612,1.06145,0.30,1.60
2008.02.25 07:26:12.377,1.0612,1.06145,0.30,1.60
2008.02.25 07:26:12.635,1.0612,1.06145,0.30,1.60
2008.02.25 07:26:13.042,1.0612,1.06145,0.30,1.60
2008.02.25 07:26:13.703,1.0612,1.06145,0.30,1.60
2008.02.25 07:26:13.919,1.0612,1.06145,0.30,1.60
2008.02.25 07:26:14.131,1.06115,1.06145,0.30,1.60
2008.02.25 07:26:14.402,1.06115,1.06145,0.30,1.60
2008.02.25 07:26:14.632,1.0612,1.06145,0.30,1.60
2008.02.25 07:26:14.994,1.0612,1.06145,0.30,1.60
2008.02.25 07:26:15.221,1.0612,1.06145,0.30,1.60
2008.02.25 07:26:15.886,1.0612,1.06145,0.30,1.60
2008.02.25 07:26:17.881,1.0612,1.06145,0.30,1.60
2008.02.25 07:26:18.045,1.06115,1.06145,0.30,1.60
2008.02.25 07:26:18.313,1.06115,1.06145,0.30,1.60
2008.02.25 07:26:18.606,1.0611,1.0614,0.30,0.20
2008.02.25 07:26:18.906,1.0611,1.06135,0.30,1.60
2008.02.25 07:26:19.215,1.0611,1.06135,0.30,1.60
2008.02.25 07:26:19.513,1.0611,1.06135,0.30,1.60
2008.02.25 07:26:20.907,1.0611,1.06135,0.30,1.60
2008.02.25 07:26:21.423,1.06115,1.06135,0.30,1.60
2008.02.25 07:26:21.647,1.0612,1.0614,0.30,0.20
2008.02.25 07:26:21.880,1.0612,1.06145,0.30,9.60
2008.02.25 07:26:22.114,1.0612,1.06145,0.30,1.60
2008.02.25 07:26:22.781,1.0612,1.06145,0.30,9.60
2008.02.25 07:26:23.092,1.0612,1.06145,0.30,1.60
2008.02.25 07:26:23.683,1.0611,1.06145,0.30,1.70
2008.02.25 07:26:23.922,1.0611,1.06145,0.30,1.70
2008.02.25 07:26:24.160,1.0611,1.06145,0.30,1.70
2008.02.25 07:26:24.399,1.0611,1.06145,0.30,1.70
2008.02.25 07:26:24.636,1.0611,1.06145,0.30,1.70
2008.02.25 07:26:25.937,1.0611,1.06145,0.30,1.70
2008.02.25 07:26:26.691,1.0611,1.06145,0.30,1.70
2008.02.25 07:26:26.875,1.0611,1.06145,0.30,0.20
2008.02.25 07:26:27.056,1.0612,1.0615,0.30,0.20
2008.02.25 07:26:27.240,1.0612,1.0615,0.30,0.20
2008.02.25 07:26:27.433,1.0612,1.0615,0.30,0.20
2008.02.25 07:26:28.669,1.06125,1.0615,0.30,0.20
2008.02.25 07:26:28.943,1.06125,1.06155,0.30,1.60
2008.02.25 07:26:29.113,1.0612,1.06155,0.30,1.70
2008.02.25 07:26:29.303,1.0612,1.06155,0.30,1.70
2008.02.25 07:26:30.538,1.06125,1.06155,0.30,1.60
2008.02.25 07:26:30.820,1.06125,1.06155,0.30,1.60
2008.02.25 07:26:31.014,1.0612,1.0615,0.30,0.20
2008.02.25 07:26:31.285,1.0612,1.0615,0.30,0.20
2008.02.25 07:26:32.319,1.06125,1.0615,0.30,0.20
2008.02.25 07:26:32.563,1.0612,1.06155,0.30,1.70
2008.02.25 07:26:33.661,1.0612,1.06155,0.30,1.70
2008.02.25 07:26:34.464,1.06125,1.06155,0.30,1.60
2008.02.25 07:26:35.993,1.06125,1.06155,0.30,1.60
2008.02.25 07:26:38.218,1.06125,1.0616,0.30,0.40
2008.02.25 07:26:38.341,1.06125,1.0616,0.30,0.40
2008.02.25 07:26:38.510,1.06125,1.0616,0.30,0.40
2008.02.25 07:26:38.632,1.0612,1.06155,0.30,0.20
2008.02.25 07:26:38.757,1.0612,1.06155,0.30,0.20
2008.02.25 07:26:38.880,1.0612,1.06155,0.30,0.20
2008.02.25 07:26:41.031,1.0612,1.06155,0.30,0.20
2008.02.25 07:26:41.401,1.0612,1.06155,0.30,0.20
2008.02.25 07:26:41.484,1.0612,1.06155,0.30,0.20
2008.02.25 07:26:41.607,1.0612,1.06155,0.30,1.70
2008.02.25 07:26:44.561,1.0612,1.06155,0.30,0.70
2008.02.25 07:26:46.061,1.0612,1.06155,0.30,0.60
2008.02.25 07:26:47.321,1.06125,1.06155,0.30,0.80
2008.02.25 07:26:47.544,1.0612,1.06155,0.30,0.50
2008.02.25 07:26:47.765,1.0612,1.06155,0.30,0.50
2008.02.25 07:26:48.063,1.0612,1.06155,0.30,0.70
2008.02.25 07:26:48.990,1.0612,1.06155,0.30,0.70
2008.02.25 07:26:51.069,1.0612,1.06155,0.30,0.90
2008.02.25 07:26:56.096,1.0612,1.06155,0.30,0.90
2008.02.25 07:26:58.835,1.0611,1.06145,0.50,0.20
2008.02.25 07:26:59.008,1.0611,1.06145,0.50,0.20
2008.02.25 07:26:59.271,1.0612,1.06155,0.30,0.80
2008.02.25 07:26:59.535,1.0612,1.0615,0.50,0.20
2008.02.25 07:26:59.800,1.0612,1.0615,0.50,0.20
2008.02.25 07:27:01.123,1.0612,1.0615,0.50,0.20
2008.02.25 07:27:01.551,1.0612,1.0615,0.50,0.20
2008.02.25 07:27:01.752,1.0612,1.0615,0.50,0.20
2008.02.25 07:27:06.170,1.0612,1.0615,0.50,0.20
2008.02.25 07:27:10.853,1.0612,1.0615,0.50,0.20
2008.02.25 07:27:11.002,1.0612,1.0615,0.50,0.20
2008.02.25 07:27:11.202,1.0612,1.0615,0.50,0.20
2008.02.25 07:27:13.791,1.0612,1.0615,0.50,0.20
2008.02.25 07:27:13.974,1.0612,1.0615,0.50,0.20
2008.02.25 07:27:16.244,1.0612,1.0615,0.50,0.20
2008.02.25 07:27:21.285,1.0612,1.0615,0.50,0.20
2008.02.25 07:27:21.567,1.0612,1.0615,0.50,0.20
2008.02.25 07:27:21.634,1.0612,1.0615,0.50,0.20
2008.02.25 07:27:21.727,1.0613,1.0615,0.30,0.20
2008.02.25 07:27:21.886,1.0613,1.0616,0.50,0.20
2008.02.25 07:27:22.185,1.0613,1.0616,0.20,0.40
2008.02.25 07:27:22.344,1.06145,1.0616,0.30,0.20
2008.02.25 07:27:22.503,1.0614,1.0617,0.50,0.70
2008.02.25 07:27:22.757,1.0614,1.0617,0.50,0.70
2008.02.25 07:27:23.011,1.06135,1.06165,0.30,0.20
2008.02.25 07:27:23.263,1.06135,1.06165,0.30,0.20
2008.02.25 07:27:24.069,1.06135,1.06165,0.30,0.20
2008.02.25 07:27:24.344,1.06125,1.06155,2.40,0.20
2008.02.25 07:27:24.507,1.0612,1.06155,8.00,0.20
2008.02.25 07:27:24.672,1.0612,1.06155,8.00,0.20
2008.02.25 07:27:24.829,1.0612,1.06155,8.00,0.20
2008.02.25 07:27:25.499,1.0612,1.06155,0.50,0.20
2008.02.25 07:27:26.007,1.0612,1.06155,0.50,1.70
2008.02.25 07:27:26.102,1.0612,1.06155,0.50,1.70
2008.02.25 07:27:26.293,1.0612,1.06155,0.50,1.70
2008.02.25 07:27:26.386,1.0612,1.06155,0.50,1.70
2008.02.25 07:27:26.477,1.0612,1.06155,0.30,1.70
2008.02.25 07:27:27.852,1.0612,1.06155,0.30,1.70
2008.02.25 07:27:31.344,1.0612,1.06155,0.30,1.70
2008.02.25 07:27:36.367,1.0612,1.06155,0.30,1.70
2008.02.25 07:27:41.408,1.0612,1.06155,0.30,1.70
2008.02.25 07:27:46.460,1.0612,1.06155,0.30,1.70
2008.02.25 07:27:51.484,1.0612,1.06155,0.30,1.70
2008.02.25 07:27:56.513,1.0612,1.06155,0.30,1.70
