2012.08.30 23:00:01.602,0.79165,0.79188,1.50,2.25
2012.08.30 23:00:10.383,0.79166,0.7919,1.50,1.50
2012.08.30 23:00:10.693,0.79169,0.79193,1.50,1.50
2012.08.30 23:00:10.882,0.79171,0.79193,1.50,1.50
2012.08.30 23:00:14.102,0.79171,0.79194,1.50,2.25
2012.08.30 23:00:15.381,0.79173,0.79195,1.50,1.50
2012.08.30 23:00:22.023,0.79173,0.79195,1.50,1.50
2012.08.30 23:00:26.213,0.79175,0.79197,1.50,1.50
2012.08.30 23:00:26.353,0.79175,0.79198,1.50,1.50
2012.08.30 23:00:26.544,0.79178,0.79197,1.50,1.50
2012.08.30 23:00:26.673,0.79178,0.79202,1.50,1.50
2012.08.30 23:00:27.062,0.79177,0.79199,1.50,1.50
2012.08.30 23:00:27.372,0.79179,0.79202,1.50,1.50
2012.08.30 23:00:32.052,0.79179,0.79202,1.50,1.50
2012.08.30 23:00:32.362,0.79179,0.79199,1.50,1.50
2012.08.30 23:01:00.671,0.79176,0.79198,1.50,3.00
2012.08.30 23:01:02.103,0.79176,0.79198,1.50,3.00
2012.08.30 23:01:23.486,0.79178,0.79198,1.50,2.25
2012.08.30 23:01:29.114,0.79178,0.79198,1.50,1.50
2012.08.30 23:01:31.813,0.79179,0.79199,1.50,1.50
2012.08.30 23:01:32.125,0.79182,0.79198,1.50,1.50
2012.08.30 23:01:39.934,0.79182,0.79201,1.50,1.50
2012.08.30 23:01:57.994,0.79183,0.79203,1.50,1.50
2012.08.30 23:01:58.064,0.79183,0.79206,1.50,1.50
2012.08.30 23:01:58.134,0.79185,0.79209,1.50,1.50
2012.08.30 23:01:58.652,0.79186,0.79209,1.50,1.50
2012.08.30 23:01:59.203,0.79188,0.7921,1.50,1.50
2012.08.30 23:02:01.113,0.79188,0.79211,1.50,2.10
2012.08.30 23:02:01.243,0.79188,0.79211,1.50,2.10
2012.08.30 23:02:06.272,0.79188,0.7921,1.50,1.50
2012.08.30 23:02:10.793,0.79188,0.7921,1.50,1.50
2012.08.30 23:02:12.311,0.79188,0.7921,1.50,2.25
2012.08.30 23:02:13.385,0.79188,0.7921,1.50,1.50
2012.08.30 23:02:16.872,0.79186,0.7921,1.50,1.50
2012.08.30 23:02:19.214,0.7919,0.79212,1.50,1.50
2012.08.30 23:02:27.872,0.7919,0.79211,1.50,1.50
2012.08.30 23:02:28.419,0.79189,0.79211,1.50,2.25
2012.08.30 23:02:35.423,0.79189,0.79209,1.50,2.25
2012.08.30 23:02:35.493,0.79189,0.79208,1.50,1.50
2012.08.30 23:02:40.044,0.79189,0.79208,1.50,1.50
2012.08.30 23:02:41.483,0.79189,0.79207,1.50,1.50
2012.08.30 23:02:46.662,0.79189,0.79211,1.50,2.25
2012.08.30 23:02:59.776,0.79188,0.7921,1.50,1.50
2012.08.30 23:03:02.863,0.79188,0.79212,1.50,2.25
2012.08.30 23:03:03.056,0.79188,0.79212,1.50,2.25
2012.08.30 23:03:03.363,0.79187,0.79208,1.50,1.50
2012.08.30 23:03:03.844,0.79191,0.79211,1.50,1.50
2012.08.30 23:03:04.093,0.79188,0.79208,1.50,1.50
2012.08.30 23:03:04.282,0.79185,0.79208,1.50,1.50
2012.08.30 23:03:10.222,0.79185,0.79205,1.50,1.50
2012.08.30 23:03:12.753,0.79185,0.79208,1.50,1.50
2012.08.30 23:03:18.681,0.79186,0.79208,1.50,1.50
2012.08.30 23:03:18.945,0.79185,0.79208,1.50,1.50
2012.08.30 23:03:20.015,0.79185,0.79205,1.50,1.50
2012.08.30 23:03:21.834,0.7918,0.79204,1.50,2.25
2012.08.30 23:03:34.815,0.7918,0.79203,1.50,2.25
2012.08.30 23:03:41.073,0.79178,0.79202,1.50,1.50
2012.08.30 23:03:49.922,0.79177,0.79201,1.50,1.50
2012.08.30 23:04:01.439,0.79177,0.79198,1.50,1.50
2012.08.30 23:04:06.435,0.79177,0.79198,1.50,1.50
2012.08.30 23:04:08.971,0.79177,0.79198,1.50,1.50
2012.08.30 23:04:20.175,0.79177,0.79198,1.50,1.50
2012.08.30 23:04:31.293,0.79178,0.79198,1.50,1.50
2012.08.30 23:04:40.964,0.79181,0.79201,1.35,1.50
2012.08.30 23:04:41.033,0.79181,0.79201,2.10,1.50
2012.08.30 23:04:42.605,0.79182,0.79204,1.50,1.50
2012.08.30 23:04:52.623,0.79182,0.79204,1.50,1.50
2012.08.30 23:04:52.814,0.79185,0.79208,1.50,2.33
2012.08.30 23:04:53.352,0.79185,0.79207,1.50,1.50
2012.08.30 23:04:55.430,0.79185,0.79208,1.50,2.10
2012.08.30 23:04:55.956,0.79185,0.79206,1.50,1.50
2012.08.30 23:04:56.032,0.79185,0.79208,1.50,2.85
2012.08.30 23:05:01.528,0.79179,0.79201,1.50,1.35
2012.08.30 23:05:01.664,0.79179,0.79201,1.50,1.35
2012.08.30 23:05:01.732,0.79179,0.79201,1.50,1.35
2012.08.30 23:05:02.466,0.79181,0.79202,1.50,1.35
2012.08.30 23:05:02.803,0.79183,0.79203,1.50,1.50
2012.08.30 23:05:02.933,0.79183,0.79203,1.50,1.50
2012.08.30 23:05:05.661,0.79183,0.79203,1.50,1.50
2012.08.30 23:05:06.239,0.79182,0.79206,1.50,1.50
2012.08.30 23:05:07.025,0.79183,0.79206,1.50,1.50
2012.08.30 23:05:07.375,0.79183,0.79208,1.85,1.50
2012.08.30 23:05:07.504,0.79188,0.79211,1.50,2.85
2012.08.30 23:05:07.883,0.79186,0.79211,1.50,2.85
2012.08.30 23:05:10.765,0.79184,0.79208,1.50,2.25
2012.08.30 23:05:11.361,0.79183,0.79208,1.50,1.50
2012.08.30 23:05:11.435,0.79183,0.79208,1.50,2.25
2012.08.30 23:05:17.192,0.79183,0.79208,1.50,1.50
2012.08.30 23:05:17.374,0.79183,0.79207,1.50,1.50
2012.08.30 23:05:26.083,0.79181,0.79204,1.50,1.50
2012.08.30 23:05:26.214,0.79181,0.79204,1.50,1.50
2012.08.30 23:05:27.773,0.79181,0.79206,1.50,1.50
2012.08.30 23:05:28.082,0.79184,0.79206,1.50,1.50
2012.08.30 23:05:28.152,0.79183,0.79206,1.50,1.50
2012.08.30 23:05:29.253,0.7918,0.79202,1.50,1.50
2012.08.30 23:05:29.443,0.7918,0.79202,1.50,1.50
2012.08.30 23:05:44.396,0.7918,0.79202,1.50,1.50
2012.08.30 23:05:45.853,0.7918,0.79202,1.50,1.50
2012.08.30 23:05:46.628,0.7918,0.79202,1.50,2.25
2012.08.30 23:05:47.185,0.7918,0.79202,1.50,1.50
2012.08.30 23:05:48.593,0.79179,0.79203,1.50,3.60
2012.08.30 23:05:49.236,0.79177,0.79203,1.50,3.60
2012.08.30 23:06:09.003,0.79179,0.79203,1.50,2.85
2012.08.30 23:06:09.073,0.79181,0.79203,1.50,2.85
2012.08.30 23:06:11.073,0.79181,0.79203,1.50,2.85
2012.08.30 23:06:12.603,0.7918,0.79203,1.50,2.25
2012.08.30 23:06:27.545,0.7918,0.79201,1.50,1.50
2012.08.30 23:06:27.675,0.79176,0.79198,2.10,1.50
2012.08.30 23:06:27.746,0.79176,0.79198,2.10,2.25
2012.08.30 23:06:27.826,0.79174,0.79195,1.50,1.50
2012.08.30 23:06:29.515,0.79175,0.79196,1.50,1.50
2012.08.30 23:06:30.044,0.79175,0.79197,1.50,1.50
2012.08.30 23:06:30.331,0.79175,0.79197,1.50,1.50
2012.08.30 23:06:38.023,0.79175,0.79198,1.50,1.50
2012.08.30 23:06:38.352,0.79175,0.79198,1.50,1.50
2012.08.30 23:06:40.723,0.79175,0.79198,1.50,2.25
2012.08.30 23:06:50.073,0.79175,0.79198,1.50,2.25
2012.08.30 23:06:50.628,0.79175,0.79198,1.50,3.00
2012.08.30 23:06:56.613,0.79172,0.79198,2.25,1.50
2012.08.30 23:06:56.863,0.79172,0.79193,1.50,1.50
2012.08.30 23:06:57.464,0.79172,0.79193,1.50,1.50
2012.08.30 23:07:02.764,0.7917,0.79193,1.50,1.50
2012.08.30 23:07:04.754,0.7917,0.79193,1.50,1.50
2012.08.30 23:07:04.824,0.7917,0.79193,1.50,1.50
2012.08.30 23:07:12.003,0.7917,0.79191,1.50,2.25
2012.08.30 23:07:12.440,0.79168,0.7919,1.50,1.50
2012.08.30 23:07:12.725,0.79168,0.7919,1.50,1.50
2012.08.30 23:07:12.795,0.79168,0.7919,1.50,1.50
2012.08.30 23:07:15.632,0.79167,0.7919,1.50,1.50
2012.08.30 23:07:15.824,0.79165,0.79189,1.50,2.25
2012.08.30 23:07:19.222,0.79165,0.79189,1.50,3.75
2012.08.30 23:07:19.356,0.79162,0.79183,1.50,2.10
2012.08.30 23:07:19.437,0.79165,0.79189,1.50,4.35
2012.08.30 23:07:20.517,0.79165,0.79187,1.50,1.50
2012.08.30 23:07:25.223,0.79165,0.79187,1.50,1.50
2012.08.30 23:07:25.633,0.79162,0.79183,1.50,1.50
2012.08.30 23:07:26.163,0.79159,0.79183,1.50,1.50
2012.08.30 23:07:27.053,0.79159,0.79183,1.50,1.50
2012.08.30 23:07:27.314,0.79159,0.79183,1.50,1.50
2012.08.30 23:07:27.704,0.79159,0.79183,1.50,1.50
2012.08.30 23:07:29.703,0.79157,0.79181,2.25,1.50
2012.08.30 23:07:29.954,0.79157,0.79178,1.50,1.50
2012.08.30 23:07:38.196,0.79156,0.79183,1.50,2.85
2012.08.30 23:07:38.562,0.79156,0.79183,1.50,2.85
2012.08.30 23:07:39.184,0.79156,0.79183,1.50,3.60
2012.08.30 23:07:40.152,0.79156,0.79183,1.50,2.85
2012.08.30 23:07:41.373,0.7916,0.79183,1.50,2.85
2012.08.30 23:07:43.381,0.7916,0.79182,1.50,1.50
2012.08.30 23:07:43.823,0.79159,0.79183,1.50,3.00
2012.08.30 23:07:44.204,0.7916,0.79183,1.50,2.25
2012.08.30 23:07:46.734,0.7916,0.79183,1.50,3.00
2012.08.30 23:07:59.933,0.7916,0.79183,1.50,2.25
2012.08.30 23:08:02.722,0.7916,0.79183,1.50,3.00
2012.08.30 23:08:05.271,0.7916,0.79183,1.50,2.25
2012.08.30 23:08:11.472,0.79159,0.79182,1.50,1.50
2012.08.30 23:08:13.122,0.79162,0.79186,1.50,2.85
2012.08.30 23:08:13.194,0.7916,0.79184,1.50,1.50
2012.08.30 23:08:15.334,0.79159,0.79182,2.25,1.50
2012.08.30 23:08:15.402,0.79159,0.79182,2.25,1.50
2012.08.30 23:08:22.427,0.79161,0.79185,1.50,1.50
2012.08.30 23:08:22.553,0.79163,0.79185,1.50,1.50
2012.08.30 23:08:23.073,0.79164,0.79187,1.10,2.25
2012.08.30 23:08:23.204,0.79165,0.79187,1.50,1.50
2012.08.30 23:08:23.453,0.79168,0.79192,1.50,3.00
2012.08.30 23:08:23.986,0.79169,0.79192,1.50,2.25
2012.08.30 23:08:30.314,0.79169,0.79192,1.50,2.25
2012.08.30 23:08:30.382,0.79169,0.79192,1.50,2.25
2012.08.30 23:08:48.630,0.79169,0.79192,1.50,2.25
2012.08.30 23:08:52.810,0.79169,0.79192,1.50,2.25
2012.08.30 23:08:53.931,0.7917,0.79192,1.50,2.25
2012.08.30 23:08:55.623,0.79168,0.79192,1.50,2.25
2012.08.30 23:08:56.296,0.79168,0.79192,1.50,2.25
2012.08.30 23:09:03.492,0.79168,0.79189,1.50,1.50
2012.08.30 23:09:09.364,0.79168,0.79189,1.50,1.50
2012.08.30 23:09:11.621,0.79168,0.79189,1.50,1.50
2012.08.30 23:09:29.283,0.79168,0.79189,1.50,1.50
2012.08.30 23:09:29.502,0.79168,0.79189,1.50,1.50
2012.08.30 23:09:50.093,0.79167,0.79189,1.50,1.50
2012.08.30 23:09:50.302,0.79167,0.79189,1.50,1.50
2012.08.30 23:10:04.261,0.79167,0.7919,1.50,1.50
2012.08.30 23:10:04.542,0.79167,0.79189,1.50,1.35
2012.08.30 23:10:05.173,0.79167,0.79189,1.50,1.35
2012.08.30 23:10:11.122,0.79169,0.79191,1.50,1.50
2012.08.30 23:10:11.564,0.79171,0.79193,1.50,1.50
2012.08.30 23:10:11.695,0.79171,0.79193,1.50,1.50
2012.08.30 23:10:21.369,0.79171,0.79193,1.50,2.25
2012.08.30 23:10:21.871,0.79171,0.79193,1.50,2.25
2012.08.30 23:10:23.955,0.79174,0.79199,1.50,3.75
2012.08.30 23:10:24.289,0.79174,0.79199,1.50,3.00
2012.08.30 23:10:26.104,0.79171,0.79186,1.10,1.50
2012.08.30 23:10:26.175,0.79169,0.79186,1.50,1.50
2012.08.30 23:10:26.308,0.79169,0.79187,1.85,1.50
2012.08.30 23:10:26.505,0.7917,0.79192,1.50,1.50
2012.08.30 23:10:26.638,0.7917,0.79193,1.50,2.25
2012.08.30 23:10:26.716,0.79171,0.79193,1.50,2.25
2012.08.30 23:10:29.513,0.79171,0.79193,1.50,2.25
2012.08.30 23:10:34.628,0.79168,0.79192,1.50,1.50
2012.08.30 23:10:35.828,0.79172,0.79192,1.58,1.50
2012.08.30 23:10:36.158,0.79174,0.79191,1.58,2.33
2012.08.30 23:10:41.674,0.79174,0.79191,2.33,1.58
2012.08.30 23:10:41.806,0.79177,0.79192,1.58,3.08
2012.08.30 23:10:42.141,0.79177,0.79192,1.58,3.08
2012.08.30 23:10:43.574,0.79177,0.79188,1.58,1.50
2012.08.30 23:10:54.785,0.79172,0.79188,1.58,1.50
2012.08.30 23:11:04.924,0.79172,0.79188,1.58,1.50
2012.08.30 23:11:05.837,0.79172,0.79188,1.58,1.50
2012.08.30 23:11:14.424,0.79172,0.79188,1.58,1.50
2012.08.30 23:11:15.896,0.79171,0.79188,1.58,3.08
2012.08.30 23:11:20.505,0.79171,0.79183,1.58,1.50
2012.08.30 23:11:20.708,0.79162,0.79177,2.33,3.08
2012.08.30 23:11:20.777,0.79162,0.79176,2.33,2.10
2012.08.30 23:11:20.846,0.79162,0.79176,1.58,2.10
2012.08.30 23:11:25.304,0.79162,0.79176,1.58,1.50
2012.08.30 23:11:25.867,0.79162,0.79177,1.58,3.08
2012.08.30 23:11:25.948,0.79163,0.79177,1.58,3.08
2012.08.30 23:11:26.021,0.79166,0.79177,1.58,1.50
2012.08.30 23:11:26.297,0.7917,0.79185,1.58,2.33
2012.08.30 23:11:26.808,0.7917,0.79185,1.58,2.33
2012.08.30 23:11:27.116,0.79174,0.79188,1.58,1.50
2012.08.30 23:11:28.005,0.79174,0.79189,1.58,3.08
2012.08.30 23:11:28.218,0.79178,0.79193,1.58,2.33
2012.08.30 23:11:28.805,0.79178,0.79193,1.58,2.33
2012.08.30 23:11:29.134,0.79178,0.79193,1.58,1.58
2012.08.30 23:11:29.596,0.79178,0.79192,1.58,2.33
2012.08.30 23:11:29.736,0.79174,0.79189,1.58,1.58
2012.08.30 23:11:30.147,0.79174,0.79189,1.58,3.08
2012.08.30 23:11:30.358,0.7917,0.79185,1.58,1.58
2012.08.30 23:11:30.436,0.7917,0.79185,1.58,2.33
2012.08.30 23:11:31.136,0.7917,0.79185,1.58,2.33
2012.08.30 23:11:31.220,0.79166,0.79181,1.58,2.33
2012.08.30 23:11:33.065,0.79166,0.79181,1.58,2.33
2012.08.30 23:11:33.616,0.79166,0.79177,1.58,1.50
2012.08.30 23:11:33.759,0.79163,0.79174,1.58,1.50
2012.08.30 23:11:33.837,0.79161,0.79174,1.58,1.50
2012.08.30 23:11:35.528,0.79166,0.7918,1.58,3.08
2012.08.30 23:11:35.846,0.79162,0.79177,1.58,1.58
2012.08.30 23:11:36.356,0.79162,0.79177,1.58,2.33
2012.08.30 23:11:37.028,0.79162,0.79176,1.58,1.50
2012.08.30 23:11:37.458,0.79162,0.79175,1.58,1.50
2012.08.30 23:11:38.785,0.79162,0.79176,1.58,1.35
2012.08.30 23:11:40.876,0.79162,0.79175,1.58,1.50
2012.08.30 23:11:41.450,0.79165,0.79177,1.58,2.33
2012.08.30 23:11:41.597,0.79167,0.7918,1.58,1.50
2012.08.30 23:11:41.676,0.79163,0.79178,1.58,2.93
2012.08.30 23:11:41.885,0.79165,0.79178,1.58,2.33
2012.08.30 23:11:42.079,0.79163,0.79178,1.58,3.08
2012.08.30 23:11:42.156,0.79163,0.79178,1.58,3.08
2012.08.30 23:11:42.490,0.79163,0.79174,1.58,1.50
2012.08.30 23:11:46.705,0.79159,0.79174,1.58,2.33
2012.08.30 23:11:57.306,0.79154,0.79169,1.58,1.58
2012.08.30 23:11:57.378,0.79154,0.79169,1.58,2.33
2012.08.30 23:11:57.698,0.79154,0.79167,1.58,1.50
2012.08.30 23:12:03.696,0.79154,0.79168,1.58,1.50
2012.08.30 23:12:08.234,0.79154,0.79168,1.58,1.50
2012.08.30 23:12:08.497,0.79145,0.79158,1.58,1.35
2012.08.30 23:12:08.638,0.7914,0.79157,2.33,1.58
2012.08.30 23:12:08.716,0.79142,0.79157,1.58,1.58
2012.08.30 23:12:09.044,0.79144,0.79159,1.58,1.50
2012.08.30 23:12:09.295,0.79144,0.79159,1.58,1.50
2012.08.30 23:12:10.055,0.79149,0.79162,1.58,1.50
2012.08.30 23:12:13.445,0.79149,0.79164,1.58,3.83
2012.08.30 23:12:14.576,0.79149,0.79164,1.58,2.33
2012.08.30 23:12:15.090,0.79155,0.79167,1.58,2.25
2012.08.30 23:12:15.165,0.79153,0.79167,1.58,2.25
2012.08.30 23:12:15.806,0.79153,0.79166,1.58,1.50
2012.08.30 23:12:16.022,0.79143,0.79156,1.58,1.50
2012.08.30 23:12:16.156,0.79143,0.79155,1.58,2.25
2012.08.30 23:12:19.055,0.79143,0.79155,1.58,1.50
2012.08.30 23:12:19.426,0.79148,0.79159,1.58,1.35
2012.08.30 23:12:19.655,0.79148,0.79163,1.58,3.08
2012.08.30 23:12:35.646,0.79148,0.79163,1.58,2.33
2012.08.30 23:12:39.388,0.79151,0.79165,1.58,2.25
2012.08.30 23:13:00.047,0.79151,0.79166,1.58,2.33
2012.08.30 23:13:00.116,0.79151,0.79166,1.58,2.33
2012.08.30 23:13:00.590,0.79151,0.79166,1.58,1.58
2012.08.30 23:13:00.672,0.7915,0.79171,2.33,1.35
2012.08.30 23:13:01.248,0.7915,0.79171,2.33,2.10
2012.08.30 23:13:01.316,0.7915,0.7917,1.58,2.10
2012.08.30 23:13:01.385,0.7915,0.79168,2.33,1.50
2012.08.30 23:13:01.515,0.79148,0.79171,3.08,1.50
2012.08.30 23:13:01.655,0.79148,0.7917,3.08,1.50
2012.08.30 23:13:01.975,0.79153,0.79171,1.58,1.50
2012.08.30 23:13:02.366,0.79155,0.7917,1.58,3.08
2012.08.30 23:13:03.668,0.79152,0.79166,1.58,3.08
2012.08.30 23:13:04.319,0.79151,0.79166,1.58,1.58
2012.08.30 23:13:04.835,0.79151,0.79166,1.58,2.33
2012.08.30 23:13:05.394,0.79151,0.79166,2.33,1.58
2012.08.30 23:13:05.735,0.79156,0.79171,1.58,2.33
2012.08.30 23:13:05.937,0.79151,0.79168,2.33,1.58
2012.08.30 23:13:06.009,0.79154,0.79168,1.58,1.58
2012.08.30 23:13:06.315,0.79156,0.79171,1.58,2.33
2012.08.30 23:13:06.385,0.79156,0.79171,1.58,2.33
2012.08.30 23:13:06.926,0.79156,0.79171,1.58,3.08
2012.08.30 23:13:07.712,0.79152,0.79167,1.58,1.58
2012.08.30 23:13:07.789,0.79152,0.79167,1.58,3.08
2012.08.30 23:13:09.647,0.79152,0.79167,1.58,2.33
2012.08.30 23:13:14.586,0.79153,0.79167,1.58,2.33
2012.08.30 23:13:14.655,0.79155,0.79171,1.58,1.50
2012.08.30 23:13:34.519,0.79157,0.7917,1.58,1.50
2012.08.30 23:13:41.618,0.79155,0.79169,1.58,2.33
2012.08.30 23:13:41.684,0.79152,0.79169,1.58,2.33
2012.08.30 23:13:44.174,0.79152,0.79169,1.58,2.33
2012.08.30 23:14:01.593,0.79154,0.79169,1.58,2.33
2012.08.30 23:14:02.261,0.79155,0.79172,1.58,3.83
2012.08.30 23:14:06.185,0.79155,0.79172,1.58,3.08
2012.08.30 23:14:13.324,0.79155,0.79169,1.58,1.50
2012.08.30 23:14:14.085,0.7915,0.79167,1.58,2.33
2012.08.30 23:14:27.674,0.7915,0.79167,1.58,3.08
2012.08.30 23:14:50.655,0.7915,0.79167,1.58,1.58
2012.08.30 23:14:54.254,0.79152,0.79169,1.58,1.58
2012.08.30 23:14:57.356,0.79152,0.79169,2.33,3.08
2012.08.30 23:14:57.485,0.79152,0.79169,2.33,1.58
2012.08.30 23:14:58.034,0.79152,0.79169,1.58,2.33
2012.08.30 23:15:04.276,0.79152,0.79168,1.58,2.25
2012.08.30 23:15:06.036,0.79152,0.79168,1.58,1.50
2012.08.30 23:15:10.495,0.79152,0.79169,1.58,2.33
2012.08.30 23:15:10.996,0.79152,0.79169,2.33,1.58
2012.08.30 23:15:14.234,0.79155,0.79171,1.58,1.58
2012.08.30 23:15:14.896,0.79155,0.79172,1.58,1.58
2012.08.30 23:15:15.703,0.79155,0.79172,1.58,2.33
2012.08.30 23:15:19.435,0.79155,0.79172,1.58,1.58
2012.08.30 23:15:20.004,0.79155,0.79172,1.58,2.33
2012.08.30 23:15:20.935,0.79155,0.79172,1.58,1.58
2012.08.30 23:15:21.274,0.79155,0.79172,1.58,2.33
2012.08.30 23:15:31.044,0.79155,0.79172,1.58,1.58
2012.08.30 23:15:40.114,0.79158,0.79172,1.58,1.58
2012.08.30 23:15:40.587,0.7916,0.79174,1.58,1.50
2012.08.30 23:15:41.834,0.7916,0.79175,1.58,4.43
2012.08.30 23:15:42.530,0.7916,0.79175,1.58,4.43
2012.08.30 23:15:43.028,0.7916,0.79175,1.58,4.43
2012.08.30 23:15:50.204,0.79156,0.79171,1.58,1.58
2012.08.30 23:15:59.531,0.79156,0.79171,2.33,1.58
2012.08.30 23:16:00.096,0.79156,0.79171,2.33,1.58
2012.08.30 23:16:03.516,0.79157,0.79171,1.50,1.58
2012.08.30 23:16:03.587,0.79163,0.79177,1.58,1.35
2012.08.30 23:16:03.716,0.79163,0.79177,1.58,1.35
2012.08.30 23:16:03.916,0.79163,0.79178,1.58,2.33
2012.08.30 23:16:05.916,0.7916,0.79174,1.58,1.58
2012.08.30 23:16:06.468,0.79159,0.79174,1.58,1.58
2012.08.30 23:16:17.727,0.79165,0.79176,1.58,2.33
2012.08.30 23:16:17.797,0.79165,0.7918,1.58,2.33
2012.08.30 23:16:18.346,0.79165,0.7918,1.58,1.58
2012.08.30 23:16:33.756,0.7916,0.79177,2.33,1.58
2012.08.30 23:16:34.066,0.79156,0.79172,2.33,1.58
2012.08.30 23:16:37.845,0.7916,0.79176,2.33,3.08
2012.08.30 23:16:44.634,0.7916,0.79176,1.58,3.08
2012.08.30 23:16:44.967,0.7916,0.79167,1.58,1.50
2012.08.30 23:16:45.036,0.79153,0.79167,1.58,1.50
2012.08.30 23:16:45.576,0.79153,0.79165,1.58,1.50
2012.08.30 23:16:58.386,0.79153,0.79167,1.58,1.50
2012.08.30 23:16:58.516,0.79153,0.79169,2.33,2.33
2012.08.30 23:16:58.645,0.79157,0.79174,1.58,2.25
2012.08.30 23:17:18.463,0.79156,0.79173,3.15,2.33
2012.08.30 23:17:19.625,0.79156,0.79173,2.33,1.58
2012.08.30 23:17:22.245,0.7916,0.79174,1.58,2.33
2012.08.30 23:17:24.764,0.79156,0.79173,2.33,1.58
2012.08.30 23:17:35.455,0.79156,0.79173,1.58,2.33
2012.08.30 23:17:35.776,0.79152,0.79167,4.18,1.58
2012.08.30 23:17:36.226,0.79155,0.79172,3.08,1.58
2012.08.30 23:17:41.683,0.79155,0.79172,2.33,1.58
2012.08.30 23:17:41.996,0.79154,0.79169,4.65,1.58
2012.08.30 23:18:02.345,0.79155,0.79172,2.33,1.58
2012.08.30 23:18:20.634,0.79155,0.79172,2.33,2.33
2012.08.30 23:18:21.425,0.79155,0.79172,1.58,2.33
2012.08.30 23:18:26.058,0.79151,0.79168,2.33,1.58
2012.08.30 23:18:26.317,0.79151,0.79168,2.33,1.58
2012.08.30 23:18:26.388,0.79156,0.79171,1.58,3.08
2012.08.30 23:18:26.695,0.7916,0.79175,1.58,2.33
2012.08.30 23:18:28.475,0.79155,0.79172,2.33,1.58
2012.08.30 23:18:30.218,0.79158,0.79172,1.58,1.58
2012.08.30 23:18:30.534,0.7916,0.79176,1.58,1.50
2012.08.30 23:18:50.214,0.79158,0.79173,1.58,2.33
2012.08.30 23:19:10.336,0.79159,0.79176,1.58,3.15
2012.08.30 23:19:30.317,0.79162,0.79177,1.58,2.33
2012.08.30 23:19:31.866,0.79162,0.79177,1.58,2.33
2012.08.30 23:19:35.575,0.79162,0.79177,1.58,1.58
2012.08.30 23:19:41.297,0.79162,0.79177,1.58,2.33
2012.08.30 23:19:50.348,0.7916,0.79176,1.58,2.33
2012.08.30 23:19:50.908,0.79159,0.79176,2.33,2.33
2012.08.30 23:19:51.550,0.79159,0.79176,3.08,1.58
2012.08.30 23:20:21.026,0.79159,0.79176,2.33,1.58
2012.08.30 23:20:22.051,0.79159,0.79176,2.33,1.58
2012.08.30 23:20:26.325,0.79159,0.79176,3.08,1.58
2012.08.30 23:20:26.396,0.79159,0.79176,3.08,1.58
2012.08.30 23:20:31.006,0.79159,0.79176,3.08,1.58
2012.08.30 23:20:31.196,0.79159,0.79176,3.08,1.58
2012.08.30 23:20:40.171,0.79159,0.79176,3.08,1.58
2012.08.30 23:20:40.725,0.79159,0.79176,3.08,1.58
2012.08.30 23:20:45.364,0.79159,0.79176,3.08,1.58
2012.08.30 23:20:45.435,0.79159,0.79176,3.08,1.58
2012.08.30 23:20:49.906,0.79159,0.79176,3.08,1.58
2012.08.30 23:20:49.976,0.79159,0.79176,3.08,1.58
2012.08.30 23:20:50.444,0.79157,0.79181,1.50,2.25
2012.08.30 23:20:51.315,0.7916,0.79181,1.50,1.50
2012.08.30 23:20:51.894,0.79156,0.79181,1.50,2.25
2012.08.30 23:20:59.334,0.79158,0.79181,1.50,1.50
2012.08.30 23:21:00.053,0.79156,0.79181,1.50,2.25
2012.08.30 23:21:09.072,0.79158,0.79181,1.50,1.50
2012.08.30 23:21:15.194,0.7916,0.79184,1.50,2.25
2012.08.30 23:21:16.297,0.79159,0.79183,1.50,1.50
2012.08.30 23:21:16.365,0.7916,0.79184,1.50,2.25
2012.08.30 23:21:16.993,0.79159,0.79183,1.50,1.50
2012.08.30 23:21:20.294,0.7916,0.79184,1.50,2.25
2012.08.30 23:21:20.844,0.79163,0.7918,1.58,1.58
2012.08.30 23:21:23.458,0.79168,0.79183,1.58,1.58
2012.08.30 23:21:26.949,0.79168,0.79181,1.58,1.58
2012.08.30 23:21:27.017,0.79163,0.7918,1.58,1.58
2012.08.30 23:21:44.494,0.79163,0.7918,2.33,1.58
2012.08.30 23:21:46.898,0.79162,0.79178,1.50,1.58
2012.08.30 23:21:47.296,0.79168,0.79183,1.58,2.33
2012.08.30 23:21:47.367,0.79162,0.79178,1.50,1.58
2012.08.30 23:21:58.878,0.79166,0.7918,1.58,1.58
2012.08.30 23:21:58.945,0.79166,0.79183,1.58,2.33
2012.08.30 23:22:09.289,0.79166,0.79179,1.58,1.58
2012.08.30 23:22:09.772,0.79162,0.79177,3.08,1.58
2012.08.30 23:22:11.575,0.79162,0.79177,3.08,1.58
2012.08.30 23:22:11.677,0.79164,0.79177,1.58,1.58
2012.08.30 23:22:11.745,0.79166,0.79183,1.58,2.33
2012.08.30 23:22:23.196,0.79166,0.79181,1.58,1.58
2012.08.30 23:22:23.268,0.79162,0.79179,2.33,2.33
2012.08.30 23:22:23.467,0.79162,0.79179,2.33,1.58
2012.08.30 23:22:23.608,0.79166,0.79179,1.58,1.58
2012.08.30 23:22:23.931,0.79168,0.79182,1.58,1.50
2012.08.30 23:22:31.135,0.79162,0.79179,2.33,1.58
2012.08.30 23:22:34.157,0.79167,0.7918,1.58,2.33
2012.08.30 23:22:34.625,0.79167,0.79184,1.58,2.33
2012.08.30 23:22:35.127,0.79171,0.79185,1.58,1.50
2012.08.30 23:22:36.807,0.79169,0.79181,1.58,1.58
2012.08.30 23:22:37.138,0.79166,0.79181,1.58,1.58
2012.08.30 23:22:38.276,0.79167,0.79182,1.58,1.58
2012.08.30 23:22:41.785,0.79171,0.79185,1.58,3.08
2012.08.30 23:22:49.686,0.79169,0.79181,1.58,1.58
2012.08.30 23:22:49.755,0.79164,0.79181,3.08,1.58
2012.08.30 23:22:54.363,0.79164,0.79181,3.08,1.58
2012.08.30 23:22:56.519,0.79164,0.79181,1.58,1.58
2012.08.30 23:22:57.827,0.79164,0.79179,1.58,1.58
2012.08.30 23:22:58.577,0.79168,0.79183,1.58,1.58
2012.08.30 23:23:01.150,0.79166,0.79179,1.58,1.58
2012.08.30 23:23:01.226,0.79164,0.79179,1.58,1.58
2012.08.30 23:23:09.819,0.79167,0.79179,1.58,1.58
2012.08.30 23:23:10.388,0.79165,0.79182,1.58,1.58
2012.08.30 23:23:14.328,0.79166,0.79182,1.50,1.58
2012.08.30 23:23:14.657,0.79176,0.79188,1.58,1.50
2012.08.30 23:23:15.167,0.79176,0.79189,1.58,1.50
2012.08.30 23:23:17.058,0.7917,0.79187,1.58,1.58
2012.08.30 23:23:19.116,0.7917,0.79187,1.58,2.33
2012.08.30 23:23:19.487,0.79167,0.79182,1.58,1.58
2012.08.30 23:23:34.928,0.79167,0.79182,2.33,1.58
2012.08.30 23:23:35.077,0.79171,0.79186,1.58,1.58
2012.08.30 23:23:35.147,0.79168,0.79183,1.58,1.58
2012.08.30 23:23:35.217,0.79166,0.79183,2.33,1.58
2012.08.30 23:23:45.381,0.79166,0.79182,1.58,1.58
2012.08.30 23:23:45.456,0.79164,0.79179,2.33,1.58
2012.08.30 23:23:45.586,0.79167,0.79184,1.58,1.58
2012.08.30 23:24:02.295,0.79167,0.79184,2.33,1.58
2012.08.30 23:24:02.959,0.79167,0.79184,1.58,1.58
2012.08.30 23:24:05.387,0.79168,0.79185,1.58,3.90
2012.08.30 23:24:06.147,0.79168,0.79185,1.58,2.33
2012.08.30 23:24:25.446,0.79167,0.79184,1.58,2.33
2012.08.30 23:24:36.184,0.79167,0.79184,1.58,2.33
2012.08.30 23:25:00.876,0.79172,0.79187,1.58,3.08
2012.08.30 23:25:00.946,0.79172,0.79187,1.58,3.08
2012.08.30 23:25:06.324,0.79172,0.79187,1.58,2.33
2012.08.30 23:25:06.576,0.79168,0.79183,1.58,2.33
2012.08.30 23:25:12.055,0.79168,0.79182,1.58,1.58
2012.08.30 23:25:12.125,0.79164,0.7918,1.58,1.58
2012.08.30 23:25:32.155,0.79166,0.79183,1.58,2.33
2012.08.30 23:25:50.776,0.79171,0.79185,1.58,1.50
2012.08.30 23:26:04.397,0.79167,0.79182,1.58,1.58
2012.08.30 23:26:14.267,0.79167,0.79182,1.58,4.43
2012.08.30 23:26:14.399,0.79167,0.79182,1.58,2.33
2012.08.30 23:26:14.586,0.79168,0.79181,1.58,1.50
2012.08.30 23:26:14.659,0.79164,0.79179,1.58,2.33
2012.08.30 23:26:15.167,0.79164,0.79179,1.58,1.58
2012.08.30 23:26:16.008,0.79164,0.79179,2.33,1.58
2012.08.30 23:26:16.079,0.79168,0.79182,1.58,1.58
2012.08.30 23:26:16.657,0.79168,0.79183,1.58,1.58
2012.08.30 23:26:18.415,0.79164,0.7918,1.50,1.58
2012.08.30 23:26:21.097,0.79167,0.79181,2.33,1.58
2012.08.30 23:26:21.167,0.79167,0.79185,2.33,1.58
2012.08.30 23:26:25.056,0.79167,0.79185,2.33,1.58
2012.08.30 23:26:25.619,0.79167,0.79185,1.58,2.33
2012.08.30 23:26:34.810,0.79167,0.79185,2.33,1.58
2012.08.30 23:26:49.426,0.79168,0.79185,2.33,1.58
2012.08.30 23:26:55.807,0.79168,0.79185,2.33,1.58
2012.08.30 23:27:04.720,0.79168,0.79185,2.33,1.58
2012.08.30 23:27:19.830,0.79168,0.79185,2.33,2.33
2012.08.30 23:27:21.166,0.79167,0.79182,2.33,1.58
2012.08.30 23:27:29.129,0.79162,0.79179,3.08,1.98
2012.08.30 23:27:29.457,0.79152,0.79168,1.50,1.58
2012.08.30 23:27:29.768,0.79151,0.79168,2.33,2.33
2012.08.30 23:27:30.074,0.79147,0.79164,2.33,1.58
2012.08.30 23:27:30.448,0.79145,0.7916,1.50,1.58
2012.08.30 23:27:38.777,0.79144,0.7916,1.50,1.58
2012.08.30 23:27:38.849,0.79148,0.79163,2.33,1.58
2012.08.30 23:27:43.468,0.79148,0.79162,2.33,2.10
2012.08.30 23:27:43.598,0.79148,0.7916,1.58,1.35
2012.08.30 23:27:43.728,0.79148,0.79159,1.58,2.25
2012.08.30 23:27:43.798,0.79136,0.79151,1.50,1.58
2012.08.30 23:27:44.057,0.79134,0.79151,3.83,1.58
2012.08.30 23:27:47.238,0.79139,0.79154,2.33,1.58
2012.08.30 23:27:47.817,0.79139,0.79154,2.33,1.58
2012.08.30 23:27:48.017,0.79143,0.79158,2.33,1.58
2012.08.30 23:27:52.726,0.79143,0.79158,1.58,1.58
2012.08.30 23:27:52.978,0.79139,0.79154,3.08,1.58
2012.08.30 23:27:53.600,0.79139,0.79154,3.08,1.58
2012.08.30 23:28:03.805,0.79139,0.79149,3.08,1.58
2012.08.30 23:28:04.057,0.79133,0.79148,1.58,1.58
2012.08.30 23:28:04.248,0.79133,0.79146,1.58,1.58
2012.08.30 23:28:04.386,0.79129,0.79144,2.33,1.58
2012.08.30 23:28:24.197,0.79131,0.79146,1.58,1.58
2012.08.30 23:28:44.247,0.79132,0.79149,1.58,2.33
2012.08.30 23:28:45.460,0.79132,0.79149,2.33,1.58
2012.08.30 23:28:45.977,0.79132,0.79149,1.58,2.33
2012.08.30 23:28:53.376,0.79132,0.79149,1.58,1.58
2012.08.30 23:29:04.239,0.79131,0.79148,3.15,1.58
2012.08.30 23:29:15.879,0.79131,0.79148,2.33,1.58
2012.08.30 23:29:24.415,0.79131,0.79149,3.08,2.33
2012.08.30 23:29:30.956,0.79131,0.79143,1.50,1.58
2012.08.30 23:29:34.655,0.7913,0.79143,1.50,1.58
2012.08.30 23:29:40.526,0.79131,0.79143,1.50,1.58
2012.08.30 23:29:45.365,0.7913,0.79143,1.50,1.58
2012.08.30 23:29:45.626,0.79128,0.79143,2.33,2.33
2012.08.30 23:29:45.769,0.79124,0.7914,1.50,1.58
2012.08.30 23:29:45.837,0.79124,0.7914,1.50,1.58
2012.08.30 23:29:47.287,0.79124,0.7914,1.50,1.58
2012.08.30 23:29:51.359,0.79124,0.7914,1.50,1.58
2012.08.30 23:29:51.549,0.79127,0.79142,2.33,1.58
2012.08.30 23:29:51.767,0.79127,0.79144,2.33,1.58
2012.08.30 23:29:52.156,0.79128,0.79144,1.50,1.58
2012.08.30 23:29:52.477,0.79131,0.79144,1.50,1.58
2012.08.30 23:29:52.547,0.79132,0.79148,2.33,1.58
2012.08.30 23:29:55.357,0.79133,0.79148,1.50,1.58
2012.08.30 23:30:07.138,0.79132,0.79148,2.33,1.58
2012.08.30 23:30:07.418,0.79132,0.79148,2.33,1.58
2012.08.30 23:30:07.608,0.79136,0.79151,1.58,2.33
2012.08.30 23:30:08.137,0.79136,0.7915,1.58,1.13
2012.08.30 23:30:08.279,0.79139,0.7915,1.58,1.13
2012.08.30 23:30:09.588,0.79139,0.79155,1.58,3.45
2012.08.30 23:30:09.718,0.79139,0.79155,1.58,3.45
2012.08.30 23:30:10.115,0.79139,0.79155,1.58,3.45
2012.08.30 23:30:10.370,0.79139,0.79155,1.58,2.70
2012.08.30 23:30:11.297,0.79139,0.79155,1.58,3.45
2012.08.30 23:30:11.545,0.79139,0.79155,1.58,3.45
2012.08.30 23:30:12.587,0.79139,0.79155,1.58,4.20
2012.08.30 23:30:20.988,0.79137,0.79152,1.58,2.33
2012.08.30 23:30:21.056,0.79135,0.79152,1.58,2.33
2012.08.30 23:30:32.357,0.79135,0.79152,1.58,2.55
2012.08.30 23:30:32.546,0.79135,0.79152,1.58,3.30
2012.08.30 23:30:40.077,0.79135,0.79152,1.58,2.55
2012.08.30 23:30:57.250,0.79135,0.79152,1.58,3.30
2012.08.30 23:31:00.686,0.79134,0.79151,1.58,2.33
2012.08.30 23:31:20.807,0.79135,0.79152,1.58,2.55
2012.08.30 23:31:21.577,0.79135,0.79152,2.33,1.80
2012.08.30 23:31:25.956,0.7914,0.79154,1.58,1.58
2012.08.30 23:31:26.869,0.7914,0.79155,1.58,3.08
2012.08.30 23:31:32.440,0.7914,0.79155,1.58,3.08
2012.08.30 23:31:32.508,0.79138,0.79151,1.58,2.33
2012.08.30 23:31:32.578,0.79136,0.79151,1.58,2.33
2012.08.30 23:32:02.347,0.79136,0.79151,2.33,1.58
2012.08.30 23:32:02.737,0.79136,0.79151,1.58,1.58
2012.08.30 23:32:11.038,0.7914,0.79153,1.58,1.50
2012.08.30 23:32:11.288,0.79136,0.79153,1.58,2.33
2012.08.30 23:32:35.770,0.79141,0.79152,1.58,2.25
2012.08.30 23:32:36.027,0.79139,0.79152,1.58,3.08
2012.08.30 23:32:36.097,0.79137,0.79152,1.58,3.08
2012.08.30 23:32:42.027,0.79137,0.79151,1.58,1.50
2012.08.30 23:32:46.388,0.79132,0.79147,1.58,3.08
2012.08.30 23:32:46.758,0.79132,0.79147,2.33,1.58
2012.08.30 23:32:47.089,0.79137,0.79149,1.58,1.50
2012.08.30 23:32:47.460,0.79137,0.7915,1.58,2.25
2012.08.30 23:32:49.446,0.79137,0.79152,1.58,3.30
2012.08.30 23:32:51.705,0.79137,0.79151,1.58,1.50
2012.08.30 23:32:52.703,0.79137,0.79152,1.58,2.55
2012.08.30 23:32:55.227,0.79137,0.79151,1.58,1.50
2012.08.30 23:32:55.900,0.79137,0.7915,1.58,1.50
2012.08.30 23:32:56.287,0.79133,0.79148,1.58,1.58
2012.08.30 23:32:57.112,0.79133,0.79148,1.58,3.08
2012.08.30 23:32:57.636,0.79133,0.79148,1.58,2.93
2012.08.30 23:32:58.478,0.79133,0.79148,1.58,1.58
2012.08.30 23:32:59.968,0.79133,0.79146,1.58,2.33
2012.08.30 23:33:00.038,0.79128,0.79145,1.58,2.33
2012.08.30 23:33:00.452,0.79132,0.79149,2.33,3.08
2012.08.30 23:33:00.587,0.79132,0.79149,1.58,4.05
2012.08.30 23:33:02.602,0.79132,0.79149,1.58,4.05
2012.08.30 23:33:02.681,0.79125,0.7914,1.58,1.58
2012.08.30 23:33:08.499,0.79125,0.79138,1.58,1.50
2012.08.30 23:33:08.575,0.79122,0.79135,1.58,2.33
2012.08.30 23:33:08.648,0.7912,0.79135,1.58,2.33
2012.08.30 23:33:08.779,0.79124,0.79138,1.58,2.55
2012.08.30 23:33:09.049,0.79119,0.79136,1.58,2.33
2012.08.30 23:33:19.147,0.79121,0.79136,1.58,2.33
2012.08.30 23:33:19.486,0.79123,0.79138,1.58,2.33
2012.08.30 23:33:20.597,0.79123,0.79139,1.58,2.85
2012.08.30 23:33:20.669,0.79123,0.79139,2.33,1.50
2012.08.30 23:33:20.979,0.79123,0.79139,1.58,1.50
2012.08.30 23:33:21.290,0.7912,0.79135,1.58,1.58
2012.08.30 23:33:21.608,0.79123,0.79139,1.58,1.50
2012.08.30 23:33:21.916,0.79123,0.79138,1.58,1.73
2012.08.30 23:33:24.322,0.79123,0.79139,1.58,2.48
2012.08.30 23:33:24.518,0.79123,0.7914,1.58,2.93
2012.08.30 23:33:24.587,0.79123,0.7914,2.33,2.93
2012.08.30 23:33:24.658,0.79123,0.7914,1.58,2.93
2012.08.30 23:33:25.329,0.79123,0.7914,1.58,2.33
2012.08.30 23:33:26.123,0.79125,0.7914,2.33,2.33
2012.08.30 23:33:26.447,0.79125,0.7914,2.33,1.58
2012.08.30 23:33:26.518,0.79129,0.79146,2.33,2.33
2012.08.30 23:33:26.892,0.79129,0.79146,2.33,1.58
2012.08.30 23:33:31.068,0.79129,0.79146,2.33,1.58
2012.08.30 23:33:31.257,0.79128,0.79142,2.33,1.58
2012.08.30 23:33:31.947,0.79125,0.79142,2.33,1.58
2012.08.30 23:33:32.497,0.79125,0.79142,2.33,1.58
2012.08.30 23:33:32.748,0.79125,0.79142,2.33,1.58
2012.08.30 23:33:33.139,0.79123,0.79138,1.50,1.58
2012.08.30 23:33:35.149,0.79121,0.79138,3.08,1.58
2012.08.30 23:33:39.708,0.79126,0.7914,1.58,1.58
2012.08.30 23:33:40.257,0.79126,0.79141,1.58,1.58
2012.08.30 23:33:43.580,0.79126,0.79141,1.58,2.33
2012.08.30 23:33:55.228,0.79123,0.79136,1.58,1.58
2012.08.30 23:33:55.298,0.79121,0.79136,1.58,2.33
2012.08.30 23:34:05.118,0.79121,0.79136,1.58,3.08
2012.08.30 23:34:05.260,0.79114,0.79127,1.50,1.58
2012.08.30 23:34:05.389,0.79112,0.79125,2.33,1.50
2012.08.30 23:34:05.459,0.7911,0.79124,1.58,2.33
2012.08.30 23:34:05.532,0.79107,0.79124,3.08,2.33
2012.08.30 23:34:06.047,0.79107,0.79124,1.58,2.33
2012.08.30 23:34:06.627,0.79107,0.79123,1.58,1.50
2012.08.30 23:34:11.007,0.79106,0.7912,2.33,1.58
2012.08.30 23:34:15.746,0.79104,0.7912,3.08,1.58
2012.08.30 23:34:36.718,0.79104,0.7912,1.58,1.58
2012.08.30 23:34:44.077,0.79104,0.7912,1.58,2.33
2012.08.30 23:34:44.220,0.79098,0.79114,3.08,1.58
2012.08.30 23:34:44.978,0.79098,0.79114,1.58,2.33
2012.08.30 23:34:45.828,0.79098,0.79114,2.33,2.33
2012.08.30 23:34:45.899,0.79103,0.79119,1.58,2.55
2012.08.30 23:34:45.968,0.79103,0.79119,1.58,2.33
2012.08.30 23:34:46.817,0.79103,0.79119,1.58,2.33
2012.08.30 23:34:51.767,0.79103,0.79117,1.58,2.33
2012.08.30 23:34:51.837,0.79098,0.79116,2.33,2.33
2012.08.30 23:34:51.908,0.79098,0.79116,2.33,2.33
2012.08.30 23:35:02.118,0.79098,0.79116,1.58,3.08
2012.08.30 23:35:02.386,0.79098,0.79116,1.58,2.33
2012.08.30 23:35:02.516,0.79098,0.79116,1.58,3.08
2012.08.30 23:35:02.735,0.79098,0.79116,2.33,2.33
2012.08.30 23:35:05.369,0.79098,0.79116,2.33,1.58
2012.08.30 23:35:08.377,0.79098,0.79116,2.33,1.58
2012.08.30 23:35:08.687,0.79104,0.7912,1.58,1.58
2012.08.30 23:35:08.969,0.79108,0.79125,1.58,1.58
2012.08.30 23:35:09.778,0.79108,0.79125,2.33,1.58
2012.08.30 23:35:10.327,0.79113,0.79128,1.58,1.58
2012.08.30 23:35:10.961,0.79108,0.79127,2.33,1.58
2012.08.30 23:35:11.039,0.79107,0.79118,1.50,1.58
2012.08.30 23:35:11.108,0.79103,0.79118,1.50,1.58
2012.08.30 23:35:11.488,0.79099,0.79118,1.58,2.33
2012.08.30 23:35:11.858,0.79096,0.79114,2.33,3.08
2012.08.30 23:35:13.119,0.79096,0.79114,1.58,2.33
2012.08.30 23:35:15.398,0.79097,0.79114,1.50,1.58
2012.08.30 23:35:15.803,0.79101,0.79116,1.58,2.33
2012.08.30 23:35:17.798,0.79101,0.79117,1.58,1.58
2012.08.30 23:35:23.299,0.79101,0.79117,2.33,2.33
2012.08.30 23:35:35.969,0.791,0.79116,1.58,2.33
2012.08.30 23:35:56.947,0.79103,0.79118,1.58,2.70
2012.08.30 23:35:57.079,0.79103,0.7912,1.58,2.55
2012.08.30 23:35:57.910,0.79103,0.79119,1.58,1.35
2012.08.30 23:35:57.979,0.791,0.79115,1.58,1.58
2012.08.30 23:35:58.810,0.791,0.79115,1.58,2.33
2012.08.30 23:36:18.017,0.79101,0.79119,1.58,3.08
2012.08.30 23:36:19.437,0.79098,0.79115,1.58,2.33
2012.08.30 23:36:28.048,0.79098,0.79115,1.58,2.33
2012.08.30 23:36:32.619,0.79098,0.79115,1.58,3.08
2012.08.30 23:36:37.238,0.79098,0.79115,1.58,2.33
2012.08.30 23:36:37.672,0.79098,0.79115,1.58,3.08
2012.08.30 23:36:39.346,0.79098,0.79115,1.58,2.33
2012.08.30 23:36:39.696,0.79099,0.79115,1.58,3.08
2012.08.30 23:36:46.698,0.79099,0.79115,1.58,2.33
2012.08.30 23:36:50.600,0.79099,0.79115,1.58,2.33
2012.08.30 23:36:56.837,0.79099,0.79115,2.33,1.58
2012.08.30 23:36:59.357,0.79101,0.79116,2.33,1.58
2012.08.30 23:37:21.689,0.79101,0.79116,3.08,2.33
2012.08.30 23:37:21.818,0.79103,0.79118,2.33,1.58
2012.08.30 23:37:22.278,0.79108,0.7912,1.58,1.58
2012.08.30 23:37:22.538,0.79108,0.79123,1.58,1.58
2012.08.30 23:37:26.829,0.79108,0.79123,2.33,1.58
2012.08.30 23:37:26.969,0.79111,0.79126,1.58,1.50
2012.08.30 23:37:27.097,0.79111,0.79128,1.58,2.33
2012.08.30 23:37:27.169,0.79113,0.79128,1.58,2.33
2012.08.30 23:37:27.488,0.79115,0.79132,1.58,2.93
2012.08.30 23:37:28.177,0.7912,0.79134,1.58,2.93
2012.08.30 23:37:29.079,0.79115,0.79132,1.58,1.58
2012.08.30 23:37:29.207,0.79115,0.79132,1.58,2.33
2012.08.30 23:37:29.699,0.79113,0.79128,1.58,2.33
2012.08.30 23:37:29.768,0.79111,0.79128,2.33,2.33
2012.08.30 23:37:31.287,0.79111,0.79128,3.08,1.58
2012.08.30 23:37:32.708,0.79113,0.79128,1.58,1.58
2012.08.30 23:37:32.779,0.79115,0.79132,1.58,2.33
2012.08.30 23:37:36.597,0.79115,0.79131,1.58,1.50
2012.08.30 23:37:37.807,0.79115,0.79132,1.58,2.55
2012.08.30 23:37:39.070,0.79115,0.79131,1.58,2.25
2012.08.30 23:37:39.198,0.79113,0.79127,1.58,2.33
2012.08.30 23:37:39.268,0.79112,0.79127,2.33,1.58
2012.08.30 23:37:39.338,0.79115,0.79129,1.58,1.58
2012.08.30 23:37:39.408,0.79115,0.79131,1.58,1.50
2012.08.30 23:37:39.597,0.79115,0.79131,1.58,1.50
2012.08.30 23:37:39.754,0.79115,0.79132,2.33,3.08
2012.08.30 23:37:45.976,0.79119,0.79133,1.58,3.08
2012.08.30 23:37:50.727,0.79119,0.79133,1.58,2.25
2012.08.30 23:37:51.038,0.79114,0.79129,1.58,2.33
2012.08.30 23:38:11.036,0.79115,0.79132,1.58,2.33
2012.08.30 23:38:18.307,0.79115,0.79128,1.58,1.50
2012.08.30 23:38:18.379,0.79115,0.79127,1.58,1.50
2012.08.30 23:38:19.347,0.79115,0.79132,1.58,2.33
2012.08.30 23:38:30.537,0.79115,0.79132,1.58,3.08
2012.08.30 23:38:30.608,0.79115,0.79132,1.58,3.83
2012.08.30 23:38:30.738,0.79115,0.79131,1.58,1.73
2012.08.30 23:38:31.302,0.79115,0.7913,1.58,1.58
2012.08.30 23:38:32.957,0.79116,0.7913,1.58,1.58
2012.08.30 23:38:33.267,0.79119,0.79134,1.58,4.05
2012.08.30 23:38:33.853,0.79119,0.79133,1.58,2.10
2012.08.30 23:38:33.929,0.79115,0.7913,2.33,1.58
2012.08.30 23:38:47.857,0.79115,0.7913,2.33,1.58
2012.08.30 23:38:53.466,0.79118,0.79132,2.33,1.58
2012.08.30 23:38:54.316,0.79118,0.79133,2.33,2.33
2012.08.30 23:39:18.187,0.79118,0.79133,2.33,1.58
2012.08.30 23:39:33.773,0.79119,0.79135,2.33,1.50
2012.08.30 23:39:44.547,0.79119,0.79136,2.33,3.08
2012.08.30 23:39:46.778,0.79124,0.79138,1.58,2.93
2012.08.30 23:39:46.909,0.79124,0.79139,2.33,3.08
2012.08.30 23:40:07.106,0.79124,0.79139,2.33,2.33
2012.08.30 23:40:07.821,0.79124,0.79139,2.33,1.58
2012.08.30 23:40:26.731,0.79125,0.79142,1.58,2.18
2012.08.30 23:41:08.418,0.79125,0.79142,2.33,1.58
2012.08.30 23:41:09.040,0.7913,0.79145,1.58,1.58
2012.08.30 23:41:10.098,0.7913,0.79145,2.33,1.58
2012.08.30 23:41:10.589,0.7913,0.79145,2.33,1.58
2012.08.30 23:41:10.661,0.79134,0.79148,1.58,2.33
2012.08.30 23:41:11.207,0.79134,0.79149,2.33,1.58
2012.08.30 23:41:12.009,0.79137,0.79154,1.58,3.83
2012.08.30 23:41:13.293,0.79137,0.79154,2.33,2.33
2012.08.30 23:41:13.368,0.79137,0.79154,2.33,1.58
2012.08.30 23:41:16.189,0.79137,0.79154,2.33,2.33
2012.08.30 23:41:16.721,0.79137,0.79154,2.33,3.08
2012.08.30 23:41:21.968,0.79137,0.79154,2.33,3.83
2012.08.30 23:41:36.918,0.79138,0.79155,1.58,3.08
2012.08.30 23:41:37.298,0.79135,0.79151,2.33,1.58
2012.08.30 23:41:45.920,0.79135,0.79151,2.33,1.58
2012.08.30 23:41:57.207,0.79138,0.79153,2.33,3.90
2012.08.30 23:41:59.268,0.79141,0.79155,1.58,2.25
2012.08.30 23:41:59.458,0.79141,0.79158,2.33,2.33
2012.08.30 23:41:59.977,0.79141,0.79158,2.33,2.33
2012.08.30 23:42:00.978,0.79141,0.79158,2.33,2.33
2012.08.30 23:42:08.418,0.79141,0.79158,1.58,2.33
2012.08.30 23:42:08.608,0.79141,0.79158,1.58,2.33
2012.08.30 23:42:09.528,0.79141,0.79158,1.58,2.93
2012.08.30 23:42:10.100,0.79141,0.79157,1.58,1.35
2012.08.30 23:42:13.132,0.79141,0.79158,1.58,2.18
2012.08.30 23:42:19.244,0.7914,0.79155,1.58,1.58
2012.08.30 23:42:29.348,0.7914,0.79155,2.33,1.58
2012.08.30 23:42:29.478,0.79142,0.79157,2.33,1.58
2012.08.30 23:42:29.547,0.79142,0.79159,2.33,1.35
2012.08.30 23:42:30.572,0.79142,0.79159,2.33,1.35
2012.08.30 23:42:32.486,0.79142,0.7916,2.33,2.33
2012.08.30 23:42:33.948,0.79145,0.7916,1.58,2.33
2012.08.30 23:42:34.257,0.79147,0.7916,2.33,1.50
2012.08.30 23:42:34.510,0.79143,0.79159,2.33,2.18
2012.08.30 23:42:35.928,0.79143,0.79159,1.58,4.05
2012.08.30 23:42:40.288,0.79143,0.79159,1.58,2.33
2012.08.30 23:42:41.491,0.79143,0.79159,1.58,4.05
2012.08.30 23:42:42.007,0.79143,0.79158,1.58,1.35
2012.08.30 23:42:43.927,0.79143,0.79159,1.58,4.05
2012.08.30 23:42:44.582,0.79143,0.79158,1.58,1.35
2012.08.30 23:42:45.356,0.79143,0.79159,1.58,4.05
2012.08.30 23:42:46.882,0.79138,0.79156,2.33,1.58
2012.08.30 23:42:52.792,0.79138,0.79156,2.33,1.58
2012.08.30 23:42:53.049,0.79143,0.7916,1.58,1.58
2012.08.30 23:42:53.598,0.79142,0.79155,2.25,1.58
2012.08.30 23:42:54.392,0.79144,0.79155,1.50,1.58
2012.08.30 23:42:54.719,0.79147,0.79155,1.50,1.58
2012.08.30 23:42:55.648,0.79147,0.79162,1.50,1.58
2012.08.30 23:42:58.291,0.79143,0.79156,2.33,1.58
2012.08.30 23:43:01.429,0.79141,0.79156,2.33,1.58
2012.08.30 23:43:02.118,0.79141,0.79156,2.33,1.58
2012.08.30 23:43:02.187,0.79141,0.79156,2.33,1.58
2012.08.30 23:43:10.551,0.79135,0.79152,1.50,1.58
2012.08.30 23:43:13.207,0.79138,0.79154,2.33,1.58
2012.08.30 23:43:14.090,0.79138,0.79155,2.33,1.58
2012.08.30 23:43:22.747,0.79138,0.79155,2.33,1.58
2012.08.30 23:43:23.058,0.79142,0.79158,1.58,2.25
2012.08.30 23:43:26.663,0.79138,0.79153,1.58,1.58
2012.08.30 23:43:27.522,0.79133,0.7915,2.33,2.33
2012.08.30 23:43:27.868,0.79133,0.7915,2.33,2.33
2012.08.30 23:43:28.118,0.79133,0.7915,1.58,3.08
2012.08.30 23:43:28.438,0.79129,0.79144,2.33,1.58
2012.08.30 23:43:32.588,0.79129,0.79144,2.33,1.58
2012.08.30 23:43:48.076,0.79131,0.79146,2.33,1.58
2012.08.30 23:43:48.147,0.79131,0.79148,2.33,3.08
2012.08.30 23:44:03.186,0.79131,0.79148,1.58,3.08
2012.08.30 23:44:07.193,0.79131,0.79147,1.58,1.50
2012.08.30 23:44:07.539,0.79121,0.79134,1.58,2.33
2012.08.30 23:44:07.669,0.79119,0.79134,1.58,3.08
2012.08.30 23:44:07.810,0.79119,0.79133,1.58,1.50
2012.08.30 23:44:07.940,0.79114,0.79131,2.33,2.33
2012.08.30 23:44:08.462,0.79114,0.79131,1.58,3.08
2012.08.30 23:44:23.732,0.79118,0.79132,1.58,2.33
2012.08.30 23:44:24.260,0.79118,0.79135,1.58,2.33
2012.08.30 23:44:24.949,0.79118,0.79135,1.58,2.33
2012.08.30 23:44:25.269,0.79116,0.7913,1.58,1.58
2012.08.30 23:44:26.011,0.79115,0.7913,1.58,1.58
2012.08.30 23:44:29.039,0.79115,0.7913,1.58,2.33
2012.08.30 23:44:32.479,0.79111,0.79126,1.58,2.33
2012.08.30 23:44:37.788,0.79108,0.79122,3.08,1.58
2012.08.30 23:44:38.570,0.79111,0.79125,1.58,1.58
2012.08.30 23:44:39.110,0.79111,0.79126,1.58,2.33
2012.08.30 23:44:39.179,0.79111,0.79126,1.58,2.93
2012.08.30 23:44:39.252,0.79106,0.79121,2.33,2.33
2012.08.30 23:44:39.511,0.79106,0.79121,1.58,2.33
2012.08.30 23:44:39.715,0.79109,0.79126,2.33,2.33
2012.08.30 23:44:44.289,0.79109,0.79126,2.33,1.58
2012.08.30 23:44:44.768,0.79109,0.79126,2.33,1.58
2012.08.30 23:44:44.958,0.79109,0.79126,2.33,1.58
2012.08.30 23:44:45.529,0.79109,0.79126,2.33,1.58
2012.08.30 23:44:45.662,0.79114,0.79129,1.58,1.58
2012.08.30 23:44:52.672,0.79111,0.79126,1.58,1.58
2012.08.30 23:44:53.039,0.79109,0.79126,2.33,1.58
2012.08.30 23:44:53.739,0.79114,0.79127,1.58,1.58
2012.08.30 23:44:53.810,0.79114,0.79131,2.33,1.58
2012.08.30 23:44:54.359,0.79115,0.7913,2.33,1.58
2012.08.30 23:44:55.717,0.79111,0.79126,2.33,1.58
2012.08.30 23:44:55.791,0.79111,0.79128,2.33,1.58
2012.08.30 23:44:56.196,0.79108,0.79123,2.33,1.58
2012.08.30 23:44:56.519,0.79108,0.79123,2.33,1.58
2012.08.30 23:44:56.589,0.79108,0.79123,2.33,1.58
2012.08.30 23:44:56.659,0.79108,0.79123,2.33,1.58
2012.08.30 23:44:57.559,0.79112,0.79125,2.33,1.58
2012.08.30 23:44:57.629,0.79112,0.79129,2.33,1.58
2012.08.30 23:45:00.669,0.79112,0.79129,3.38,1.58
2012.08.30 23:45:00.979,0.79117,0.79131,2.10,1.58
2012.08.30 23:45:01.050,0.79117,0.79133,2.10,1.58
2012.08.30 23:45:04.808,0.79121,0.79135,2.33,1.58
2012.08.30 23:45:05.227,0.79121,0.79138,2.33,1.58
2012.08.30 23:45:07.128,0.79121,0.79138,2.33,2.33
2012.08.30 23:45:07.268,0.79121,0.79138,1.58,3.08
2012.08.30 23:45:07.470,0.79117,0.79134,2.33,2.33
2012.08.30 23:45:07.859,0.79113,0.79128,2.33,1.58
2012.08.30 23:45:16.781,0.79113,0.79125,1.58,1.58
2012.08.30 23:45:16.849,0.79109,0.79124,1.50,1.58
2012.08.30 23:45:17.160,0.79111,0.79128,2.33,1.58
2012.08.30 23:45:17.717,0.79111,0.79128,1.58,1.58
2012.08.30 23:45:20.020,0.79111,0.79128,1.58,3.08
2012.08.30 23:45:20.609,0.79111,0.79127,1.58,2.48
2012.08.30 23:45:20.809,0.79104,0.79121,2.33,1.58
2012.08.30 23:45:21.409,0.79104,0.79121,1.58,1.58
2012.08.30 23:45:22.179,0.79104,0.79119,1.58,1.50
2012.08.30 23:45:22.500,0.79103,0.79116,1.58,2.33
2012.08.30 23:45:22.571,0.79103,0.79118,2.33,1.58
2012.08.30 23:45:23.669,0.79105,0.79118,1.58,1.58
2012.08.30 23:45:23.738,0.79107,0.79122,1.58,2.33
2012.08.30 23:45:24.129,0.79102,0.79119,2.33,2.33
2012.08.30 23:45:24.380,0.79102,0.79119,2.33,1.58
2012.08.30 23:45:24.507,0.79106,0.79123,1.58,2.33
2012.08.30 23:45:25.150,0.79106,0.79122,1.58,1.50
2012.08.30 23:45:25.219,0.79106,0.7912,1.58,2.33
2012.08.30 23:45:25.290,0.79102,0.79119,2.33,2.33
2012.08.30 23:45:25.848,0.79102,0.79119,1.58,3.45
2012.08.30 23:45:25.919,0.79099,0.79115,1.50,1.58
2012.08.30 23:45:26.109,0.79098,0.79115,2.33,2.33
2012.08.30 23:45:29.849,0.79098,0.79115,2.33,2.33
2012.08.30 23:45:40.142,0.79098,0.79115,1.58,3.83
2012.08.30 23:45:45.248,0.79097,0.7911,1.50,1.58
2012.08.30 23:45:45.438,0.79095,0.7911,1.58,2.33
2012.08.30 23:45:51.684,0.79093,0.79106,2.33,1.58
2012.08.30 23:45:51.818,0.79091,0.79106,3.08,1.58
2012.08.30 23:45:58.538,0.79091,0.79106,2.33,1.58
2012.08.30 23:45:58.849,0.79094,0.7911,2.33,1.50
2012.08.30 23:46:01.740,0.79094,0.79105,1.58,1.35
2012.08.30 23:46:01.809,0.79091,0.79104,1.58,1.50
2012.08.30 23:46:21.747,0.79089,0.79103,1.58,1.50
2012.08.30 23:46:38.269,0.79089,0.79106,2.33,3.08
2012.08.30 23:46:41.768,0.79091,0.79106,1.58,2.33
2012.08.30 23:46:45.648,0.79091,0.79106,1.58,2.33
2012.08.30 23:47:01.947,0.79089,0.79104,1.58,1.58
2012.08.30 23:47:10.098,0.79089,0.79104,2.33,1.58
2012.08.30 23:47:15.239,0.79089,0.79104,1.58,1.58
2012.08.30 23:47:19.520,0.79089,0.79104,1.58,2.33
2012.08.30 23:47:21.850,0.79088,0.79103,1.58,2.33
2012.08.30 23:47:28.559,0.79088,0.79103,1.58,1.58
2012.08.30 23:47:41.965,0.79088,0.79105,1.58,3.90
2012.08.30 23:47:42.983,0.79085,0.791,1.58,1.58
2012.08.30 23:47:54.529,0.79085,0.791,1.58,3.08
2012.08.30 23:47:56.149,0.79085,0.791,1.58,2.33
2012.08.30 23:47:57.570,0.79085,0.791,1.58,2.33
2012.08.30 23:47:57.640,0.79082,0.79097,1.58,2.33
2012.08.30 23:47:57.710,0.7908,0.79097,2.33,2.33
2012.08.30 23:47:57.840,0.7908,0.79097,2.33,2.33
2012.08.30 23:47:58.149,0.7908,0.79097,1.58,3.08
2012.08.30 23:48:03.207,0.7908,0.79096,1.58,1.50
2012.08.30 23:48:04.888,0.7908,0.79097,1.58,3.08
2012.08.30 23:48:17.587,0.7908,0.79095,1.58,1.58
2012.08.30 23:48:19.741,0.7908,0.79095,1.58,2.33
2012.08.30 23:48:21.240,0.79078,0.79091,1.58,1.58
2012.08.30 23:48:21.320,0.79076,0.79091,1.58,1.58
2012.08.30 23:48:24.169,0.7908,0.79093,1.58,1.58
2012.08.30 23:48:25.453,0.7908,0.79095,1.58,2.33
2012.08.30 23:48:26.648,0.7908,0.79095,1.58,1.58
2012.08.30 23:48:26.960,0.79085,0.79099,1.58,1.50
2012.08.30 23:48:27.935,0.79085,0.791,1.58,2.33
2012.08.30 23:48:28.131,0.7908,0.79097,1.58,2.33
2012.08.30 23:48:38.279,0.7908,0.79097,1.58,3.08
2012.08.30 23:48:38.350,0.79078,0.79093,1.58,2.33
2012.08.30 23:48:38.749,0.79076,0.79093,1.58,2.33
2012.08.30 23:48:54.049,0.79078,0.79093,1.58,1.58
2012.08.30 23:48:54.120,0.7908,0.79097,1.58,3.08
2012.08.30 23:48:54.322,0.79083,0.79097,1.58,2.33
2012.08.30 23:48:54.579,0.79081,0.79096,1.58,2.33
2012.08.30 23:49:14.428,0.79082,0.79098,1.58,3.08
2012.08.30 23:49:18.071,0.79082,0.79098,1.58,1.58
2012.08.30 23:49:18.812,0.79086,0.791,1.58,1.58
2012.08.30 23:49:19.121,0.79087,0.791,1.73,1.58
2012.08.30 23:49:19.320,0.79091,0.79108,2.33,2.33
2012.08.30 23:49:19.389,0.79091,0.79108,2.33,1.58
2012.08.30 23:49:29.829,0.79091,0.79108,1.58,3.08
2012.08.30 23:49:30.200,0.79091,0.79105,1.58,1.50
2012.08.30 23:49:30.331,0.79086,0.79104,1.58,2.33
2012.08.30 23:49:30.829,0.79086,0.79102,1.58,1.50
2012.08.30 23:49:32.350,0.79086,0.79103,1.58,1.50
2012.08.30 23:49:32.561,0.79086,0.79104,1.58,3.08
2012.08.30 23:49:34.819,0.79086,0.79104,1.58,2.33
2012.08.30 23:49:40.390,0.79086,0.79104,1.58,2.33
2012.08.30 23:49:40.813,0.79084,0.79099,3.15,1.58
2012.08.30 23:49:41.499,0.79087,0.79103,1.58,3.83
2012.08.30 23:49:43.832,0.79087,0.79103,1.58,1.58
2012.08.30 23:49:44.169,0.7909,0.79107,1.58,4.20
2012.08.30 23:49:45.719,0.7909,0.79107,1.58,3.45
2012.08.30 23:49:46.998,0.7909,0.79107,1.58,3.45
2012.08.30 23:49:47.129,0.79086,0.79103,1.58,1.50
2012.08.30 23:49:47.330,0.79086,0.79104,2.33,2.33
2012.08.30 23:49:47.529,0.79091,0.79106,1.58,2.33
2012.08.30 23:49:49.568,0.79091,0.79104,1.58,1.50
2012.08.30 23:49:53.628,0.79091,0.79106,1.58,2.33
2012.08.30 23:49:56.100,0.79091,0.79106,1.58,2.33
2012.08.30 23:50:02.480,0.79091,0.79106,1.58,2.33
2012.08.30 23:50:02.721,0.79093,0.79106,1.58,1.58
2012.08.30 23:50:03.031,0.79095,0.79108,1.58,1.50
2012.08.30 23:50:03.278,0.79095,0.7911,1.58,2.33
2012.08.30 23:50:03.472,0.79095,0.79108,1.58,1.50
2012.08.30 23:50:03.789,0.79095,0.7911,1.58,2.33
2012.08.30 23:50:09.452,0.79089,0.79106,3.08,1.58
2012.08.30 23:50:09.639,0.79089,0.79106,1.58,2.33
2012.08.30 23:50:11.959,0.79089,0.79106,1.58,2.33
2012.08.30 23:50:12.268,0.79089,0.79106,1.58,3.08
2012.08.30 23:50:12.519,0.79089,0.79106,1.58,2.33
2012.08.30 23:50:13.136,0.79089,0.79106,1.58,3.08
2012.08.30 23:50:13.212,0.79089,0.79104,1.58,1.50
2012.08.30 23:50:15.738,0.79085,0.79102,1.58,2.33
2012.08.30 23:50:16.810,0.79085,0.79102,3.08,1.58
2012.08.30 23:50:17.999,0.7909,0.79106,1.58,2.33
2012.08.30 23:50:18.561,0.7909,0.79106,1.58,1.58
2012.08.30 23:50:24.589,0.7909,0.79106,1.58,2.33
2012.08.30 23:50:26.003,0.79091,0.79106,1.58,2.33
2012.08.30 23:50:26.290,0.79089,0.79107,2.33,1.58
2012.08.30 23:50:26.488,0.79089,0.79107,1.58,2.33
2012.08.30 23:50:33.217,0.79088,0.79102,1.58,1.58
2012.08.30 23:50:33.800,0.79087,0.79102,1.58,1.58
2012.08.30 23:50:34.848,0.79087,0.79102,1.58,2.33
2012.08.30 23:50:40.858,0.79087,0.79102,1.58,2.33
2012.08.30 23:50:42.112,0.7909,0.79106,1.58,2.33
2012.08.30 23:50:42.519,0.7909,0.79106,2.33,1.58
2012.08.30 23:50:42.589,0.79094,0.79108,1.58,2.33
2012.08.30 23:50:43.122,0.79094,0.79109,2.33,1.58
2012.08.30 23:50:43.191,0.79097,0.79113,1.58,2.25
2012.08.30 23:50:43.262,0.79097,0.79114,1.58,2.25
2012.08.30 23:50:43.391,0.79102,0.79114,1.58,1.50
2012.08.30 23:50:43.579,0.79102,0.79116,1.58,1.50
2012.08.30 23:50:48.448,0.79102,0.79115,1.58,1.50
2012.08.30 23:50:48.649,0.79098,0.79114,1.58,2.33
2012.08.30 23:50:50.161,0.79098,0.79114,1.58,3.08
2012.08.30 23:50:50.350,0.79093,0.79111,2.33,2.33
2012.08.30 23:50:52.080,0.79093,0.7911,1.58,2.25
2012.08.30 23:50:52.511,0.79091,0.79106,1.58,1.58
2012.08.30 23:50:53.291,0.79091,0.79106,2.33,1.58
2012.08.30 23:50:53.639,0.79095,0.7911,1.58,1.50
2012.08.30 23:50:53.830,0.79093,0.79107,1.58,1.58
2012.08.30 23:50:53.900,0.7909,0.79107,1.58,1.58
2012.08.30 23:50:54.988,0.7909,0.79107,1.58,3.08
2012.08.30 23:50:55.360,0.79096,0.79108,1.58,3.08
2012.08.30 23:50:55.430,0.79096,0.79109,1.58,1.50
2012.08.30 23:50:59.018,0.79096,0.79111,1.58,2.33
2012.08.30 23:50:59.570,0.79096,0.79111,1.58,1.58
2012.08.30 23:51:00.359,0.79096,0.79111,1.58,2.33
2012.08.30 23:51:00.910,0.79096,0.79108,1.58,1.50
2012.08.30 23:51:02.920,0.79094,0.79107,1.58,1.58
2012.08.30 23:51:02.991,0.79092,0.79107,1.58,1.58
2012.08.30 23:51:10.719,0.79095,0.79111,1.58,1.50
2012.08.30 23:51:10.789,0.79095,0.79112,1.58,3.08
2012.08.30 23:51:11.311,0.79095,0.79112,1.58,2.33
2012.08.30 23:51:11.380,0.79099,0.79113,1.58,2.33
2012.08.30 23:51:12.229,0.79099,0.79116,1.58,3.08
2012.08.30 23:51:12.771,0.79099,0.79116,1.58,2.33
2012.08.30 23:51:17.531,0.79099,0.79116,1.58,2.93
2012.08.30 23:51:17.940,0.79099,0.79113,1.58,2.25
2012.08.30 23:51:18.009,0.79094,0.79111,1.58,2.33
2012.08.30 23:51:21.011,0.79099,0.79114,1.58,3.83
2012.08.30 23:51:21.601,0.79099,0.79114,1.58,2.33
2012.08.30 23:51:24.560,0.79099,0.79114,1.58,3.08
2012.08.30 23:51:25.341,0.79099,0.79114,1.58,3.08
2012.08.30 23:51:28.859,0.79099,0.79114,1.58,2.33
2012.08.30 23:51:39.838,0.79093,0.7911,1.58,1.58
2012.08.30 23:51:59.849,0.79092,0.79109,2.33,1.58
2012.08.30 23:52:05.770,0.79092,0.79109,2.33,1.58
2012.08.30 23:52:11.269,0.79092,0.79109,2.33,1.58
2012.08.30 23:52:13.512,0.79097,0.7911,1.58,1.58
2012.08.30 23:52:13.578,0.79097,0.79112,1.58,2.33
2012.08.30 23:52:33.471,0.79098,0.79114,1.58,1.58
2012.08.30 23:52:34.375,0.79098,0.79115,1.58,2.33
2012.08.30 23:52:45.197,0.79098,0.79115,2.33,1.58
2012.08.30 23:52:53.520,0.79097,0.79114,2.33,1.58
2012.08.30 23:53:13.642,0.79098,0.79115,2.33,2.33
2012.08.30 23:53:26.688,0.79098,0.79115,2.33,2.33
2012.08.30 23:53:28.566,0.79098,0.79115,2.33,1.58
2012.08.30 23:53:29.719,0.79098,0.79115,2.33,1.58
2012.08.30 23:53:31.399,0.79098,0.79115,1.58,2.33
2012.08.30 23:53:40.959,0.79098,0.79115,2.33,1.58
2012.08.30 23:53:50.464,0.79098,0.79114,2.33,1.50
2012.08.30 23:53:50.544,0.79093,0.7911,1.58,2.33
2012.08.30 23:53:55.943,0.79093,0.7911,2.33,2.33
2012.08.30 23:54:10.239,0.79094,0.79111,1.58,4.65
2012.08.30 23:54:16.000,0.79099,0.79112,1.58,1.58
2012.08.30 23:54:16.433,0.79099,0.79114,2.33,1.58
2012.08.30 23:54:27.350,0.79099,0.79114,2.33,1.58
2012.08.30 23:54:27.538,0.79099,0.79114,1.58,2.33
2012.08.30 23:54:30.822,0.79099,0.79114,1.58,2.33
2012.08.30 23:54:34.737,0.79099,0.79114,1.58,1.58
2012.08.30 23:54:36.148,0.79098,0.79113,1.58,1.58
2012.08.30 23:54:36.661,0.79098,0.79113,2.33,1.58
2012.08.30 23:54:39.150,0.79099,0.79113,1.50,1.58
2012.08.30 23:54:39.579,0.79099,0.79113,1.50,1.58
2012.08.30 23:54:40.140,0.79099,0.79113,2.25,1.58
2012.08.30 23:54:40.272,0.79102,0.79119,3.08,2.33
2012.08.30 23:54:40.860,0.79102,0.79119,3.08,1.58
2012.08.30 23:54:41.529,0.79106,0.7912,1.58,1.58
2012.08.30 23:54:41.599,0.79106,0.79123,1.58,2.33
2012.08.30 23:54:41.851,0.79106,0.79123,1.58,2.33
2012.08.30 23:54:45.889,0.79106,0.79122,1.58,1.50
2012.08.30 23:54:50.051,0.79106,0.7912,1.58,1.58
2012.08.30 23:54:50.119,0.79102,0.79117,1.58,1.58
2012.08.30 23:55:10.011,0.79104,0.7912,1.58,1.58
2012.08.30 23:55:11.256,0.79104,0.79121,1.58,1.58
2012.08.30 23:55:11.990,0.79104,0.79121,1.58,2.33
2012.08.30 23:55:16.325,0.79104,0.7912,1.58,1.50
2012.08.30 23:55:16.651,0.79096,0.79111,1.58,1.58
2012.08.30 23:55:16.860,0.79093,0.79107,1.58,1.58
2012.08.30 23:55:17.361,0.79092,0.79107,2.33,1.58
2012.08.30 23:55:20.083,0.79092,0.79107,2.33,1.58
2012.08.30 23:55:36.919,0.79093,0.79108,2.33,1.58
2012.08.30 23:55:39.622,0.79093,0.79108,3.08,1.58
2012.08.30 23:55:47.678,0.79093,0.79108,1.58,1.58
2012.08.30 23:56:00.488,0.79095,0.79108,1.58,1.58
2012.08.30 23:56:00.559,0.79096,0.79113,1.58,3.83
2012.08.30 23:56:20.758,0.79095,0.7911,1.58,1.58
2012.08.30 23:56:36.041,0.79093,0.79105,1.58,1.58
2012.08.30 23:56:36.112,0.7909,0.79105,3.08,1.58
2012.08.30 23:56:37.013,0.7909,0.79105,3.08,1.58
2012.08.30 23:56:38.241,0.7909,0.79105,3.08,1.58
2012.08.30 23:56:38.510,0.7909,0.79105,3.08,1.58
2012.08.30 23:56:46.706,0.7909,0.79105,3.83,1.58
2012.08.30 23:56:49.809,0.7909,0.79105,3.08,1.58
2012.08.30 23:56:56.120,0.79093,0.79107,1.58,1.58
2012.08.30 23:56:57.051,0.79093,0.79108,1.58,1.58
2012.08.30 23:57:09.048,0.79094,0.79108,1.50,1.58
2012.08.30 23:57:15.139,0.79095,0.79108,1.50,1.58
2012.08.30 23:57:15.469,0.79094,0.79108,1.50,1.58
2012.08.30 23:57:16.113,0.79094,0.79109,3.08,1.58
2012.08.30 23:57:18.718,0.79095,0.79109,1.50,1.58
2012.08.30 23:57:19.059,0.79096,0.79109,2.25,1.58
2012.08.30 23:57:19.249,0.79097,0.79111,2.33,1.58
2012.08.30 23:57:19.319,0.79097,0.79114,2.33,1.58
2012.08.30 23:57:25.269,0.79101,0.79114,1.50,1.58
2012.08.30 23:57:28.891,0.79097,0.79114,3.83,1.58
2012.08.30 23:57:49.099,0.79098,0.79114,1.50,1.58
2012.08.30 23:57:59.342,0.79098,0.79115,3.83,3.15
2012.08.30 23:58:00.621,0.791,0.79115,1.50,1.58
2012.08.30 23:58:00.751,0.79104,0.79117,2.33,1.58
2012.08.30 23:58:01.013,0.79106,0.79123,1.58,1.58
2012.08.30 23:58:01.093,0.79105,0.79115,2.33,1.58
2012.08.30 23:58:01.609,0.79103,0.79115,1.28,1.58
2012.08.30 23:58:02.600,0.79106,0.79115,1.50,1.58
2012.08.30 23:58:04.234,0.79103,0.79115,3.08,1.58
2012.08.30 23:58:06.959,0.79108,0.79116,1.58,1.58
2012.08.30 23:58:07.029,0.79108,0.79125,1.58,1.58
2012.08.30 23:58:07.340,0.79106,0.79116,2.33,1.58
2012.08.30 23:58:07.409,0.79107,0.79124,1.58,1.58
2012.08.30 23:58:07.659,0.79107,0.79118,1.58,1.58
2012.08.30 23:58:07.728,0.79107,0.79124,1.58,1.58
2012.08.30 23:58:07.934,0.79107,0.79119,1.58,1.58
2012.08.30 23:58:08.068,0.79104,0.79121,2.33,1.58
2012.08.30 23:58:25.852,0.79104,0.79121,2.33,1.58
2012.08.30 23:58:28.088,0.79107,0.79122,1.58,1.58
2012.08.30 23:58:35.442,0.79107,0.79121,1.58,1.58
2012.08.30 23:58:35.711,0.79107,0.79124,1.58,2.33
2012.08.30 23:58:36.130,0.79104,0.7912,1.50,1.58
2012.08.30 23:58:39.123,0.79103,0.7912,3.90,1.58
2012.08.30 23:58:39.201,0.79103,0.7912,3.15,1.58
2012.08.30 23:58:45.321,0.79101,0.79116,1.50,1.58
2012.08.30 23:59:15.930,0.79099,0.79116,3.08,1.58
2012.08.30 23:59:22.581,0.791,0.79116,1.50,1.58
2012.08.30 23:59:30.918,0.79103,0.79117,1.58,1.58
2012.08.30 23:59:30.991,0.79103,0.7912,1.58,2.33
2012.08.30 23:59:32.381,0.79101,0.79115,2.33,1.58
2012.08.30 23:59:32.920,0.79099,0.79115,1.50,1.58
2012.08.30 23:59:41.510,0.79096,0.7911,3.08,1.58
2012.08.30 23:59:41.702,0.79094,0.7911,1.05,2.33
2012.08.30 23:59:42.104,0.79091,0.79106,1.50,1.58
2012.08.30 23:59:42.881,0.79089,0.79106,3.08,1.58
2012.08.30 23:59:43.441,0.79092,0.79106,1.50,1.58
2012.08.30 23:59:48.070,0.79089,0.79106,2.33,2.33
2012.08.30 23:59:48.918,0.79089,0.79106,1.58,2.33
2012.08.30 23:59:49.808,0.79091,0.79106,1.58,2.33
2012.08.30 23:59:50.120,0.79094,0.79109,1.58,2.33
2012.08.30 23:59:50.823,0.79094,0.79109,1.58,2.33
2012.08.30 23:59:52.059,0.79094,0.79109,1.58,2.33
2012.08.30 23:59:52.605,0.79094,0.79109,1.58,2.33
2012.08.30 23:59:55.324,0.79094,0.79109,1.58,1.58
2012.08.30 23:59:58.541,0.79094,0.79109,1.58,2.33
