2012.09.04 12:00:01.266,0.79615,0.79629,1.80,1.50
2012.09.04 12:00:01.396,0.79612,0.79627,2.91,1.58
2012.09.04 12:00:02.666,0.79612,0.79627,2.33,3.48
2012.09.04 12:00:03.184,0.79612,0.79624,1.58,1.15
2012.09.04 12:00:03.433,0.79609,0.79623,2.55,2.33
2012.09.04 12:00:03.625,0.79609,0.79623,1.80,2.73
2012.09.04 12:00:03.896,0.79603,0.7962,3.66,1.58
2012.09.04 12:00:04.425,0.79603,0.7962,2.91,1.98
2012.09.04 12:00:07.793,0.79603,0.7962,2.91,1.98
2012.09.04 12:00:08.322,0.79603,0.7962,2.91,1.98
2012.09.04 12:00:09.964,0.79607,0.7962,1.73,2.73
2012.09.04 12:00:10.285,0.79612,0.79627,1.80,1.98
2012.09.04 12:00:10.803,0.79612,0.79627,2.16,1.58
2012.09.04 12:00:12.204,0.79612,0.79627,2.16,1.98
2012.09.04 12:00:12.783,0.79612,0.79627,2.16,1.58
2012.09.04 12:00:12.855,0.79612,0.79627,2.91,1.58
2012.09.04 12:00:15.169,0.79615,0.79629,1.80,3.08
2012.09.04 12:00:17.426,0.79615,0.7963,1.80,1.15
2012.09.04 12:00:17.732,0.79615,0.79632,2.16,2.73
2012.09.04 12:00:18.547,0.7962,0.79632,4.73,1.98
2012.09.04 12:00:18.797,0.79622,0.79634,2.10,1.58
2012.09.04 12:00:18.878,0.79622,0.79636,2.10,2.73
2012.09.04 12:00:20.074,0.79623,0.79636,1.63,1.58
2012.09.04 12:00:20.805,0.79626,0.7964,1.73,1.58
2012.09.04 12:00:21.344,0.79626,0.7964,1.73,1.58
2012.09.04 12:00:22.035,0.79626,0.7964,1.33,1.58
2012.09.04 12:00:23.615,0.79626,0.7964,1.33,2.33
2012.09.04 12:00:23.885,0.79625,0.79639,1.80,2.73
2012.09.04 12:00:24.447,0.79623,0.79637,1.33,1.58
2012.09.04 12:00:26.206,0.79626,0.79637,1.73,1.58
2012.09.04 12:00:26.275,0.79626,0.79639,2.08,1.58
2012.09.04 12:00:26.404,0.79626,0.7964,2.08,2.33
2012.09.04 12:00:32.672,0.79625,0.7964,2.91,2.33
2012.09.04 12:00:32.922,0.79623,0.79637,1.33,1.58
2012.09.04 12:00:34.065,0.79624,0.7964,2.16,1.15
2012.09.04 12:00:34.545,0.79626,0.79641,2.08,1.58
2012.09.04 12:00:34.916,0.79626,0.79641,2.16,2.33
2012.09.04 12:00:35.104,0.79626,0.79639,1.58,1.15
2012.09.04 12:00:35.678,0.79622,0.79637,4.41,2.33
2012.09.04 12:00:37.924,0.79627,0.79641,1.11,3.83
2012.09.04 12:00:38.233,0.79628,0.79641,2.16,1.50
2012.09.04 12:00:38.305,0.79627,0.79642,3.66,2.33
2012.09.04 12:00:38.433,0.79627,0.79642,2.08,2.73
2012.09.04 12:00:38.573,0.79627,0.79642,1.33,2.33
2012.09.04 12:00:39.445,0.79627,0.79642,1.33,1.98
2012.09.04 12:00:43.562,0.79632,0.79644,1.50,1.50
2012.09.04 12:00:43.635,0.79632,0.79649,3.83,2.73
2012.09.04 12:00:43.704,0.79633,0.79649,1.33,2.73
2012.09.04 12:00:44.016,0.7963,0.79645,3.66,1.58
2012.09.04 12:00:44.145,0.7963,0.79645,3.66,1.58
2012.09.04 12:00:44.455,0.79633,0.79645,1.11,1.58
2012.09.04 12:00:44.526,0.79633,0.79648,2.68,3.48
2012.09.04 12:00:45.083,0.79633,0.79648,2.91,3.08
2012.09.04 12:00:46.106,0.79635,0.7965,2.16,2.33
2012.09.04 12:00:46.388,0.79637,0.79652,1.11,2.73
2012.09.04 12:00:46.513,0.79637,0.79652,1.11,2.33
2012.09.04 12:00:46.827,0.79635,0.79652,2.91,2.73
2012.09.04 12:00:47.015,0.79636,0.79652,2.83,1.58
2012.09.04 12:00:47.325,0.79636,0.79652,1.11,2.33
2012.09.04 12:00:47.854,0.79636,0.79652,1.11,2.33
2012.09.04 12:00:48.294,0.79636,0.79652,1.86,2.33
2012.09.04 12:00:48.365,0.79636,0.79652,2.61,1.58
2012.09.04 12:00:48.435,0.79636,0.79652,1.33,2.33
2012.09.04 12:00:48.563,0.79636,0.79652,1.33,2.73
2012.09.04 12:00:48.765,0.79636,0.7965,1.33,2.33
2012.09.04 12:00:49.274,0.79635,0.79651,2.08,2.33
2012.09.04 12:00:49.816,0.79634,0.7965,2.16,1.15
2012.09.04 12:00:51.454,0.79634,0.79648,2.16,1.50
2012.09.04 12:00:52.033,0.79634,0.79651,2.16,3.48
2012.09.04 12:00:53.153,0.79632,0.79648,2.83,2.33
2012.09.04 12:00:55.972,0.79636,0.7965,1.58,1.15
2012.09.04 12:00:56.929,0.79632,0.79649,2.91,4.08
2012.09.04 12:00:57.004,0.79632,0.79646,1.58,1.15
2012.09.04 12:00:57.563,0.79629,0.79646,2.91,2.73
2012.09.04 12:00:59.307,0.79629,0.79646,2.91,2.73
2012.09.04 12:01:02.154,0.79629,0.79646,2.91,2.73
2012.09.04 12:01:04.784,0.79629,0.79646,4.03,2.33
2012.09.04 12:01:04.852,0.79632,0.79647,1.58,2.73
2012.09.04 12:01:05.233,0.79633,0.79649,1.33,3.08
2012.09.04 12:01:07.366,0.79632,0.79649,4.26,2.33
2012.09.04 12:01:07.674,0.7963,0.79645,3.43,1.98
2012.09.04 12:01:08.235,0.7963,0.79644,2.33,1.98
2012.09.04 12:01:08.557,0.79628,0.79642,2.08,1.58
2012.09.04 12:01:08.865,0.79625,0.79642,2.16,3.48
2012.09.04 12:01:08.935,0.79625,0.79642,2.68,2.73
2012.09.04 12:01:09.124,0.79627,0.79642,2.08,2.33
2012.09.04 12:01:09.444,0.79623,0.79638,1.50,1.50
2012.09.04 12:01:09.874,0.79623,0.79639,2.25,2.73
2012.09.04 12:01:10.384,0.79624,0.79639,1.33,2.73
2012.09.04 12:01:10.457,0.79624,0.79639,1.33,3.48
2012.09.04 12:01:11.283,0.79623,0.79639,2.08,1.58
2012.09.04 12:01:11.657,0.79623,0.79639,2.08,2.33
2012.09.04 12:01:12.383,0.79623,0.79636,2.33,1.15
2012.09.04 12:01:12.931,0.79623,0.79636,1.58,1.15
2012.09.04 12:01:13.406,0.79623,0.79635,1.58,1.15
2012.09.04 12:01:13.476,0.7962,0.79633,1.58,1.15
2012.09.04 12:01:13.727,0.79619,0.79633,1.93,1.90
2012.09.04 12:01:14.303,0.79619,0.79633,1.93,1.15
2012.09.04 12:01:18.102,0.79619,0.79633,1.58,1.90
2012.09.04 12:01:20.695,0.79616,0.79632,1.11,1.98
2012.09.04 12:01:22.473,0.79616,0.79632,1.86,2.33
2012.09.04 12:01:22.604,0.79618,0.79635,1.93,3.48
2012.09.04 12:01:23.294,0.79618,0.79635,1.93,3.48
2012.09.04 12:01:23.503,0.79618,0.79634,1.93,1.90
2012.09.04 12:01:28.894,0.79618,0.79633,1.93,1.15
2012.09.04 12:01:30.824,0.79618,0.79632,1.93,1.15
2012.09.04 12:01:31.356,0.79618,0.79633,1.93,1.15
2012.09.04 12:01:33.093,0.79618,0.79632,1.58,1.15
2012.09.04 12:01:36.995,0.79619,0.79634,1.50,1.15
2012.09.04 12:01:37.123,0.79621,0.79635,2.91,1.58
2012.09.04 12:01:37.373,0.79622,0.79638,2.16,1.15
2012.09.04 12:01:42.706,0.79622,0.79638,2.91,1.15
2012.09.04 12:01:43.302,0.79622,0.79638,2.91,1.15
2012.09.04 12:01:49.122,0.79621,0.79634,2.16,1.58
2012.09.04 12:01:49.744,0.79619,0.79631,2.83,1.58
2012.09.04 12:01:50.294,0.79619,0.79631,1.86,1.58
2012.09.04 12:01:51.153,0.79619,0.79633,1.11,1.58
2012.09.04 12:01:51.238,0.79619,0.79635,1.11,2.73
2012.09.04 12:01:54.486,0.79619,0.79635,1.11,2.73
2012.09.04 12:01:54.863,0.79618,0.79633,1.58,1.15
2012.09.04 12:01:55.472,0.79619,0.79635,1.11,2.73
2012.09.04 12:01:55.549,0.7962,0.79635,1.11,2.33
2012.09.04 12:01:56.643,0.79621,0.79637,1.58,1.15
2012.09.04 12:01:59.155,0.79621,0.79637,2.33,1.15
2012.09.04 12:01:59.465,0.79626,0.7964,2.68,1.50
2012.09.04 12:01:59.996,0.79626,0.79639,1.80,1.15
2012.09.04 12:02:00.196,0.79624,0.79639,1.33,2.73
2012.09.04 12:02:02.239,0.79623,0.79639,1.33,3.08
2012.09.04 12:02:05.033,0.79623,0.79639,1.33,4.23
2012.09.04 12:02:05.163,0.79623,0.79635,1.11,2.33
2012.09.04 12:02:10.885,0.7962,0.79635,1.11,2.33
2012.09.04 12:02:10.953,0.7962,0.79635,1.11,2.33
2012.09.04 12:02:18.433,0.7962,0.79635,1.11,2.33
2012.09.04 12:02:19.172,0.79621,0.79635,1.11,2.33
2012.09.04 12:02:19.243,0.79622,0.79635,1.11,2.33
2012.09.04 12:02:19.434,0.79622,0.79637,2.91,2.33
2012.09.04 12:02:23.943,0.79622,0.79637,2.16,2.33
2012.09.04 12:02:24.133,0.7962,0.79633,1.11,2.33
2012.09.04 12:02:26.254,0.7962,0.79637,2.68,2.33
2012.09.04 12:02:26.326,0.7962,0.79633,1.11,2.33
2012.09.04 12:02:26.396,0.7962,0.79633,1.11,2.33
2012.09.04 12:02:31.745,0.79621,0.79636,1.93,1.90
2012.09.04 12:02:31.944,0.79617,0.7963,1.11,2.33
2012.09.04 12:02:32.507,0.79617,0.79633,1.93,1.38
2012.09.04 12:02:32.577,0.79617,0.79634,1.93,2.95
2012.09.04 12:02:35.184,0.79616,0.79628,2.08,1.58
2012.09.04 12:02:35.254,0.79617,0.79632,2.16,1.58
2012.09.04 12:02:35.324,0.79617,0.79632,1.80,2.33
2012.09.04 12:02:35.455,0.79614,0.79629,2.68,2.33
2012.09.04 12:02:35.644,0.79615,0.79629,1.11,2.33
2012.09.04 12:02:35.963,0.79617,0.79629,1.11,1.58
2012.09.04 12:02:36.385,0.79621,0.79633,1.58,1.15
2012.09.04 12:02:39.483,0.79621,0.79633,1.58,1.15
2012.09.04 12:02:39.614,0.79616,0.79633,3.66,3.33
2012.09.04 12:02:41.815,0.79616,0.79631,3.66,1.15
2012.09.04 12:02:42.143,0.79612,0.79628,2.33,1.15
2012.09.04 12:02:43.087,0.79613,0.79628,1.58,1.15
2012.09.04 12:02:43.155,0.79617,0.79633,1.86,4.23
2012.09.04 12:02:50.605,0.79617,0.79633,1.86,2.73
2012.09.04 12:02:51.034,0.79621,0.79636,1.50,1.90
2012.09.04 12:02:51.284,0.79624,0.79637,1.58,1.15
2012.09.04 12:02:56.565,0.79624,0.79639,2.68,1.58
2012.09.04 12:02:57.119,0.79624,0.79638,1.93,1.15
2012.09.04 12:02:57.745,0.79628,0.79638,1.58,1.15
2012.09.04 12:03:08.742,0.79628,0.79641,1.58,1.38
2012.09.04 12:03:09.112,0.79628,0.79641,1.58,1.38
2012.09.04 12:03:09.254,0.79625,0.7964,1.58,2.55
2012.09.04 12:03:13.692,0.79625,0.7964,1.58,1.38
2012.09.04 12:03:14.703,0.79625,0.79642,2.68,3.55
2012.09.04 12:03:14.837,0.79625,0.79642,2.68,2.73
2012.09.04 12:03:15.023,0.79625,0.7964,1.93,1.15
2012.09.04 12:03:18.734,0.79625,0.7964,1.93,1.38
2012.09.04 12:03:22.576,0.79624,0.79635,2.68,1.58
2012.09.04 12:03:22.705,0.79625,0.7964,1.93,2.95
2012.09.04 12:03:24.015,0.79623,0.79637,2.68,1.58
2012.09.04 12:03:24.155,0.7962,0.79635,2.55,1.15
2012.09.04 12:03:24.353,0.79618,0.79631,1.50,1.58
2012.09.04 12:03:24.677,0.79618,0.79633,2.23,1.15
2012.09.04 12:03:24.746,0.79621,0.79633,2.33,1.15
2012.09.04 12:03:24.874,0.79621,0.79636,2.33,1.98
2012.09.04 12:03:25.264,0.79623,0.79637,1.58,1.15
2012.09.04 12:03:27.464,0.79623,0.79637,1.58,1.15
2012.09.04 12:03:28.565,0.79621,0.79634,1.58,1.15
2012.09.04 12:03:29.486,0.79619,0.79634,1.93,2.73
2012.09.04 12:03:30.716,0.79617,0.79633,1.93,1.50
2012.09.04 12:03:31.034,0.79616,0.7963,2.68,1.15
2012.09.04 12:03:36.065,0.79616,0.79631,1.86,2.73
2012.09.04 12:03:36.574,0.79617,0.79631,1.11,2.33
2012.09.04 12:03:37.124,0.79618,0.79633,1.58,2.33
2012.09.04 12:03:41.173,0.79618,0.79633,1.93,1.98
2012.09.04 12:03:41.462,0.79617,0.79631,1.11,1.58
2012.09.04 12:03:41.784,0.79616,0.79624,1.11,2.25
2012.09.04 12:03:41.915,0.79614,0.79622,1.58,1.15
2012.09.04 12:03:42.304,0.79612,0.79623,1.58,1.38
2012.09.04 12:03:42.375,0.79609,0.79623,1.58,1.38
2012.09.04 12:03:54.836,0.79606,0.79622,1.11,2.33
2012.09.04 12:03:54.903,0.79606,0.79617,1.11,1.58
2012.09.04 12:03:55.096,0.79604,0.79617,1.58,1.98
2012.09.04 12:03:55.406,0.79602,0.79617,1.93,1.98
2012.09.04 12:03:55.557,0.79603,0.79617,1.11,1.58
2012.09.04 12:03:55.753,0.79602,0.79617,1.58,1.58
2012.09.04 12:03:55.945,0.79603,0.79617,1.11,1.58
2012.09.04 12:03:56.265,0.79602,0.79617,1.93,2.73
2012.09.04 12:03:56.587,0.79606,0.79619,1.58,1.90
2012.09.04 12:03:56.655,0.79606,0.79619,1.58,1.15
2012.09.04 12:03:57.025,0.79605,0.79617,1.58,1.15
2012.09.04 12:03:57.427,0.79602,0.79617,1.11,1.15
2012.09.04 12:03:59.663,0.79602,0.79618,1.50,2.73
2012.09.04 12:03:59.856,0.79606,0.79621,1.58,1.98
2012.09.04 12:03:59.928,0.79606,0.79621,1.58,1.98
2012.09.04 12:04:00.065,0.79609,0.79622,1.58,1.15
2012.09.04 12:04:00.255,0.79609,0.79623,1.58,1.98
2012.09.04 12:04:09.814,0.79609,0.79623,1.58,2.73
2012.09.04 12:04:09.886,0.79609,0.79622,1.58,1.15
2012.09.04 12:04:09.958,0.79605,0.7962,2.33,1.98
2012.09.04 12:04:10.025,0.79605,0.7962,1.58,1.98
2012.09.04 12:04:10.585,0.79605,0.7962,1.58,1.98
2012.09.04 12:04:11.145,0.79605,0.79619,1.58,1.15
2012.09.04 12:04:11.404,0.79602,0.79617,2.33,2.33
2012.09.04 12:04:11.715,0.79605,0.79618,1.58,1.90
2012.09.04 12:04:13.634,0.79602,0.79617,3.15,2.33
2012.09.04 12:04:14.152,0.79602,0.79617,1.58,3.08
2012.09.04 12:04:20.503,0.79604,0.79617,1.58,1.90
2012.09.04 12:04:21.052,0.79604,0.79617,1.58,1.15
2012.09.04 12:04:21.343,0.79602,0.79617,1.58,1.15
2012.09.04 12:04:21.415,0.79602,0.79615,1.58,1.50
2012.09.04 12:04:21.972,0.79602,0.79613,1.58,1.90
2012.09.04 12:04:22.535,0.796,0.79613,1.58,1.90
2012.09.04 12:04:22.664,0.79597,0.79613,1.80,1.90
2012.09.04 12:04:23.224,0.79597,0.79612,1.58,1.15
2012.09.04 12:04:25.064,0.79597,0.79613,3.43,1.15
2012.09.04 12:04:25.134,0.79597,0.79614,4.41,3.48
2012.09.04 12:04:25.625,0.79601,0.79615,1.58,1.15
2012.09.04 12:04:26.169,0.79601,0.79616,1.58,1.98
2012.09.04 12:04:30.694,0.79601,0.79616,1.93,1.58
2012.09.04 12:04:31.453,0.79601,0.79616,1.93,1.58
2012.09.04 12:04:32.280,0.79603,0.79617,1.93,1.15
2012.09.04 12:04:39.455,0.79603,0.79617,1.58,1.90
2012.09.04 12:04:39.766,0.79597,0.79611,1.58,1.15
2012.09.04 12:04:45.253,0.79597,0.79612,1.93,2.20
2012.09.04 12:04:46.112,0.79597,0.79612,1.93,2.73
2012.09.04 12:04:46.624,0.79597,0.79611,1.58,1.15
2012.09.04 12:04:56.928,0.79597,0.79611,1.58,1.15
2012.09.04 12:04:57.056,0.79595,0.7961,1.11,1.98
2012.09.04 12:04:57.670,0.79597,0.79611,1.58,1.15
2012.09.04 12:05:01.703,0.79599,0.79611,1.58,1.15
2012.09.04 12:05:10.834,0.79596,0.79611,1.58,1.15
2012.09.04 12:05:11.955,0.79595,0.7961,1.11,1.98
2012.09.04 12:05:12.029,0.79593,0.79609,3.43,2.10
2012.09.04 12:05:12.376,0.79593,0.79605,1.58,1.38
2012.09.04 12:05:12.694,0.79591,0.79597,1.58,1.90
2012.09.04 12:05:12.946,0.79587,0.79597,1.58,1.90
2012.09.04 12:05:13.015,0.79583,0.79597,1.58,1.90
2012.09.04 12:05:13.703,0.79583,0.79597,1.58,1.90
2012.09.04 12:05:22.264,0.79583,0.79597,1.58,1.38
2012.09.04 12:05:22.516,0.79581,0.79596,3.90,1.98
2012.09.04 12:05:24.334,0.79581,0.79596,2.33,1.98
2012.09.04 12:05:24.583,0.79577,0.79593,3.08,1.15
2012.09.04 12:05:25.894,0.79577,0.79593,2.33,1.38
2012.09.04 12:05:27.955,0.79577,0.79594,3.43,2.95
2012.09.04 12:05:28.155,0.7958,0.79595,1.93,1.15
2012.09.04 12:05:28.286,0.7958,0.79595,1.58,1.38
2012.09.04 12:05:28.824,0.7958,0.79593,1.58,1.15
2012.09.04 12:05:37.845,0.7958,0.79593,1.58,1.15
2012.09.04 12:05:37.914,0.79581,0.79595,1.50,1.38
2012.09.04 12:05:38.475,0.79581,0.79596,1.50,1.90
2012.09.04 12:05:42.179,0.79581,0.79596,1.50,1.15
2012.09.04 12:05:42.699,0.79585,0.79598,2.33,1.58
2012.09.04 12:05:43.237,0.79585,0.79599,1.58,1.15
2012.09.04 12:05:45.145,0.79585,0.79599,2.33,1.15
2012.09.04 12:06:02.513,0.79587,0.796,1.58,1.15
2012.09.04 12:06:19.653,0.79587,0.796,1.58,1.15
2012.09.04 12:06:22.763,0.79588,0.796,1.58,1.15
2012.09.04 12:06:26.333,0.79585,0.796,1.11,1.98
2012.09.04 12:06:26.535,0.79584,0.796,1.93,1.98
2012.09.04 12:06:27.074,0.79586,0.79602,1.58,3.48
2012.09.04 12:06:32.474,0.79586,0.79602,2.33,3.48
2012.09.04 12:06:42.675,0.79586,0.79602,2.33,2.13
2012.09.04 12:06:42.927,0.79587,0.79603,1.11,1.98
2012.09.04 12:06:43.065,0.79588,0.79603,1.11,1.98
2012.09.04 12:06:43.385,0.79587,0.79603,1.11,1.98
2012.09.04 12:06:43.769,0.79591,0.79606,2.33,3.70
2012.09.04 12:06:44.510,0.79591,0.79606,2.33,3.48
2012.09.04 12:06:45.371,0.79591,0.79606,1.58,3.48
2012.09.04 12:06:45.445,0.79591,0.79604,1.58,1.15
2012.09.04 12:06:50.434,0.79591,0.79603,1.58,1.38
2012.09.04 12:06:50.927,0.79591,0.79606,2.33,2.73
2012.09.04 12:06:51.128,0.79594,0.79606,1.58,1.15
2012.09.04 12:06:51.309,0.79592,0.79606,2.33,1.15
2012.09.04 12:06:53.060,0.7959,0.79607,2.68,2.73
2012.09.04 12:06:58.343,0.7959,0.79607,2.68,2.73
2012.09.04 12:07:00.253,0.7959,0.79607,1.93,2.73
2012.09.04 12:07:03.344,0.7959,0.79607,2.68,2.73
2012.09.04 12:07:09.375,0.7959,0.79607,1.93,2.73
2012.09.04 12:07:09.567,0.7959,0.79604,1.58,1.50
2012.09.04 12:07:09.694,0.79588,0.79602,1.58,2.33
2012.09.04 12:07:10.222,0.79587,0.79602,2.68,2.33
2012.09.04 12:07:18.506,0.79587,0.79602,1.93,2.33
2012.09.04 12:07:19.024,0.79583,0.79597,1.93,1.15
2012.09.04 12:07:25.505,0.79586,0.796,1.58,1.38
2012.09.04 12:07:25.814,0.79589,0.79601,1.58,1.15
2012.09.04 12:07:44.725,0.79589,0.79602,1.58,1.15
2012.09.04 12:07:46.727,0.79589,0.79601,1.58,1.15
2012.09.04 12:07:46.797,0.79586,0.79601,4.65,2.73
2012.09.04 12:07:47.174,0.79586,0.79599,1.58,1.15
2012.09.04 12:07:47.977,0.79586,0.79598,1.58,1.15
2012.09.04 12:07:52.263,0.79586,0.79599,1.58,1.15
2012.09.04 12:07:53.595,0.79586,0.79598,1.58,1.53
2012.09.04 12:07:53.726,0.79582,0.79597,1.93,1.95
2012.09.04 12:07:53.808,0.7958,0.79594,2.33,3.70
2012.09.04 12:07:54.135,0.79577,0.79591,2.33,1.38
2012.09.04 12:07:55.645,0.79577,0.79591,2.33,1.38
2012.09.04 12:07:59.078,0.79577,0.79593,2.33,1.15
2012.09.04 12:07:59.286,0.7958,0.79593,1.58,1.15
2012.09.04 12:07:59.986,0.79579,0.79593,1.58,2.73
2012.09.04 12:08:00.524,0.79578,0.79593,1.58,2.73
2012.09.04 12:08:03.604,0.79578,0.79593,2.68,2.73
2012.09.04 12:08:04.144,0.79578,0.79593,3.43,3.48
2012.09.04 12:08:05.695,0.79578,0.79593,2.68,3.48
2012.09.04 12:08:07.386,0.79579,0.79593,1.95,3.48
2012.09.04 12:08:07.517,0.79587,0.79594,1.58,1.50
2012.09.04 12:08:07.658,0.7959,0.796,2.33,2.25
2012.09.04 12:08:07.728,0.79595,0.796,1.58,1.50
2012.09.04 12:08:08.046,0.79595,0.79609,2.33,2.13
2012.09.04 12:08:08.117,0.79595,0.79609,2.68,1.73
2012.09.04 12:08:08.637,0.79597,0.79609,1.58,1.90
2012.09.04 12:08:09.418,0.79594,0.79609,1.11,1.90
2012.09.04 12:08:12.166,0.79594,0.79609,1.86,1.90
2012.09.04 12:08:12.670,0.79594,0.79609,1.11,1.90
2012.09.04 12:08:12.743,0.79593,0.79609,1.93,1.90
2012.09.04 12:08:13.255,0.79593,0.79609,1.58,1.15
2012.09.04 12:08:16.046,0.79593,0.79609,1.58,1.15
2012.09.04 12:08:16.357,0.79593,0.79605,1.58,1.38
2012.09.04 12:08:16.735,0.7959,0.79605,2.68,1.15
2012.09.04 12:08:21.426,0.7959,0.79605,1.58,1.38
2012.09.04 12:08:26.465,0.7959,0.79605,2.68,1.38
2012.09.04 12:08:27.020,0.7959,0.79605,1.93,1.38
2012.09.04 12:08:27.525,0.7959,0.79605,2.68,1.38
2012.09.04 12:08:33.754,0.7959,0.79605,1.93,1.38
2012.09.04 12:08:34.687,0.7959,0.79605,2.68,1.38
2012.09.04 12:08:37.197,0.7959,0.79605,1.93,2.95
2012.09.04 12:08:41.579,0.7959,0.79605,2.68,2.95
2012.09.04 12:08:42.094,0.7959,0.79605,1.93,2.95
2012.09.04 12:08:42.986,0.7959,0.79604,2.33,1.15
2012.09.04 12:08:43.470,0.7959,0.79604,1.58,1.15
2012.09.04 12:08:45.075,0.7959,0.79604,2.33,1.15
2012.09.04 12:08:49.652,0.7959,0.79604,2.33,1.15
2012.09.04 12:08:49.907,0.7959,0.79603,1.58,1.15
2012.09.04 12:08:49.977,0.7959,0.79603,1.58,1.15
2012.09.04 12:08:50.486,0.79587,0.79602,2.68,2.55
2012.09.04 12:08:53.711,0.79587,0.79602,2.33,2.95
2012.09.04 12:08:53.846,0.79587,0.79602,1.58,2.95
2012.09.04 12:08:58.875,0.79587,0.79602,1.58,2.95
2012.09.04 12:09:13.673,0.79587,0.79602,1.58,2.13
2012.09.04 12:09:14.281,0.79587,0.79602,1.58,2.13
2012.09.04 12:09:20.819,0.79585,0.796,2.68,2.55
2012.09.04 12:09:23.081,0.79585,0.796,2.68,2.55
2012.09.04 12:09:33.134,0.79585,0.796,2.68,2.55
2012.09.04 12:09:40.157,0.79586,0.796,1.11,2.55
2012.09.04 12:09:40.914,0.79585,0.796,2.68,2.55
2012.09.04 12:09:43.005,0.79585,0.796,2.68,2.55
2012.09.04 12:09:44.955,0.79585,0.796,3.43,2.55
2012.09.04 12:09:45.873,0.79585,0.796,3.43,2.55
2012.09.04 12:09:47.423,0.79585,0.796,2.68,2.55
2012.09.04 12:09:50.115,0.79585,0.796,3.43,2.55
2012.09.04 12:09:50.785,0.79585,0.796,3.43,2.55
2012.09.04 12:09:55.296,0.79586,0.796,1.11,2.95
2012.09.04 12:09:55.815,0.79585,0.79598,1.58,1.38
2012.09.04 12:10:08.257,0.79588,0.79599,1.58,1.15
2012.09.04 12:10:08.697,0.79585,0.79599,1.93,1.15
2012.09.04 12:10:17.555,0.79587,0.79599,1.58,1.15
2012.09.04 12:10:17.864,0.79587,0.79598,1.58,1.38
2012.09.04 12:10:18.576,0.79585,0.79598,1.58,1.38
2012.09.04 12:10:19.092,0.79584,0.79598,1.58,1.38
2012.09.04 12:10:20.497,0.79587,0.79598,1.58,1.38
2012.09.04 12:10:22.337,0.79585,0.79598,3.15,2.13
2012.09.04 12:10:22.408,0.79585,0.79595,3.15,1.15
2012.09.04 12:10:22.857,0.79583,0.79595,1.58,1.38
2012.09.04 12:10:22.926,0.79583,0.79595,1.58,1.38
2012.09.04 12:10:22.996,0.7958,0.79595,1.58,1.38
2012.09.04 12:10:24.596,0.7958,0.79593,1.58,1.73
2012.09.04 12:10:25.734,0.79578,0.79593,2.68,3.70
2012.09.04 12:10:28.435,0.79578,0.79593,2.68,2.33
2012.09.04 12:10:30.023,0.79578,0.79593,2.68,2.33
2012.09.04 12:10:35.709,0.79578,0.79589,1.11,2.33
2012.09.04 12:10:35.967,0.79571,0.79586,1.86,1.73
2012.09.04 12:10:36.108,0.79572,0.79587,1.11,2.33
2012.09.04 12:10:38.526,0.79572,0.79587,1.11,1.58
2012.09.04 12:10:38.998,0.79575,0.7959,1.58,2.95
2012.09.04 12:10:40.146,0.79575,0.79589,1.58,1.15
2012.09.04 12:10:40.485,0.79575,0.79586,1.58,1.38
2012.09.04 12:10:40.555,0.79571,0.79586,2.33,2.95
2012.09.04 12:10:40.865,0.79572,0.79586,1.86,1.80
2012.09.04 12:10:41.840,0.79574,0.79588,1.58,1.15
2012.09.04 12:10:51.949,0.79574,0.79588,2.33,1.15
2012.09.04 12:10:52.088,0.79575,0.79591,2.25,2.73
2012.09.04 12:10:52.157,0.79578,0.79591,1.58,1.15
2012.09.04 12:10:52.581,0.79578,0.7959,1.58,2.13
2012.09.04 12:10:52.655,0.79576,0.7959,1.58,3.70
2012.09.04 12:10:54.877,0.79576,0.7959,2.33,3.70
2012.09.04 12:10:55.386,0.79576,0.7959,1.58,2.95
2012.09.04 12:11:02.896,0.79577,0.7959,2.33,1.15
2012.09.04 12:11:03.026,0.79577,0.79592,2.33,1.90
2012.09.04 12:11:03.097,0.79585,0.79593,1.58,1.15
2012.09.04 12:11:03.226,0.79585,0.79595,1.58,1.50
2012.09.04 12:11:03.788,0.79585,0.79597,1.58,1.90
2012.09.04 12:11:04.319,0.79585,0.79597,1.58,1.15
2012.09.04 12:11:13.084,0.79585,0.79597,1.58,1.15
2012.09.04 12:11:14.375,0.79585,0.79598,1.58,1.15
2012.09.04 12:11:14.625,0.79585,0.796,1.93,3.08
2012.09.04 12:11:14.816,0.79588,0.796,1.58,1.50
2012.09.04 12:11:17.906,0.79588,0.79602,1.58,1.15
2012.09.04 12:11:18.034,0.79586,0.796,1.58,1.58
2012.09.04 12:11:18.355,0.79585,0.79598,1.58,1.15
2012.09.04 12:11:20.156,0.79585,0.79597,1.58,1.15
2012.09.04 12:11:20.466,0.79581,0.79595,1.58,1.50
2012.09.04 12:11:25.496,0.79584,0.79599,2.33,2.95
2012.09.04 12:11:25.626,0.79584,0.79599,2.33,2.95
2012.09.04 12:11:25.696,0.79588,0.796,1.58,1.90
2012.09.04 12:11:26.006,0.79588,0.79599,1.58,1.15
2012.09.04 12:11:26.078,0.79585,0.79599,1.58,1.15
2012.09.04 12:11:28.891,0.79585,0.79597,1.58,1.15
2012.09.04 12:11:29.088,0.79582,0.79595,1.93,1.50
2012.09.04 12:11:29.758,0.79581,0.79594,1.58,1.15
2012.09.04 12:11:34.056,0.79581,0.79594,1.58,1.15
2012.09.04 12:11:34.918,0.79581,0.79594,1.58,1.15
2012.09.04 12:11:45.516,0.79581,0.79594,1.58,1.15
2012.09.04 12:11:46.376,0.79581,0.79594,1.58,1.15
2012.09.04 12:11:56.187,0.79581,0.79593,1.58,1.15
2012.09.04 12:11:56.505,0.79581,0.79588,1.58,1.15
2012.09.04 12:11:56.817,0.79572,0.79589,3.43,1.98
2012.09.04 12:11:58.981,0.79576,0.79589,1.58,1.15
2012.09.04 12:11:59.891,0.79573,0.79587,1.93,1.58
2012.09.04 12:12:00.567,0.79572,0.79587,4.93,1.58
2012.09.04 12:12:00.697,0.79574,0.79589,1.58,1.58
2012.09.04 12:12:01.272,0.79574,0.79591,1.58,1.98
2012.09.04 12:12:03.234,0.79574,0.79591,2.33,1.98
2012.09.04 12:12:04.266,0.79574,0.79591,1.58,1.98
2012.09.04 12:12:05.258,0.79574,0.79591,2.33,1.98
2012.09.04 12:12:05.388,0.79578,0.79594,3.08,2.13
2012.09.04 12:12:05.518,0.79578,0.79593,2.55,1.15
2012.09.04 12:12:05.588,0.79577,0.7959,1.73,1.58
2012.09.04 12:12:06.101,0.79575,0.7959,3.08,1.98
2012.09.04 12:12:06.651,0.79577,0.7959,1.50,1.98
2012.09.04 12:12:09.279,0.79575,0.7959,2.68,1.98
2012.09.04 12:12:16.555,0.79579,0.79592,1.58,1.90
2012.09.04 12:12:31.159,0.79579,0.79591,1.58,1.15
2012.09.04 12:12:31.549,0.79577,0.79589,1.58,1.90
2012.09.04 12:12:32.237,0.79579,0.79591,1.58,1.15
2012.09.04 12:12:33.049,0.79577,0.79591,1.11,2.33
2012.09.04 12:12:33.377,0.79574,0.79587,2.68,1.58
2012.09.04 12:12:33.509,0.79573,0.79587,1.11,1.58
2012.09.04 12:12:38.661,0.79574,0.79587,1.50,1.58
2012.09.04 12:12:39.426,0.79576,0.7959,1.11,1.58
2012.09.04 12:12:39.555,0.79576,0.79588,1.11,1.58
2012.09.04 12:12:40.251,0.79575,0.79588,1.11,1.58
2012.09.04 12:12:41.948,0.79576,0.79588,1.11,1.58
2012.09.04 12:12:45.455,0.79574,0.79588,2.61,1.58
2012.09.04 12:12:46.012,0.79575,0.79588,1.11,1.58
2012.09.04 12:12:46.582,0.79576,0.79588,1.11,1.58
2012.09.04 12:12:47.886,0.79575,0.79588,1.11,1.58
2012.09.04 12:12:48.137,0.79573,0.79585,1.11,1.58
2012.09.04 12:12:51.325,0.79572,0.79585,1.11,1.58
2012.09.04 12:12:51.649,0.7957,0.79579,1.11,1.58
2012.09.04 12:12:51.848,0.79567,0.79579,1.50,1.58
2012.09.04 12:12:51.918,0.79567,0.79577,1.50,1.58
2012.09.04 12:12:54.736,0.79563,0.79577,1.86,1.58
2012.09.04 12:12:54.808,0.79565,0.79577,1.11,1.58
2012.09.04 12:12:55.055,0.79563,0.79577,1.86,1.58
2012.09.04 12:12:55.256,0.79564,0.79577,1.11,1.58
2012.09.04 12:12:55.949,0.79563,0.79577,1.11,1.58
2012.09.04 12:13:01.295,0.79564,0.79577,1.11,1.58
2012.09.04 12:13:06.336,0.79563,0.79577,1.86,1.58
2012.09.04 12:13:06.584,0.79563,0.79577,1.86,1.58
2012.09.04 12:13:07.086,0.79562,0.79577,1.50,1.98
2012.09.04 12:13:07.794,0.79554,0.79565,2.55,1.35
2012.09.04 12:13:07.895,0.79554,0.79562,1.58,1.15
2012.09.04 12:13:08.371,0.79546,0.79553,3.66,1.58
2012.09.04 12:13:08.448,0.79548,0.79562,2.16,2.33
2012.09.04 12:13:09.668,0.79546,0.79554,1.33,1.58
2012.09.04 12:13:09.868,0.79543,0.79555,1.50,1.58
2012.09.04 12:13:11.177,0.7954,0.79554,5.25,1.15
2012.09.04 12:13:11.247,0.79538,0.79553,3.08,1.50
2012.09.04 12:13:11.317,0.79538,0.79554,3.08,1.15
2012.09.04 12:13:11.516,0.79542,0.79552,1.50,1.58
2012.09.04 12:13:12.307,0.79542,0.79554,2.83,1.58
2012.09.04 12:13:12.402,0.79544,0.79557,1.11,1.58
2012.09.04 12:13:12.690,0.79545,0.79558,1.11,3.15
2012.09.04 12:13:14.159,0.79545,0.79561,3.08,1.15
2012.09.04 12:13:14.309,0.79545,0.79561,3.08,1.15
2012.09.04 12:13:14.808,0.79545,0.79559,1.50,1.98
2012.09.04 12:13:15.408,0.79545,0.79559,1.50,1.98
2012.09.04 12:13:16.275,0.79545,0.79559,1.50,1.98
2012.09.04 12:13:16.426,0.79545,0.79561,2.33,4.30
2012.09.04 12:13:16.770,0.79542,0.79554,2.33,1.15
2012.09.04 12:13:16.988,0.79542,0.79558,3.08,1.38
2012.09.04 12:13:17.059,0.79542,0.79558,3.08,1.15
2012.09.04 12:13:17.674,0.79542,0.79558,2.33,1.15
2012.09.04 12:13:19.207,0.79541,0.79555,1.50,1.98
2012.09.04 12:13:19.478,0.79543,0.79559,1.11,2.73
2012.09.04 12:13:19.548,0.79544,0.79557,1.50,1.98
2012.09.04 12:13:19.617,0.79543,0.79559,1.11,2.73
2012.09.04 12:13:19.959,0.79546,0.79561,1.58,2.95
2012.09.04 12:13:20.087,0.79546,0.79561,1.58,2.95
2012.09.04 12:13:20.156,0.79546,0.79561,3.08,2.20
2012.09.04 12:13:23.466,0.79546,0.79561,2.16,2.33
2012.09.04 12:13:24.016,0.79547,0.79561,1.50,1.98
2012.09.04 12:13:24.575,0.79547,0.79561,1.50,1.58
2012.09.04 12:13:26.453,0.79546,0.79561,2.55,1.98
2012.09.04 12:13:26.729,0.79546,0.79558,1.86,1.58
2012.09.04 12:13:26.986,0.79547,0.79561,1.58,1.58
2012.09.04 12:13:28.036,0.79547,0.79561,1.58,1.98
2012.09.04 12:13:28.286,0.79545,0.79559,2.55,1.58
2012.09.04 12:13:33.135,0.79545,0.79559,1.50,1.58
2012.09.04 12:13:33.327,0.79546,0.79559,1.11,1.58
2012.09.04 12:13:34.537,0.79547,0.79561,1.93,1.58
2012.09.04 12:13:36.896,0.79547,0.79561,1.93,1.58
2012.09.04 12:13:40.193,0.79544,0.79559,3.66,1.98
2012.09.04 12:13:40.508,0.79544,0.79559,2.33,1.98
2012.09.04 12:13:41.329,0.79544,0.79557,1.58,1.38
2012.09.04 12:13:41.531,0.79542,0.79556,1.58,2.33
2012.09.04 12:13:42.306,0.79541,0.79556,1.11,1.98
2012.09.04 12:13:42.950,0.7954,0.79556,1.11,1.98
2012.09.04 12:13:43.941,0.79539,0.79556,3.43,1.98
2012.09.04 12:13:54.758,0.79539,0.79556,2.68,3.08
2012.09.04 12:13:55.076,0.79539,0.79553,1.58,1.90
2012.09.04 12:13:55.397,0.79533,0.79547,1.11,1.58
2012.09.04 12:13:56.527,0.79532,0.79547,2.68,1.58
2012.09.04 12:13:56.897,0.79533,0.79547,1.11,1.58
2012.09.04 12:13:57.039,0.79537,0.7955,1.11,2.33
2012.09.04 12:13:57.674,0.79537,0.79552,1.11,1.58
2012.09.04 12:13:58.197,0.79539,0.79553,1.58,1.98
2012.09.04 12:13:58.755,0.79537,0.79552,1.11,1.58
2012.09.04 12:14:01.078,0.79538,0.79552,1.11,1.58
2012.09.04 12:14:01.985,0.79537,0.79552,1.50,1.98
2012.09.04 12:14:02.611,0.79536,0.79552,1.50,3.70
2012.09.04 12:14:02.690,0.79537,0.79547,1.86,1.58
2012.09.04 12:14:02.886,0.79537,0.79549,1.86,1.58
2012.09.04 12:14:03.030,0.79539,0.79549,1.11,1.58
2012.09.04 12:14:03.307,0.7954,0.79554,1.11,2.33
2012.09.04 12:14:08.170,0.7954,0.79554,1.11,1.58
2012.09.04 12:14:08.927,0.7954,0.79556,2.68,1.15
2012.09.04 12:14:11.379,0.7954,0.79552,1.11,1.58
2012.09.04 12:14:15.298,0.79541,0.79552,2.61,1.58
2012.09.04 12:14:15.497,0.79541,0.79552,1.73,1.58
2012.09.04 12:14:15.865,0.79541,0.79555,3.08,1.58
2012.09.04 12:14:16.436,0.79541,0.79554,1.50,1.58
2012.09.04 12:14:18.367,0.79541,0.79556,3.08,4.30
2012.09.04 12:14:19.925,0.79541,0.79556,3.83,2.73
2012.09.04 12:14:20.485,0.79542,0.79556,1.50,2.73
2012.09.04 12:14:21.827,0.79541,0.79553,1.11,1.58
2012.09.04 12:14:24.775,0.7954,0.79556,2.33,1.15
2012.09.04 12:14:25.305,0.79542,0.79557,1.86,1.98
2012.09.04 12:14:27.036,0.79542,0.79557,1.11,1.98
2012.09.04 12:14:27.692,0.79543,0.79557,1.11,1.58
2012.09.04 12:14:28.211,0.79544,0.7956,1.58,2.13
2012.09.04 12:14:29.789,0.79544,0.7956,1.93,1.90
2012.09.04 12:14:31.346,0.79548,0.7956,1.58,1.90
2012.09.04 12:14:32.498,0.79548,0.79563,1.93,4.05
2012.09.04 12:14:32.626,0.79548,0.79563,2.68,3.30
2012.09.04 12:14:33.038,0.79552,0.79564,1.58,1.15
2012.09.04 12:14:33.740,0.79552,0.79562,1.58,1.15
2012.09.04 12:14:34.187,0.79549,0.79562,1.58,1.15
2012.09.04 12:14:34.259,0.79549,0.79561,1.58,2.73
2012.09.04 12:14:34.329,0.79546,0.79561,1.58,2.73
2012.09.04 12:14:41.177,0.79543,0.7956,1.71,1.15
2012.09.04 12:14:41.736,0.79546,0.79561,1.71,2.33
2012.09.04 12:14:41.805,0.79548,0.79561,1.11,1.58
2012.09.04 12:14:41.947,0.79548,0.79564,1.11,2.73
2012.09.04 12:14:43.102,0.79548,0.79566,2.68,1.15
2012.09.04 12:14:43.429,0.79548,0.79566,2.68,1.15
2012.09.04 12:14:47.029,0.7955,0.79567,1.11,1.15
2012.09.04 12:14:52.918,0.7955,0.79567,1.71,1.15
2012.09.04 12:14:53.468,0.79549,0.79564,1.93,2.73
2012.09.04 12:14:54.017,0.79551,0.79566,2.68,2.33
2012.09.04 12:14:54.407,0.79551,0.79568,2.91,3.48
2012.09.04 12:14:54.999,0.79556,0.79568,1.11,1.58
2012.09.04 12:14:55.067,0.79556,0.79572,1.11,2.20
2012.09.04 12:14:55.387,0.79556,0.79571,1.11,1.15
2012.09.04 12:14:55.940,0.79555,0.79568,1.93,1.50
2012.09.04 12:14:56.151,0.79552,0.79566,2.33,1.15
2012.09.04 12:14:57.020,0.79552,0.79566,2.33,1.38
2012.09.04 12:14:57.101,0.79552,0.79567,2.68,2.95
2012.09.04 12:14:57.590,0.79552,0.79564,1.11,1.58
2012.09.04 12:14:57.729,0.79552,0.79567,2.68,1.58
2012.09.04 12:14:58.696,0.79554,0.79569,1.93,2.33
2012.09.04 12:14:59.214,0.79554,0.79571,2.91,1.58
2012.09.04 12:14:59.406,0.79554,0.79571,2.91,1.98
2012.09.04 12:14:59.913,0.79555,0.79569,1.58,1.15
2012.09.04 12:15:00.984,0.79555,0.7957,5.23,2.33
2012.09.04 12:15:01.308,0.79557,0.79573,1.93,2.33
2012.09.04 12:15:01.884,0.7956,0.79574,1.58,1.50
2012.09.04 12:15:02.019,0.79558,0.79573,3.51,2.33
2012.09.04 12:15:02.468,0.79558,0.79573,2.68,1.58
2012.09.04 12:15:02.869,0.79558,0.79573,1.93,2.33
2012.09.04 12:15:03.508,0.79561,0.79574,1.58,1.15
2012.09.04 12:15:03.579,0.79559,0.79573,1.58,2.33
2012.09.04 12:15:05.577,0.79561,0.79574,1.58,1.15
2012.09.04 12:15:05.706,0.79559,0.79573,3.15,2.33
2012.09.04 12:15:08.199,0.79559,0.79573,1.93,1.58
2012.09.04 12:15:08.268,0.7956,0.79575,1.93,1.98
2012.09.04 12:15:08.459,0.7956,0.79575,2.68,1.58
2012.09.04 12:15:08.787,0.79564,0.79578,1.58,1.15
2012.09.04 12:15:11.297,0.79564,0.79578,1.93,1.15
2012.09.04 12:15:19.536,0.79564,0.79578,1.58,1.15
2012.09.04 12:15:19.676,0.79564,0.79578,1.93,1.15
2012.09.04 12:15:19.817,0.79567,0.79578,1.58,1.15
2012.09.04 12:15:21.416,0.79564,0.79578,1.93,1.15
2012.09.04 12:15:22.037,0.79565,0.79581,1.11,2.33
2012.09.04 12:15:22.355,0.79568,0.79579,1.58,1.50
2012.09.04 12:15:32.618,0.79565,0.79579,2.68,1.90
2012.09.04 12:15:34.126,0.79565,0.7958,1.93,2.33
2012.09.04 12:15:34.638,0.79565,0.7958,1.93,1.58
2012.09.04 12:15:37.246,0.79569,0.79583,1.58,1.15
2012.09.04 12:15:37.497,0.79569,0.79584,1.58,4.23
2012.09.04 12:15:41.614,0.79569,0.79584,1.93,3.48
2012.09.04 12:15:42.559,0.79569,0.79584,1.58,3.48
2012.09.04 12:15:43.074,0.79569,0.79584,1.93,3.48
2012.09.04 12:15:44.157,0.79571,0.79585,1.58,1.15
2012.09.04 12:15:44.405,0.79568,0.79585,2.91,2.73
2012.09.04 12:15:47.528,0.79571,0.79585,1.58,1.15
2012.09.04 12:15:55.417,0.79568,0.79584,2.91,1.90
2012.09.04 12:15:55.736,0.79568,0.7958,1.58,1.15
2012.09.04 12:15:59.948,0.79568,0.79582,1.58,1.90
2012.09.04 12:16:00.597,0.79568,0.7958,1.58,1.15
2012.09.04 12:16:00.788,0.79565,0.79579,2.33,1.15
2012.09.04 12:16:00.927,0.79566,0.7958,1.11,1.58
2012.09.04 12:16:01.381,0.79567,0.79582,1.80,2.73
2012.09.04 12:16:01.756,0.7957,0.79583,1.58,1.15
2012.09.04 12:16:04.146,0.79567,0.79583,2.08,2.73
2012.09.04 12:16:04.706,0.79566,0.79583,2.91,2.73
2012.09.04 12:16:06.036,0.79566,0.79583,2.55,2.73
2012.09.04 12:16:06.169,0.79566,0.79583,2.33,2.73
2012.09.04 12:16:06.477,0.79566,0.79581,1.58,1.15
2012.09.04 12:16:12.918,0.79564,0.79578,1.33,2.33
2012.09.04 12:16:12.987,0.79563,0.79578,2.55,2.73
2012.09.04 12:16:13.177,0.79563,0.79578,1.93,3.08
2012.09.04 12:16:22.875,0.79563,0.79578,2.16,2.33
2012.09.04 12:16:23.677,0.79563,0.79578,2.16,2.33
2012.09.04 12:16:39.827,0.79563,0.79578,1.58,2.73
2012.09.04 12:16:40.028,0.79563,0.79577,1.58,1.15
2012.09.04 12:16:40.300,0.79559,0.79574,1.33,2.73
2012.09.04 12:16:41.610,0.79562,0.79574,1.58,1.15
2012.09.04 12:16:45.506,0.79562,0.79576,1.58,1.15
2012.09.04 12:16:46.102,0.7956,0.79574,2.33,1.58
2012.09.04 12:16:46.949,0.7956,0.79574,1.50,1.58
2012.09.04 12:16:47.081,0.79565,0.79578,1.58,1.50
2012.09.04 12:16:48.436,0.79565,0.79581,1.58,1.15
2012.09.04 12:16:51.856,0.79565,0.7958,1.58,1.50
2012.09.04 12:16:55.186,0.79567,0.79582,1.11,3.83
2012.09.04 12:16:55.389,0.79572,0.79585,1.58,1.15
2012.09.04 12:16:55.460,0.79572,0.79585,1.58,1.90
2012.09.04 12:16:55.596,0.7957,0.79583,1.58,2.33
2012.09.04 12:16:56.119,0.79568,0.79583,2.91,1.58
2012.09.04 12:16:56.828,0.79569,0.79583,1.86,1.58
2012.09.04 12:16:57.019,0.79569,0.79583,1.11,2.33
2012.09.04 12:16:57.089,0.79571,0.79583,1.58,1.15
2012.09.04 12:16:57.298,0.79569,0.79583,1.11,2.73
2012.09.04 12:17:03.109,0.79568,0.79583,2.16,2.73
2012.09.04 12:17:06.985,0.79568,0.79582,2.16,1.15
2012.09.04 12:17:07.178,0.79564,0.7958,2.68,1.15
2012.09.04 12:17:07.717,0.79569,0.7958,1.58,1.15
2012.09.04 12:17:09.375,0.79569,0.79582,1.58,1.15
2012.09.04 12:17:09.517,0.79569,0.79583,1.58,1.90
2012.09.04 12:17:10.076,0.79569,0.79583,1.58,1.15
2012.09.04 12:17:11.357,0.79569,0.79583,1.58,1.15
2012.09.04 12:17:12.887,0.79569,0.79582,1.58,1.15
2012.09.04 12:17:13.018,0.79569,0.7958,1.58,1.15
2012.09.04 12:17:19.598,0.79569,0.79582,1.58,1.15
2012.09.04 12:17:23.339,0.79569,0.7958,1.58,1.15
2012.09.04 12:17:28.051,0.79566,0.7958,1.58,1.15
2012.09.04 12:17:29.125,0.79566,0.79582,1.58,1.90
2012.09.04 12:17:38.956,0.79566,0.79581,1.58,1.15
2012.09.04 12:17:43.051,0.79566,0.7958,1.58,1.15
2012.09.04 12:17:44.547,0.79566,0.79578,1.58,1.35
2012.09.04 12:17:44.932,0.79559,0.79574,1.58,3.48
2012.09.04 12:17:45.668,0.79559,0.79574,1.58,3.48
2012.09.04 12:17:46.216,0.79559,0.79573,1.58,1.15
2012.09.04 12:17:46.871,0.79559,0.79573,1.58,1.90
2012.09.04 12:17:47.288,0.79557,0.79571,1.58,1.75
2012.09.04 12:17:47.358,0.79555,0.79571,2.33,3.33
2012.09.04 12:17:49.237,0.79555,0.79571,2.33,1.15
2012.09.04 12:17:50.467,0.79555,0.79569,2.33,1.15
2012.09.04 12:17:50.596,0.79555,0.79568,1.58,1.53
2012.09.04 12:17:50.906,0.79555,0.79567,1.58,1.15
2012.09.04 12:17:51.037,0.79552,0.79567,1.58,1.15
2012.09.04 12:17:54.535,0.79552,0.79567,1.58,1.15
2012.09.04 12:18:00.656,0.79549,0.79563,2.91,1.58
2012.09.04 12:18:01.378,0.79547,0.79561,1.73,1.58
2012.09.04 12:18:01.447,0.79546,0.79561,3.66,1.58
2012.09.04 12:18:01.850,0.79545,0.79559,1.11,1.58
2012.09.04 12:18:02.180,0.79543,0.79559,5.48,2.73
2012.09.04 12:18:02.318,0.79542,0.79555,1.80,1.15
2012.09.04 12:18:02.529,0.79541,0.79555,1.58,1.15
2012.09.04 12:18:02.901,0.7954,0.79554,1.58,1.15
2012.09.04 12:18:03.276,0.79538,0.79553,1.58,1.98
2012.09.04 12:18:10.088,0.79538,0.79553,1.93,2.33
2012.09.04 12:18:10.229,0.7954,0.79556,1.93,1.50
2012.09.04 12:18:10.837,0.7954,0.79557,2.91,3.08
2012.09.04 12:18:11.378,0.79543,0.79557,1.58,1.50
2012.09.04 12:18:12.718,0.79543,0.79559,1.58,1.90
2012.09.04 12:18:15.996,0.79543,0.79558,1.58,1.15
2012.09.04 12:18:16.775,0.7954,0.79556,2.91,2.33
2012.09.04 12:18:17.087,0.79538,0.79554,2.91,2.73
2012.09.04 12:18:17.841,0.79538,0.79553,1.33,1.15
2012.09.04 12:18:20.337,0.79537,0.79553,2.16,1.15
2012.09.04 12:18:26.177,0.79537,0.79553,2.16,1.50
2012.09.04 12:18:32.485,0.79537,0.79554,2.16,3.48
2012.09.04 12:18:32.556,0.79537,0.79554,2.16,3.48
2012.09.04 12:18:33.086,0.7954,0.79554,1.93,1.50
2012.09.04 12:18:36.288,0.7954,0.79556,2.68,2.25
2012.09.04 12:18:36.638,0.79548,0.7956,1.58,1.50
2012.09.04 12:18:38.498,0.7955,0.79561,1.58,4.50
2012.09.04 12:18:38.861,0.79552,0.79561,1.58,4.50
2012.09.04 12:18:39.328,0.79552,0.79563,1.58,1.15
2012.09.04 12:18:40.617,0.79552,0.79566,2.55,1.15
2012.09.04 12:18:40.686,0.79552,0.79567,3.30,2.73
2012.09.04 12:18:41.127,0.79556,0.79569,1.58,2.73
2012.09.04 12:18:53.826,0.79556,0.7957,1.58,1.50
2012.09.04 12:19:00.845,0.79554,0.7957,2.16,1.50
2012.09.04 12:19:02.148,0.79554,0.79565,1.80,1.50
2012.09.04 12:19:02.279,0.7955,0.79565,1.95,1.90
2012.09.04 12:19:02.468,0.7955,0.79563,1.58,1.15
2012.09.04 12:19:06.076,0.79548,0.79563,1.58,2.33
2012.09.04 12:19:10.551,0.79551,0.79563,1.58,1.50
2012.09.04 12:19:10.687,0.79551,0.79563,1.58,1.50
2012.09.04 12:19:13.403,0.79551,0.79563,2.33,1.50
2012.09.04 12:19:13.905,0.79553,0.79565,1.58,1.50
2012.09.04 12:19:14.637,0.79553,0.79567,1.58,1.90
2012.09.04 12:19:17.887,0.79552,0.79565,2.33,1.15
2012.09.04 12:19:18.164,0.79552,0.79563,2.33,1.58
2012.09.04 12:19:18.448,0.79548,0.79563,2.16,2.33
2012.09.04 12:19:18.957,0.79551,0.79566,1.58,3.48
2012.09.04 12:19:22.637,0.79551,0.79564,1.58,1.90
2012.09.04 12:19:23.078,0.79548,0.79562,1.58,2.33
2012.09.04 12:19:23.702,0.79547,0.79561,1.93,1.15
2012.09.04 12:19:25.207,0.79547,0.79562,2.68,2.33
2012.09.04 12:19:25.276,0.79548,0.79562,1.11,2.33
2012.09.04 12:19:25.406,0.79551,0.79564,1.58,2.65
2012.09.04 12:19:32.175,0.79551,0.79564,1.58,1.15
2012.09.04 12:19:36.317,0.79555,0.79566,1.58,1.50
2012.09.04 12:19:36.386,0.79555,0.79568,1.58,3.00
2012.09.04 12:19:36.525,0.79557,0.79568,1.58,1.50
2012.09.04 12:19:36.720,0.79557,0.79571,1.58,1.15
2012.09.04 12:19:39.158,0.79557,0.7957,1.58,1.90
2012.09.04 12:19:44.046,0.79555,0.7957,1.93,3.48
2012.09.04 12:19:46.897,0.79557,0.79569,1.58,1.15
2012.09.04 12:19:47.227,0.79557,0.79567,1.58,1.90
2012.09.04 12:19:47.556,0.79554,0.79564,1.58,1.15
2012.09.04 12:19:49.958,0.79558,0.79565,1.58,1.50
2012.09.04 12:19:50.146,0.79553,0.79565,1.58,1.50
2012.09.04 12:19:56.447,0.79553,0.79568,1.93,1.50
2012.09.04 12:19:56.518,0.79557,0.79568,1.58,1.50
2012.09.04 12:19:56.587,0.79557,0.79569,1.58,1.50
2012.09.04 12:19:56.658,0.79561,0.7957,1.58,1.15
2012.09.04 12:19:56.797,0.79561,0.79572,1.58,2.65
2012.09.04 12:19:57.968,0.79561,0.79572,1.58,1.15
2012.09.04 12:19:58.108,0.79558,0.79572,1.58,1.15
2012.09.04 12:19:58.296,0.79556,0.79571,1.33,1.58
2012.09.04 12:19:59.666,0.79554,0.79571,3.66,2.33
2012.09.04 12:20:02.035,0.79557,0.79572,1.58,1.15
2012.09.04 12:20:02.438,0.79557,0.79573,2.68,1.15
2012.09.04 12:20:02.732,0.7956,0.79573,1.58,1.15
2012.09.04 12:20:04.988,0.7956,0.79572,1.58,1.75
2012.09.04 12:20:05.337,0.79559,0.79569,1.58,1.50
2012.09.04 12:20:05.669,0.79553,0.79563,2.40,1.50
2012.09.04 12:20:05.811,0.79554,0.79563,2.40,1.50
2012.09.04 12:20:05.948,0.7956,0.79565,1.58,1.38
2012.09.04 12:20:06.520,0.7956,0.79567,1.58,1.15
2012.09.04 12:20:07.047,0.7956,0.79565,1.58,1.15
2012.09.04 12:20:07.189,0.79557,0.79565,1.58,1.15
2012.09.04 12:20:07.470,0.79557,0.79564,1.58,1.90
2012.09.04 12:20:07.824,0.79553,0.79558,1.58,1.90
2012.09.04 12:20:09.146,0.79547,0.79557,2.40,1.15
2012.09.04 12:20:09.319,0.7954,0.7955,1.58,1.50
2012.09.04 12:20:09.570,0.79538,0.7955,1.58,1.50
2012.09.04 12:20:09.650,0.79535,0.7955,2.91,1.50
2012.09.04 12:20:09.926,0.79535,0.79551,2.91,2.73
2012.09.04 12:20:10.001,0.79538,0.79551,1.58,1.15
2012.09.04 12:20:10.692,0.79538,0.79553,1.58,1.98
2012.09.04 12:20:11.149,0.79538,0.79553,2.33,1.98
2012.09.04 12:20:11.525,0.79541,0.79553,1.73,1.58
2012.09.04 12:20:11.852,0.79541,0.79553,2.08,1.58
2012.09.04 12:20:12.208,0.79542,0.79556,2.08,1.58
2012.09.04 12:20:12.278,0.79544,0.79559,2.55,4.30
2012.09.04 12:20:13.003,0.79544,0.79559,3.30,1.58
2012.09.04 12:20:13.645,0.79544,0.79559,1.93,3.48
2012.09.04 12:20:14.015,0.79541,0.79557,2.08,1.98
2012.09.04 12:20:14.527,0.79543,0.79558,1.58,1.15
2012.09.04 12:20:15.100,0.79543,0.79558,1.58,1.15
2012.09.04 12:20:15.436,0.79543,0.79557,1.58,1.15
2012.09.04 12:20:16.000,0.79542,0.79553,1.58,1.15
2012.09.04 12:20:16.369,0.7954,0.7955,1.58,1.15
2012.09.04 12:20:16.439,0.79537,0.79551,1.58,1.15
2012.09.04 12:20:18.010,0.79537,0.79552,1.58,2.73
2012.09.04 12:20:18.158,0.79537,0.79551,1.58,1.15
2012.09.04 12:20:18.430,0.79537,0.7955,1.58,1.15
2012.09.04 12:20:18.571,0.79534,0.79549,1.93,1.58
2012.09.04 12:20:18.647,0.79535,0.79549,1.11,1.58
2012.09.04 12:20:19.658,0.79538,0.7955,1.58,1.15
2012.09.04 12:20:20.188,0.79538,0.79553,1.58,4.23
2012.09.04 12:20:20.627,0.79536,0.79551,2.68,1.15
2012.09.04 12:20:21.128,0.79536,0.79549,1.58,1.90
2012.09.04 12:20:21.470,0.79536,0.79549,1.58,1.90
2012.09.04 12:20:21.989,0.79535,0.79547,1.58,1.15
2012.09.04 12:20:22.337,0.79532,0.79544,2.33,1.15
2012.09.04 12:20:22.669,0.79529,0.79541,3.08,1.15
2012.09.04 12:20:23.209,0.79526,0.79541,2.68,3.33
2012.09.04 12:20:23.278,0.79526,0.79541,1.93,4.30
2012.09.04 12:20:23.738,0.79526,0.79539,1.58,2.50
2012.09.04 12:20:24.245,0.7952,0.79535,1.93,2.33
2012.09.04 12:20:24.811,0.7952,0.79535,1.93,3.70
2012.09.04 12:20:25.029,0.7952,0.79531,1.93,1.58
2012.09.04 12:20:25.347,0.79516,0.79529,1.86,1.58
2012.09.04 12:20:26.029,0.79517,0.79531,1.11,1.58
2012.09.04 12:20:26.125,0.79517,0.79533,1.86,1.58
2012.09.04 12:20:26.987,0.79521,0.79534,1.58,1.58
2012.09.04 12:20:27.447,0.79522,0.79534,1.11,1.58
2012.09.04 12:20:27.520,0.79521,0.79534,3.43,1.58
2012.09.04 12:20:27.650,0.79526,0.79538,1.58,1.38
2012.09.04 12:20:27.729,0.79524,0.79538,1.58,2.95
2012.09.04 12:20:27.859,0.79522,0.79538,1.58,2.95
2012.09.04 12:20:28.709,0.79522,0.79538,1.58,2.95
2012.09.04 12:20:29.237,0.79522,0.79537,1.58,1.73
2012.09.04 12:20:29.806,0.79519,0.79535,2.68,1.80
2012.09.04 12:20:30.686,0.79522,0.79537,1.58,2.13
2012.09.04 12:20:31.762,0.7952,0.79534,1.93,1.80
2012.09.04 12:20:32.464,0.7952,0.79534,1.93,1.80
2012.09.04 12:20:32.731,0.79523,0.79534,1.50,1.80
2012.09.04 12:20:32.951,0.79524,0.79534,1.11,1.58
2012.09.04 12:20:33.089,0.79524,0.79536,1.11,1.58
2012.09.04 12:20:33.159,0.79524,0.79538,1.11,1.58
2012.09.04 12:20:33.689,0.79524,0.79538,2.61,1.58
2012.09.04 12:20:33.900,0.79527,0.79542,1.58,1.15
2012.09.04 12:20:35.681,0.79526,0.7954,3.90,1.58
2012.09.04 12:20:36.078,0.79527,0.79542,1.58,1.15
2012.09.04 12:20:36.794,0.79527,0.79544,3.43,1.80
2012.09.04 12:20:37.307,0.7953,0.79544,1.58,1.73
2012.09.04 12:20:39.887,0.79529,0.79543,1.58,2.55
2012.09.04 12:20:40.411,0.79528,0.79543,1.58,2.55
2012.09.04 12:20:41.060,0.79528,0.79543,1.58,3.70
2012.09.04 12:20:41.387,0.79528,0.79538,1.58,1.15
2012.09.04 12:20:41.581,0.79525,0.79538,1.58,1.38
2012.09.04 12:20:41.939,0.79525,0.7954,1.58,3.30
2012.09.04 12:20:42.007,0.79528,0.7954,1.58,1.73
2012.09.04 12:20:42.511,0.79527,0.7954,1.93,1.50
2012.09.04 12:20:43.589,0.79527,0.79542,1.93,2.13
2012.09.04 12:20:43.909,0.79524,0.79539,2.68,2.20
2012.09.04 12:20:44.417,0.79524,0.79539,1.58,2.95
2012.09.04 12:20:51.287,0.79524,0.79539,2.68,1.58
2012.09.04 12:20:51.477,0.79524,0.79539,2.33,2.33
2012.09.04 12:20:51.999,0.79524,0.79539,2.33,2.55
2012.09.04 12:21:01.447,0.79524,0.79539,2.33,1.58
2012.09.04 12:21:02.010,0.79524,0.7954,2.68,4.30
2012.09.04 12:21:02.560,0.79524,0.79539,2.33,1.38
2012.09.04 12:21:04.316,0.79524,0.79539,2.33,1.38
2012.09.04 12:21:04.517,0.79524,0.7954,2.33,2.95
2012.09.04 12:21:04.887,0.79523,0.79539,1.93,1.38
2012.09.04 12:21:08.326,0.79523,0.79538,1.58,2.13
2012.09.04 12:21:08.891,0.79521,0.79535,2.33,1.15
2012.09.04 12:21:09.668,0.79521,0.79537,2.33,2.95
2012.09.04 12:21:10.201,0.79524,0.79537,1.58,1.38
2012.09.04 12:21:10.656,0.79524,0.79532,1.58,1.38
2012.09.04 12:21:10.988,0.79524,0.79532,1.58,2.73
2012.09.04 12:21:11.317,0.79524,0.79532,1.58,1.38
2012.09.04 12:21:11.568,0.7952,0.79534,1.11,2.33
2012.09.04 12:21:11.709,0.79524,0.79536,1.58,1.68
2012.09.04 12:21:11.778,0.79524,0.79538,2.33,1.68
2012.09.04 12:21:11.969,0.79527,0.79539,1.58,1.15
2012.09.04 12:21:12.040,0.79527,0.79539,1.58,1.38
2012.09.04 12:21:12.380,0.79525,0.7954,1.58,2.20
2012.09.04 12:21:13.549,0.79525,0.79538,1.58,1.15
2012.09.04 12:21:14.311,0.79525,0.7954,2.33,2.20
2012.09.04 12:21:14.458,0.79525,0.7954,2.91,1.98
2012.09.04 12:21:14.528,0.79527,0.7954,1.73,1.98
2012.09.04 12:21:15.047,0.79528,0.79541,1.58,1.15
2012.09.04 12:21:15.357,0.79528,0.79541,2.33,1.15
2012.09.04 12:21:15.887,0.79528,0.79541,2.33,1.15
2012.09.04 12:21:17.197,0.79528,0.79545,2.33,3.48
2012.09.04 12:21:17.728,0.79532,0.79545,1.58,1.15
2012.09.04 12:21:20.301,0.79528,0.79543,2.33,1.98
2012.09.04 12:21:20.812,0.79528,0.79543,2.33,1.98
2012.09.04 12:21:20.888,0.79528,0.79543,2.33,1.98
2012.09.04 12:21:21.398,0.79528,0.79543,2.33,2.58
2012.09.04 12:21:22.267,0.79528,0.79543,2.33,3.33
2012.09.04 12:21:22.799,0.79525,0.7954,4.18,1.98
2012.09.04 12:21:23.317,0.79526,0.7954,1.50,1.98
2012.09.04 12:21:23.891,0.79526,0.7954,1.50,1.98
2012.09.04 12:21:24.940,0.79525,0.7954,3.08,1.98
2012.09.04 12:21:25.291,0.79527,0.7954,1.50,2.35
2012.09.04 12:21:25.440,0.79527,0.7954,1.50,1.58
2012.09.04 12:21:25.977,0.79525,0.7954,3.66,1.98
2012.09.04 12:21:26.490,0.79525,0.79538,2.08,1.58
2012.09.04 12:21:27.356,0.79525,0.7954,2.33,3.55
2012.09.04 12:21:28.087,0.79525,0.7954,2.55,1.98
2012.09.04 12:21:31.504,0.79525,0.7954,2.33,1.98
2012.09.04 12:21:31.576,0.79525,0.7954,1.58,1.98
2012.09.04 12:21:32.268,0.79523,0.79537,1.50,1.58
2012.09.04 12:21:32.821,0.79524,0.79538,2.33,1.58
2012.09.04 12:21:33.479,0.79523,0.79537,1.50,1.58
2012.09.04 12:21:34.946,0.79523,0.79538,3.08,1.98
2012.09.04 12:21:35.267,0.79525,0.79539,1.50,1.58
2012.09.04 12:21:35.338,0.79527,0.79541,1.58,1.15
2012.09.04 12:21:35.940,0.79527,0.79542,2.55,2.73
2012.09.04 12:21:36.571,0.79531,0.79542,1.73,2.33
2012.09.04 12:21:36.791,0.79531,0.79546,3.30,1.98
2012.09.04 12:21:37.331,0.79531,0.79546,3.30,1.58
2012.09.04 12:21:37.468,0.79531,0.79546,1.80,1.58
2012.09.04 12:21:37.716,0.79529,0.79542,1.50,1.58
2012.09.04 12:21:43.756,0.79528,0.79542,2.68,1.58
2012.09.04 12:21:44.259,0.79528,0.79542,1.93,1.58
2012.09.04 12:21:44.596,0.79522,0.79538,1.50,2.95
2012.09.04 12:21:44.669,0.79522,0.79538,1.50,2.95
2012.09.04 12:21:44.736,0.79522,0.79538,1.50,2.73
2012.09.04 12:21:44.808,0.79522,0.79534,1.50,1.58
2012.09.04 12:21:45.330,0.79522,0.79537,3.83,1.58
2012.09.04 12:21:45.400,0.79524,0.79537,1.50,1.58
2012.09.04 12:21:45.610,0.7953,0.79543,2.33,3.16
2012.09.04 12:21:46.008,0.7953,0.79545,2.33,1.98
2012.09.04 12:21:46.748,0.7953,0.79545,2.33,2.73
2012.09.04 12:21:47.638,0.7953,0.79545,2.33,1.58
2012.09.04 12:21:49.377,0.7953,0.79545,3.08,1.58
2012.09.04 12:21:49.446,0.79531,0.79545,1.50,1.58
2012.09.04 12:21:49.587,0.79535,0.79549,2.33,1.38
2012.09.04 12:21:49.660,0.79535,0.7955,2.55,1.15
2012.09.04 12:21:50.127,0.79535,0.79552,2.91,2.73
2012.09.04 12:21:50.689,0.79541,0.79552,1.50,1.58
2012.09.04 12:21:51.107,0.79541,0.79556,1.86,1.98
2012.09.04 12:21:51.238,0.79547,0.79557,2.33,2.73
2012.09.04 12:21:51.308,0.79547,0.79557,2.33,2.33
2012.09.04 12:21:51.437,0.79547,0.79557,1.58,1.58
2012.09.04 12:21:51.508,0.79544,0.79557,2.33,1.98
2012.09.04 12:21:52.027,0.79544,0.79557,1.58,1.15
2012.09.04 12:21:52.694,0.79544,0.79559,2.33,2.73
2012.09.04 12:21:52.774,0.79544,0.79559,2.33,2.73
2012.09.04 12:21:53.118,0.7954,0.79556,1.50,2.73
2012.09.04 12:21:53.308,0.79543,0.79556,1.50,2.73
2012.09.04 12:21:56.696,0.79542,0.79556,2.33,1.15
2012.09.04 12:21:57.269,0.79542,0.79557,2.91,1.15
2012.09.04 12:21:57.771,0.79546,0.79559,1.58,1.15
2012.09.04 12:22:01.297,0.79551,0.79562,1.58,1.58
2012.09.04 12:22:01.428,0.79547,0.79562,1.58,1.98
2012.09.04 12:22:03.154,0.79547,0.79563,1.58,2.95
2012.09.04 12:22:04.326,0.79547,0.7956,1.58,1.15
2012.09.04 12:22:04.984,0.79547,0.79563,1.58,3.70
2012.09.04 12:22:05.897,0.79547,0.7956,1.58,1.15
2012.09.04 12:22:06.027,0.79547,0.79563,1.93,3.48
2012.09.04 12:22:06.097,0.79547,0.79563,3.43,3.48
2012.09.04 12:22:06.974,0.7955,0.79563,3.08,1.15
2012.09.04 12:22:07.307,0.79555,0.79565,2.33,1.58
2012.09.04 12:22:07.577,0.79555,0.7957,2.33,2.33
2012.09.04 12:22:09.768,0.79555,0.79571,1.50,2.73
2012.09.04 12:22:11.778,0.79557,0.79571,2.25,2.73
2012.09.04 12:22:12.040,0.79561,0.79575,2.33,1.15
2012.09.04 12:22:12.556,0.79561,0.79576,2.33,1.98
2012.09.04 12:22:13.172,0.79561,0.79576,2.33,1.98
2012.09.04 12:22:15.528,0.79564,0.79576,1.50,1.98
2012.09.04 12:22:15.659,0.79564,0.79578,3.08,1.15
2012.09.04 12:22:16.918,0.79564,0.79578,2.33,1.90
2012.09.04 12:22:17.428,0.79561,0.79576,2.68,1.98
2012.09.04 12:22:20.438,0.79561,0.79576,2.68,2.73
2012.09.04 12:22:20.507,0.79561,0.79574,1.58,1.15
2012.09.04 12:22:20.578,0.79558,0.79573,4.26,2.33
2012.09.04 12:22:20.647,0.79557,0.7957,1.86,1.58
2012.09.04 12:22:22.981,0.79558,0.79573,2.33,2.33
2012.09.04 12:22:31.787,0.79555,0.79568,1.58,2.33
2012.09.04 12:22:32.121,0.79551,0.79567,1.50,1.98
2012.09.04 12:22:33.398,0.79551,0.79566,1.50,1.15
2012.09.04 12:22:35.990,0.7955,0.79566,2.68,1.15
2012.09.04 12:22:36.179,0.79548,0.79562,1.50,1.58
2012.09.04 12:22:36.247,0.79548,0.79562,1.50,2.73
2012.09.04 12:22:37.188,0.79547,0.79562,3.08,2.73
2012.09.04 12:22:37.728,0.79547,0.79558,1.58,1.15
2012.09.04 12:22:38.163,0.79543,0.79556,1.50,2.33
2012.09.04 12:22:38.689,0.79538,0.79552,5.25,1.58
2012.09.04 12:22:39.197,0.79538,0.79553,5.25,2.73
2012.09.04 12:22:39.267,0.79537,0.79553,1.50,2.73
2012.09.04 12:22:39.813,0.79536,0.79553,2.33,2.73
2012.09.04 12:22:39.888,0.7954,0.79555,1.58,3.78
2012.09.04 12:22:40.197,0.7954,0.79555,2.33,1.98
2012.09.04 12:22:40.788,0.7954,0.79554,2.33,1.15
2012.09.04 12:22:41.290,0.7954,0.79555,2.33,1.98
2012.09.04 12:22:41.728,0.7954,0.79555,2.55,1.98
2012.09.04 12:22:42.288,0.79543,0.79554,1.58,1.15
2012.09.04 12:22:42.476,0.79541,0.79553,1.58,1.15
2012.09.04 12:22:43.039,0.79538,0.79553,1.50,1.15
2012.09.04 12:22:43.588,0.79538,0.79554,1.50,1.98
2012.09.04 12:22:51.837,0.79537,0.79551,2.33,1.35
2012.09.04 12:22:51.910,0.79535,0.79549,4.88,1.15
2012.09.04 12:22:52.827,0.7953,0.79543,1.50,1.58
2012.09.04 12:22:53.158,0.7953,0.79543,1.50,1.58
2012.09.04 12:22:53.628,0.7953,0.79546,3.08,1.98
2012.09.04 12:22:55.386,0.7953,0.79545,3.08,1.58
2012.09.04 12:22:56.112,0.7953,0.79544,1.50,1.58
2012.09.04 12:22:58.656,0.7953,0.7954,1.50,1.58
2012.09.04 12:22:58.727,0.7953,0.7954,1.50,1.58
2012.09.04 12:23:03.086,0.79528,0.79542,3.43,1.58
2012.09.04 12:23:03.968,0.79528,0.79542,2.33,1.98
2012.09.04 12:23:04.159,0.79528,0.79541,2.33,1.15
2012.09.04 12:23:04.677,0.79524,0.79539,2.61,1.73
2012.09.04 12:23:05.493,0.79524,0.7954,2.61,2.95
2012.09.04 12:23:05.848,0.79524,0.7954,1.86,3.70
2012.09.04 12:23:06.417,0.79524,0.7954,1.50,2.73
2012.09.04 12:23:06.505,0.79526,0.79542,3.08,1.15
2012.09.04 12:23:07.008,0.79526,0.7954,1.58,1.50
2012.09.04 12:23:07.727,0.79524,0.7954,1.50,2.95
2012.09.04 12:23:08.387,0.79524,0.7954,1.50,2.73
2012.09.04 12:23:11.201,0.79528,0.79543,1.58,3.70
2012.09.04 12:23:11.277,0.79528,0.79543,1.58,3.48
2012.09.04 12:23:11.348,0.7953,0.79543,1.58,1.90
2012.09.04 12:23:11.491,0.7953,0.79543,1.58,1.15
2012.09.04 12:23:11.694,0.79528,0.79543,1.58,2.73
2012.09.04 12:23:12.788,0.79528,0.79543,1.58,2.73
2012.09.04 12:23:14.966,0.7953,0.79543,1.58,1.15
2012.09.04 12:23:15.768,0.7953,0.79543,1.58,1.15
2012.09.04 12:23:17.831,0.7953,0.79546,1.58,2.73
2012.09.04 12:23:18.157,0.7953,0.79546,1.58,2.73
2012.09.04 12:23:19.807,0.79528,0.79544,1.50,1.98
2012.09.04 12:23:22.175,0.79528,0.7954,2.48,1.58
2012.09.04 12:23:22.712,0.79526,0.7954,1.73,1.58
2012.09.04 12:23:22.789,0.79525,0.7954,3.30,1.98
2012.09.04 12:23:24.800,0.79527,0.79543,1.58,1.15
2012.09.04 12:23:26.789,0.79524,0.79541,3.08,1.98
2012.09.04 12:23:29.373,0.79526,0.79541,1.50,1.98
2012.09.04 12:23:29.944,0.79526,0.79541,1.50,1.98
2012.09.04 12:23:32.868,0.79526,0.79541,2.48,1.98
2012.09.04 12:23:33.478,0.79531,0.79541,1.50,1.98
2012.09.04 12:23:33.816,0.79535,0.79548,1.58,1.88
2012.09.04 12:23:34.289,0.79536,0.7955,1.50,1.15
2012.09.04 12:23:34.358,0.79538,0.79553,2.33,2.13
2012.09.04 12:23:38.278,0.79537,0.79551,3.00,1.58
2012.09.04 12:23:39.469,0.79539,0.79553,1.58,1.15
2012.09.04 12:23:45.028,0.79537,0.79551,3.83,1.58
2012.09.04 12:23:50.506,0.79537,0.79551,1.50,1.58
2012.09.04 12:23:50.939,0.79539,0.79554,1.58,2.73
2012.09.04 12:23:51.498,0.79539,0.79554,2.33,1.98
2012.09.04 12:23:52.197,0.79539,0.79554,3.08,1.98
2012.09.04 12:23:52.778,0.79539,0.79554,3.08,1.98
2012.09.04 12:23:53.321,0.79537,0.79551,1.50,1.98
2012.09.04 12:23:53.668,0.79537,0.79547,1.50,1.58
2012.09.04 12:23:54.048,0.79537,0.7955,1.50,1.58
2012.09.04 12:23:54.428,0.79538,0.79553,2.33,2.73
2012.09.04 12:23:57.877,0.79537,0.7955,1.50,1.58
2012.09.04 12:24:04.395,0.79536,0.7955,1.50,1.58
2012.09.04 12:24:04.927,0.79535,0.7955,2.33,1.98
2012.09.04 12:24:05.137,0.79535,0.7955,2.33,1.98
2012.09.04 12:24:08.986,0.79535,0.7955,2.33,2.73
2012.09.04 12:24:11.120,0.79533,0.79547,1.11,1.58
2012.09.04 12:24:12.168,0.79535,0.7955,2.33,2.73
2012.09.04 12:24:13.039,0.79535,0.79549,2.33,1.15
2012.09.04 12:24:14.596,0.79535,0.7955,3.08,1.98
2012.09.04 12:24:14.846,0.79535,0.7955,2.33,1.98
2012.09.04 12:24:15.267,0.79535,0.7955,3.08,1.98
2012.09.04 12:24:15.435,0.79535,0.7955,2.33,1.98
2012.09.04 12:24:15.868,0.79535,0.7955,2.33,1.98
2012.09.04 12:24:16.498,0.79538,0.79552,2.33,1.90
2012.09.04 12:24:16.568,0.79538,0.79553,2.33,3.48
2012.09.04 12:24:16.888,0.79542,0.79553,1.58,1.90
2012.09.04 12:24:17.157,0.79539,0.79553,3.08,1.90
2012.09.04 12:24:19.041,0.79539,0.79555,3.08,2.73
2012.09.04 12:24:19.116,0.79539,0.79555,3.08,2.73
2012.09.04 12:24:19.632,0.7954,0.79554,2.33,1.58
2012.09.04 12:24:20.148,0.7954,0.79554,2.33,2.33
2012.09.04 12:24:20.337,0.79541,0.79554,1.50,1.58
2012.09.04 12:24:22.558,0.79542,0.79557,2.33,2.58
2012.09.04 12:24:22.988,0.79542,0.79557,2.33,1.58
2012.09.04 12:24:23.737,0.79543,0.79557,1.50,1.58
2012.09.04 12:24:24.517,0.79546,0.7956,3.08,2.95
2012.09.04 12:24:24.766,0.79548,0.7956,1.11,2.33
2012.09.04 12:24:25.999,0.7955,0.79563,2.33,1.15
2012.09.04 12:24:26.333,0.79545,0.79557,1.50,1.58
2012.09.04 12:24:27.548,0.79546,0.79557,1.11,1.58
2012.09.04 12:24:27.617,0.79547,0.79562,2.33,2.73
2012.09.04 12:24:29.281,0.79547,0.79562,2.33,2.73
2012.09.04 12:24:29.756,0.79547,0.79562,2.33,2.73
2012.09.04 12:24:30.180,0.79549,0.79562,1.58,1.15
2012.09.04 12:24:30.646,0.79549,0.79564,1.58,3.70
2012.09.04 12:24:30.951,0.79547,0.79563,1.11,2.33
2012.09.04 12:24:31.549,0.79547,0.79563,1.86,2.33
2012.09.04 12:24:32.193,0.79549,0.79563,1.58,1.38
2012.09.04 12:24:33.738,0.79549,0.79563,1.58,1.38
2012.09.04 12:24:35.748,0.79551,0.79562,1.58,1.58
2012.09.04 12:24:36.177,0.79552,0.79565,1.50,2.95
2012.09.04 12:24:36.370,0.79554,0.79565,1.11,1.58
2012.09.04 12:24:36.628,0.79554,0.79569,1.11,4.23
2012.09.04 12:24:37.368,0.79554,0.79565,1.11,1.58
2012.09.04 12:24:37.818,0.79554,0.79565,1.11,1.58
2012.09.04 12:24:38.378,0.79554,0.79569,1.11,1.98
2012.09.04 12:24:39.728,0.79552,0.79568,4.18,1.15
2012.09.04 12:24:39.797,0.79552,0.79567,3.83,1.15
2012.09.04 12:24:40.327,0.79552,0.79565,2.25,1.58
2012.09.04 12:24:40.708,0.79549,0.79565,1.11,1.58
2012.09.04 12:24:40.849,0.79549,0.7956,1.11,1.58
2012.09.04 12:24:41.227,0.79546,0.7956,1.86,1.58
2012.09.04 12:24:41.537,0.79545,0.79557,1.86,1.58
2012.09.04 12:24:41.859,0.79551,0.79559,1.50,1.58
2012.09.04 12:24:41.988,0.79551,0.79559,2.25,1.58
2012.09.04 12:24:42.237,0.79549,0.79559,2.25,1.58
2012.09.04 12:24:42.367,0.79549,0.79562,2.25,1.58
2012.09.04 12:24:42.820,0.79549,0.79559,1.50,1.58
2012.09.04 12:24:43.160,0.7955,0.79562,1.11,3.15
2012.09.04 12:24:43.229,0.7955,0.79565,1.11,2.13
2012.09.04 12:24:43.787,0.7955,0.79565,1.11,1.15
2012.09.04 12:24:44.440,0.7955,0.79566,1.11,1.58
2012.09.04 12:24:44.990,0.79558,0.79566,1.86,1.58
2012.09.04 12:24:45.060,0.7956,0.79574,1.58,2.73
2012.09.04 12:24:45.649,0.79558,0.79572,1.50,1.98
2012.09.04 12:24:46.426,0.79557,0.79572,2.68,1.98
2012.09.04 12:24:48.376,0.79557,0.79572,2.68,1.98
2012.09.04 12:24:52.777,0.79562,0.79572,1.50,1.58
2012.09.04 12:24:52.910,0.79562,0.79576,1.50,1.98
2012.09.04 12:24:53.467,0.79562,0.79576,1.50,1.98
2012.09.04 12:24:55.357,0.79562,0.79575,1.50,1.58
2012.09.04 12:24:55.428,0.79562,0.79572,1.50,1.58
2012.09.04 12:24:55.878,0.79562,0.79575,1.50,3.15
2012.09.04 12:24:55.950,0.79568,0.79575,1.58,1.58
2012.09.04 12:24:56.093,0.79569,0.79581,1.11,1.50
2012.09.04 12:24:56.168,0.79569,0.79582,1.11,2.33
2012.09.04 12:24:56.718,0.79569,0.79582,1.11,1.58
2012.09.04 12:24:59.849,0.7957,0.79582,1.11,1.58
2012.09.04 12:25:00.037,0.7957,0.79586,1.11,1.98
2012.09.04 12:25:00.248,0.7957,0.79586,1.11,2.73
2012.09.04 12:25:01.389,0.7957,0.79586,1.11,1.98
2012.09.04 12:25:01.964,0.79568,0.79586,3.43,1.98
2012.09.04 12:25:02.037,0.79568,0.79583,1.86,1.58
2012.09.04 12:25:02.418,0.79568,0.79586,3.43,1.98
2012.09.04 12:25:03.156,0.79569,0.79586,1.11,1.98
2012.09.04 12:25:06.769,0.79569,0.79583,1.11,1.58
2012.09.04 12:25:09.156,0.7957,0.79584,1.11,1.58
2012.09.04 12:25:09.717,0.7957,0.79585,1.11,1.58
2012.09.04 12:25:12.009,0.7957,0.79585,2.61,1.58
2012.09.04 12:25:14.839,0.79571,0.7959,4.18,2.95
2012.09.04 12:25:14.908,0.79572,0.7959,1.11,2.95
2012.09.04 12:25:15.458,0.79572,0.79589,1.50,2.95
2012.09.04 12:25:15.787,0.79571,0.79586,1.86,2.73
2012.09.04 12:25:16.099,0.79576,0.79589,1.50,1.58
2012.09.04 12:25:16.298,0.79571,0.79588,5.61,1.98
2012.09.04 12:25:16.628,0.79571,0.79586,4.50,2.80
2012.09.04 12:25:17.860,0.79568,0.79583,3.43,1.58
2012.09.04 12:25:19.186,0.79573,0.79587,2.33,1.15
2012.09.04 12:25:19.518,0.79573,0.79589,3.08,1.98
2012.09.04 12:25:19.888,0.79579,0.79589,2.33,1.98
2012.09.04 12:25:20.161,0.7958,0.79594,1.58,1.50
2012.09.04 12:25:20.300,0.79577,0.79592,3.08,1.38
2012.09.04 12:25:20.607,0.79575,0.7959,2.68,1.58
2012.09.04 12:25:21.459,0.79577,0.79594,1.58,3.70
2012.09.04 12:25:22.029,0.79577,0.79593,1.58,1.38
2012.09.04 12:25:23.198,0.79577,0.79594,1.93,3.70
2012.09.04 12:25:23.747,0.79576,0.79591,3.08,1.80
2012.09.04 12:25:24.860,0.79578,0.79593,1.58,1.15
2012.09.04 12:25:27.030,0.79578,0.79595,1.93,2.55
2012.09.04 12:25:28.689,0.79586,0.79595,1.50,2.33
2012.09.04 12:25:29.247,0.79581,0.79595,4.50,2.33
2012.09.04 12:25:30.178,0.79581,0.79595,4.50,1.58
2012.09.04 12:25:30.307,0.79579,0.79595,1.86,1.58
2012.09.04 12:25:30.377,0.79579,0.79595,1.86,1.58
2012.09.04 12:25:30.686,0.79582,0.79597,1.11,1.58
2012.09.04 12:25:31.160,0.79583,0.79598,1.11,2.33
2012.09.04 12:25:31.662,0.79582,0.79598,1.86,2.33
2012.09.04 12:25:33.489,0.79584,0.79599,2.68,1.15
2012.09.04 12:25:34.058,0.79586,0.79599,1.58,1.38
2012.09.04 12:25:34.326,0.79584,0.79599,1.11,2.95
2012.09.04 12:25:37.629,0.79584,0.79599,1.50,1.80
2012.09.04 12:25:37.972,0.79591,0.79607,3.08,2.95
2012.09.04 12:25:38.039,0.79591,0.79605,2.33,1.58
2012.09.04 12:25:38.590,0.79589,0.79603,2.68,1.58
2012.09.04 12:25:39.066,0.79589,0.79601,1.11,1.58
2012.09.04 12:25:40.218,0.79588,0.79601,2.61,1.58
2012.09.04 12:25:40.419,0.79591,0.79601,1.11,1.58
2012.09.04 12:25:40.760,0.79592,0.79609,1.93,2.55
2012.09.04 12:25:41.120,0.79592,0.79609,2.68,2.55
2012.09.04 12:25:41.626,0.79594,0.79609,1.11,1.58
2012.09.04 12:25:41.949,0.79594,0.79609,1.86,1.58
2012.09.04 12:25:42.289,0.79598,0.79611,2.33,1.15
2012.09.04 12:25:42.716,0.79599,0.79615,2.25,2.73
2012.09.04 12:25:43.412,0.79599,0.79615,1.50,2.73
2012.09.04 12:25:43.557,0.79599,0.79613,1.50,1.15
2012.09.04 12:25:43.818,0.79595,0.7961,2.33,1.98
2012.09.04 12:25:45.867,0.79596,0.7961,1.50,1.58
2012.09.04 12:25:48.312,0.79594,0.79607,1.50,1.58
2012.09.04 12:25:49.479,0.79597,0.79607,1.50,1.58
2012.09.04 12:25:49.620,0.796,0.79613,1.50,1.73
2012.09.04 12:25:50.138,0.79597,0.79612,1.50,1.98
2012.09.04 12:25:50.269,0.79597,0.79612,1.50,1.98
2012.09.04 12:25:51.830,0.79596,0.79612,2.25,2.20
2012.09.04 12:25:52.504,0.79596,0.79612,1.50,2.20
2012.09.04 12:25:53.017,0.79596,0.79612,1.50,2.20
2012.09.04 12:25:53.773,0.79597,0.79612,1.50,2.20
2012.09.04 12:25:54.897,0.79596,0.79612,2.25,1.98
2012.09.04 12:25:55.027,0.79595,0.79611,1.58,2.73
2012.09.04 12:25:55.098,0.79592,0.79609,5.16,1.58
2012.09.04 12:25:55.468,0.79592,0.79609,4.18,2.93
2012.09.04 12:25:57.211,0.79596,0.79607,1.50,1.58
2012.09.04 12:25:57.409,0.79596,0.79611,1.50,1.98
2012.09.04 12:25:59.786,0.79594,0.79611,1.93,3.48
2012.09.04 12:25:59.860,0.79594,0.79609,1.58,1.98
2012.09.04 12:26:00.361,0.79592,0.79607,2.33,2.95
2012.09.04 12:26:01.251,0.79595,0.7961,1.58,2.95
2012.09.04 12:26:02.209,0.79592,0.79608,2.25,1.98
2012.09.04 12:26:03.169,0.79591,0.79608,2.68,2.73
2012.09.04 12:26:03.356,0.7959,0.79605,1.50,1.58
2012.09.04 12:26:03.923,0.7959,0.79605,1.50,1.80
2012.09.04 12:26:04.400,0.79589,0.79605,1.11,1.80
2012.09.04 12:26:04.472,0.79588,0.79604,1.58,1.23
2012.09.04 12:26:04.539,0.79588,0.79604,1.58,1.23
2012.09.04 12:26:04.968,0.79588,0.79601,1.58,1.98
2012.09.04 12:26:05.307,0.7958,0.79593,2.53,1.58
2012.09.04 12:26:05.380,0.7958,0.79596,2.53,2.55
2012.09.04 12:26:05.449,0.7958,0.79595,1.42,1.38
2012.09.04 12:26:05.818,0.7958,0.79589,1.42,1.80
2012.09.04 12:26:05.887,0.79577,0.79589,3.75,1.80
2012.09.04 12:26:05.959,0.79577,0.79589,3.08,1.80
2012.09.04 12:26:06.597,0.79574,0.79589,1.58,1.80
2012.09.04 12:26:07.184,0.79574,0.79589,1.58,1.80
2012.09.04 12:26:09.347,0.79576,0.79592,1.58,2.95
2012.09.04 12:26:10.357,0.79576,0.79592,1.58,1.38
2012.09.04 12:26:10.888,0.79576,0.79592,1.58,1.38
2012.09.04 12:26:11.429,0.79576,0.79592,1.93,1.38
2012.09.04 12:26:11.499,0.79576,0.79592,1.58,1.38
2012.09.04 12:26:14.418,0.79576,0.79592,1.58,1.38
2012.09.04 12:26:15.167,0.79576,0.79592,3.08,2.95
2012.09.04 12:26:15.679,0.79577,0.79592,2.33,2.20
2012.09.04 12:26:19.326,0.79577,0.79592,2.33,2.20
2012.09.04 12:26:21.390,0.79577,0.79592,1.58,2.20
2012.09.04 12:26:21.636,0.79575,0.79589,2.68,1.58
2012.09.04 12:26:21.827,0.79577,0.79592,1.58,2.20
2012.09.04 12:26:22.339,0.79577,0.79592,1.58,1.98
2012.09.04 12:26:22.929,0.79577,0.79592,1.58,1.98
2012.09.04 12:26:24.341,0.79577,0.79592,1.58,1.98
2012.09.04 12:26:25.467,0.79577,0.79592,1.58,1.98
2012.09.04 12:26:26.357,0.79577,0.79592,1.58,1.98
2012.09.04 12:26:26.998,0.79577,0.79592,1.58,1.98
2012.09.04 12:26:27.612,0.79577,0.79592,4.18,1.98
2012.09.04 12:26:28.508,0.7958,0.79592,1.50,1.58
2012.09.04 12:26:28.578,0.79581,0.79595,1.58,1.58
2012.09.04 12:26:29.099,0.79581,0.79596,1.58,1.98
2012.09.04 12:26:30.279,0.79581,0.79596,2.33,1.98
2012.09.04 12:26:30.779,0.79583,0.796,3.08,2.20
2012.09.04 12:26:30.908,0.79585,0.796,1.50,1.80
2012.09.04 12:26:31.750,0.79585,0.796,1.86,2.93
2012.09.04 12:26:31.878,0.79585,0.79596,1.50,1.58
2012.09.04 12:26:32.008,0.79581,0.79596,3.43,1.98
2012.09.04 12:26:32.547,0.79581,0.79596,1.11,1.98
2012.09.04 12:26:34.648,0.7958,0.79596,1.50,1.98
2012.09.04 12:26:36.097,0.79579,0.79596,2.68,2.73
2012.09.04 12:26:45.266,0.79579,0.79596,2.68,2.73
2012.09.04 12:26:46.860,0.79579,0.79592,2.33,1.15
2012.09.04 12:26:46.931,0.79576,0.79592,1.58,1.15
2012.09.04 12:26:46.999,0.79576,0.79592,1.58,1.15
2012.09.04 12:26:48.469,0.79575,0.79587,1.11,1.58
2012.09.04 12:26:49.017,0.79574,0.79588,1.93,1.58
2012.09.04 12:26:49.644,0.79578,0.79591,2.33,1.15
2012.09.04 12:26:49.969,0.79578,0.79591,2.33,1.15
2012.09.04 12:26:50.036,0.79578,0.79591,2.33,1.15
2012.09.04 12:26:51.057,0.79575,0.79589,3.43,1.58
2012.09.04 12:26:51.578,0.79575,0.79589,2.68,1.58
2012.09.04 12:26:52.628,0.79577,0.79591,1.58,2.73
2012.09.04 12:26:52.978,0.7958,0.79591,1.58,1.15
2012.09.04 12:26:53.496,0.7958,0.79591,1.58,1.15
2012.09.04 12:26:55.408,0.7958,0.79591,2.33,1.15
2012.09.04 12:26:58.287,0.79577,0.79591,1.58,1.15
2012.09.04 12:26:58.757,0.79577,0.79591,2.33,1.15
2012.09.04 12:27:00.718,0.79577,0.7959,2.33,1.58
2012.09.04 12:27:00.787,0.79574,0.79588,1.86,1.58
2012.09.04 12:27:01.628,0.79575,0.79592,3.43,2.73
2012.09.04 12:27:01.768,0.79578,0.79592,1.58,1.15
2012.09.04 12:27:02.078,0.79583,0.79597,1.58,1.15
2012.09.04 12:27:03.878,0.79586,0.79597,1.58,1.15
2012.09.04 12:27:04.259,0.7959,0.79602,1.58,1.90
2012.09.04 12:27:06.118,0.7959,0.79602,1.58,1.90
2012.09.04 12:27:06.249,0.79587,0.79598,3.08,1.15
2012.09.04 12:27:06.974,0.79582,0.79598,6.08,1.90
2012.09.04 12:27:07.784,0.79582,0.79598,1.58,1.90
2012.09.04 12:27:09.037,0.7958,0.79595,4.65,1.58
2012.09.04 12:27:18.510,0.7958,0.79595,3.08,1.58
2012.09.04 12:27:18.877,0.79582,0.79598,2.33,1.90
2012.09.04 12:27:22.178,0.79582,0.79599,4.18,2.95
2012.09.04 12:27:22.677,0.79583,0.79599,1.11,2.95
2012.09.04 12:27:22.870,0.79586,0.796,1.58,1.15
2012.09.04 12:27:23.258,0.79586,0.79598,1.58,1.15
2012.09.04 12:27:25.240,0.79586,0.79601,2.33,2.20
2012.09.04 12:27:25.444,0.79586,0.79601,2.33,2.95
2012.09.04 12:27:26.981,0.79583,0.79598,1.58,3.48
2012.09.04 12:27:27.957,0.79583,0.79598,1.58,2.95
2012.09.04 12:27:29.693,0.79583,0.79598,1.58,2.95
2012.09.04 12:27:29.841,0.7958,0.79595,2.33,2.73
2012.09.04 12:27:29.989,0.79578,0.79593,2.68,1.38
2012.09.04 12:27:30.307,0.79578,0.79591,2.33,1.38
2012.09.04 12:27:30.508,0.79578,0.79593,1.58,1.38
2012.09.04 12:27:31.054,0.79578,0.79593,1.58,1.38
2012.09.04 12:27:31.849,0.79578,0.79595,3.08,3.70
2012.09.04 12:27:32.260,0.7958,0.79593,1.58,1.38
2012.09.04 12:27:32.819,0.79577,0.7959,1.50,1.80
2012.09.04 12:27:33.769,0.79576,0.7959,2.33,2.20
2012.09.04 12:27:34.321,0.79576,0.7959,3.15,2.20
2012.09.04 12:27:34.918,0.79577,0.79592,1.58,2.95
2012.09.04 12:27:36.018,0.79577,0.79592,1.58,1.38
2012.09.04 12:27:39.628,0.79577,0.79592,2.33,1.38
2012.09.04 12:27:43.160,0.79577,0.79592,2.33,1.38
2012.09.04 12:27:57.646,0.79576,0.7959,2.33,2.20
2012.09.04 12:27:58.509,0.79577,0.79592,2.33,1.38
2012.09.04 12:27:58.858,0.79578,0.79592,2.33,1.38
2012.09.04 12:28:00.509,0.79578,0.79592,2.33,1.38
2012.09.04 12:28:00.839,0.79578,0.79592,2.33,1.38
2012.09.04 12:28:01.217,0.79575,0.7959,3.08,2.95
2012.09.04 12:28:01.539,0.79575,0.7959,2.33,2.95
2012.09.04 12:28:03.800,0.79575,0.79589,2.33,1.15
2012.09.04 12:28:04.359,0.79575,0.79587,2.33,1.15
2012.09.04 12:28:04.879,0.7957,0.79584,4.88,1.38
2012.09.04 12:28:05.067,0.79569,0.79584,2.70,1.38
2012.09.04 12:28:05.618,0.79569,0.79583,2.33,1.15
2012.09.04 12:28:06.669,0.79569,0.79583,3.08,1.15
2012.09.04 12:28:06.800,0.7957,0.79586,1.48,2.33
2012.09.04 12:28:07.070,0.79574,0.79587,1.58,1.15
2012.09.04 12:28:07.319,0.79574,0.79587,1.58,1.15
2012.09.04 12:28:09.858,0.79574,0.79587,2.33,1.15
2012.09.04 12:28:10.096,0.79574,0.79587,2.33,1.15
2012.09.04 12:28:10.456,0.79574,0.79587,1.58,1.15
2012.09.04 12:28:13.438,0.79577,0.79589,1.58,1.15
2012.09.04 12:28:13.955,0.79576,0.79589,1.58,1.15
2012.09.04 12:28:14.198,0.79576,0.79589,1.58,1.15
2012.09.04 12:28:17.438,0.79576,0.79589,1.58,1.15
2012.09.04 12:28:17.747,0.79578,0.79591,1.58,1.38
2012.09.04 12:28:18.490,0.79582,0.79594,1.58,1.38
2012.09.04 12:28:18.818,0.79585,0.79596,1.58,1.50
2012.09.04 12:28:19.778,0.79582,0.79596,1.50,3.08
2012.09.04 12:28:20.317,0.79582,0.79596,1.50,2.33
2012.09.04 12:28:25.876,0.79582,0.79594,1.50,1.58
2012.09.04 12:28:27.779,0.79581,0.79594,1.50,1.58
2012.09.04 12:28:34.796,0.79581,0.79596,1.50,2.95
2012.09.04 12:28:37.259,0.79581,0.79594,1.50,1.58
2012.09.04 12:28:37.569,0.7958,0.79592,1.50,1.58
2012.09.04 12:28:40.679,0.79579,0.79592,1.86,2.33
2012.09.04 12:28:41.234,0.7958,0.79588,1.50,1.58
2012.09.04 12:28:41.558,0.79578,0.79588,1.11,1.58
2012.09.04 12:28:41.687,0.79578,0.79593,1.11,3.48
2012.09.04 12:28:43.428,0.79577,0.79593,1.86,2.33
2012.09.04 12:28:47.157,0.79579,0.79593,2.61,1.58
2012.09.04 12:28:47.408,0.79579,0.79593,1.86,2.33
2012.09.04 12:28:48.021,0.79579,0.79592,1.50,2.95
2012.09.04 12:28:48.562,0.79577,0.79592,1.58,2.95
2012.09.04 12:28:49.197,0.79577,0.79592,1.93,2.95
2012.09.04 12:28:49.518,0.79581,0.79594,1.58,1.15
2012.09.04 12:28:50.068,0.79581,0.79596,1.58,2.95
2012.09.04 12:28:50.257,0.79581,0.79596,1.58,2.80
2012.09.04 12:28:50.770,0.79577,0.79593,3.08,1.15
2012.09.04 12:28:51.308,0.79578,0.79594,1.11,1.98
2012.09.04 12:28:51.829,0.79577,0.79594,4.56,1.98
2012.09.04 12:28:52.158,0.79581,0.79596,1.58,3.55
2012.09.04 12:28:53.058,0.79581,0.79596,1.58,1.80
2012.09.04 12:28:53.641,0.79581,0.79596,2.68,1.58
2012.09.04 12:28:54.707,0.79581,0.79596,1.93,1.58
2012.09.04 12:28:57.137,0.79585,0.79598,1.58,2.13
2012.09.04 12:28:59.877,0.79582,0.79597,1.58,1.58
2012.09.04 12:29:00.008,0.79584,0.79598,1.58,2.13
2012.09.04 12:29:00.409,0.79581,0.79598,1.93,3.70
2012.09.04 12:29:01.167,0.79581,0.79598,1.58,4.45
2012.09.04 12:29:01.296,0.79581,0.79598,1.58,4.45
2012.09.04 12:29:03.030,0.79581,0.79598,1.58,4.45
2012.09.04 12:29:03.348,0.79581,0.79597,1.58,1.38
2012.09.04 12:29:04.597,0.79581,0.79594,1.58,1.15
2012.09.04 12:29:04.908,0.7958,0.79594,1.58,1.15
2012.09.04 12:29:05.493,0.7958,0.79595,1.93,1.15
2012.09.04 12:29:10.079,0.7958,0.79597,2.68,3.48
2012.09.04 12:29:10.218,0.7958,0.79597,2.68,2.73
2012.09.04 12:29:12.168,0.7958,0.79597,3.43,2.33
2012.09.04 12:29:13.048,0.79584,0.79598,1.58,1.38
2012.09.04 12:29:15.438,0.79584,0.79599,1.58,1.38
2012.09.04 12:29:15.750,0.79584,0.79601,2.68,3.70
2012.09.04 12:29:16.190,0.79588,0.79601,1.58,1.38
2012.09.04 12:29:16.620,0.79588,0.79601,1.58,1.38
2012.09.04 12:29:21.188,0.79584,0.796,2.68,2.33
2012.09.04 12:29:23.047,0.79584,0.796,2.68,2.33
2012.09.04 12:29:24.688,0.79584,0.79597,1.58,1.38
2012.09.04 12:29:25.009,0.79586,0.79597,1.58,1.15
2012.09.04 12:29:25.671,0.79582,0.79595,1.11,2.33
2012.09.04 12:29:26.587,0.7958,0.79595,2.68,2.33
2012.09.04 12:29:36.480,0.79583,0.79596,1.58,1.15
2012.09.04 12:29:37.219,0.7958,0.79595,2.68,2.33
2012.09.04 12:29:37.287,0.7958,0.79595,2.68,2.33
2012.09.04 12:29:37.836,0.7958,0.79595,2.68,2.33
2012.09.04 12:29:38.239,0.79582,0.79596,1.58,1.38
2012.09.04 12:29:41.336,0.7958,0.79596,1.11,2.95
2012.09.04 12:29:42.988,0.7958,0.79595,1.11,1.15
2012.09.04 12:29:43.978,0.79581,0.79596,1.11,2.95
2012.09.04 12:29:44.109,0.79582,0.79598,1.93,1.38
2012.09.04 12:29:44.427,0.79582,0.79595,1.58,1.15
2012.09.04 12:29:51.898,0.79582,0.79599,1.93,2.95
2012.09.04 12:29:52.206,0.79582,0.79599,2.68,2.95
2012.09.04 12:29:52.721,0.79586,0.796,1.58,2.13
2012.09.04 12:29:53.277,0.79586,0.796,2.33,1.90
2012.09.04 12:29:54.327,0.79586,0.796,1.58,1.38
2012.09.04 12:29:58.067,0.79586,0.79601,1.93,2.95
2012.09.04 12:29:58.897,0.79586,0.79601,1.93,2.73
2012.09.04 12:30:00.667,0.7959,0.79601,1.11,2.33
2012.09.04 12:30:01.001,0.79593,0.79603,1.11,1.58
2012.09.04 12:30:01.221,0.79594,0.79606,1.93,1.50
2012.09.04 12:30:01.361,0.79596,0.79606,1.58,1.50
2012.09.04 12:30:01.841,0.79596,0.7961,1.58,1.15
2012.09.04 12:30:01.979,0.79593,0.79608,3.43,1.58
2012.09.04 12:30:02.170,0.79593,0.79606,1.86,1.58
2012.09.04 12:30:02.441,0.79593,0.79608,3.43,3.15
2012.09.04 12:30:03.089,0.79594,0.79608,1.11,1.58
2012.09.04 12:30:03.403,0.79597,0.79608,1.93,1.58
2012.09.04 12:30:03.539,0.79598,0.79612,1.93,1.38
2012.09.04 12:30:03.802,0.79598,0.79613,1.93,1.50
2012.09.04 12:30:04.002,0.796,0.79615,1.11,1.58
2012.09.04 12:30:04.150,0.79598,0.79615,2.16,2.33
2012.09.04 12:30:04.715,0.79598,0.79614,1.93,1.15
2012.09.04 12:30:05.491,0.796,0.79615,1.11,2.55
2012.09.04 12:30:05.638,0.796,0.79615,1.86,1.58
2012.09.04 12:30:06.159,0.796,0.79615,1.11,1.58
2012.09.04 12:30:06.849,0.79598,0.79614,1.93,1.50
2012.09.04 12:30:07.359,0.79598,0.79614,1.93,1.90
2012.09.04 12:30:07.667,0.79597,0.79611,1.11,1.58
2012.09.04 12:30:08.558,0.79596,0.79611,1.93,1.58
2012.09.04 12:30:09.167,0.79596,0.7961,1.58,1.90
2012.09.04 12:30:09.500,0.79594,0.79608,1.11,3.08
2012.09.04 12:30:10.060,0.79593,0.79607,2.33,1.38
2012.09.04 12:30:10.419,0.79589,0.79603,1.03,3.30
2012.09.04 12:30:10.487,0.79587,0.79603,2.53,3.30
2012.09.04 12:30:12.411,0.79589,0.79603,1.93,1.50
2012.09.04 12:30:12.539,0.7959,0.79606,1.11,2.55
2012.09.04 12:30:12.908,0.79593,0.79607,1.58,2.13
2012.09.04 12:30:12.981,0.79593,0.79607,1.58,1.15
2012.09.04 12:30:13.170,0.79595,0.79608,1.11,1.58
2012.09.04 12:30:13.376,0.79596,0.7961,1.11,1.98
2012.09.04 12:30:13.570,0.796,0.79611,1.58,1.15
2012.09.04 12:30:14.010,0.796,0.79612,1.58,1.15
2012.09.04 12:30:14.807,0.79596,0.79613,3.43,2.73
2012.09.04 12:30:15.448,0.79599,0.79613,1.58,1.15
2012.09.04 12:30:15.578,0.79597,0.79612,2.33,1.98
2012.09.04 12:30:18.557,0.79597,0.79612,2.33,1.98
2012.09.04 12:30:19.097,0.79594,0.7961,1.50,2.20
2012.09.04 12:30:20.029,0.79593,0.7961,3.43,2.20
2012.09.04 12:30:21.477,0.79594,0.7961,1.50,2.20
2012.09.04 12:30:21.992,0.79596,0.7961,1.50,1.58
2012.09.04 12:30:22.371,0.79597,0.79611,2.33,1.15
2012.09.04 12:30:22.690,0.79594,0.79608,2.33,2.13
2012.09.04 12:30:22.758,0.79594,0.79608,1.58,3.70
2012.09.04 12:30:23.010,0.79591,0.79606,3.15,1.58
2012.09.04 12:30:23.091,0.79594,0.79608,1.58,1.73
2012.09.04 12:30:23.617,0.79594,0.79609,1.58,2.95
2012.09.04 12:30:24.170,0.79594,0.79609,1.93,2.33
2012.09.04 12:30:24.689,0.79594,0.79609,1.58,2.95
2012.09.04 12:30:27.237,0.79594,0.79609,1.58,1.98
2012.09.04 12:30:27.557,0.79597,0.79609,1.58,2.13
2012.09.04 12:30:27.688,0.79594,0.79609,1.58,3.70
2012.09.04 12:30:28.207,0.79594,0.79609,2.68,1.58
2012.09.04 12:30:28.337,0.79596,0.79613,1.58,2.20
2012.09.04 12:30:29.847,0.79599,0.79614,1.58,2.88
2012.09.04 12:30:29.977,0.79599,0.79614,1.58,2.88
2012.09.04 12:30:32.229,0.79603,0.79616,1.58,2.13
2012.09.04 12:30:32.299,0.79603,0.79618,1.93,1.38
2012.09.04 12:30:32.930,0.79604,0.79618,1.58,1.90
2012.09.04 12:30:33.261,0.79604,0.79618,1.58,1.38
2012.09.04 12:30:33.387,0.79604,0.79618,1.58,1.38
2012.09.04 12:30:34.861,0.79601,0.79616,1.86,1.98
2012.09.04 12:30:35.818,0.796,0.79615,1.50,1.15
2012.09.04 12:30:36.400,0.79599,0.79615,3.43,2.13
2012.09.04 12:30:36.660,0.796,0.79615,1.11,1.15
2012.09.04 12:30:37.151,0.79603,0.79618,1.58,2.95
2012.09.04 12:30:39.583,0.79603,0.79618,2.33,1.98
2012.09.04 12:30:39.689,0.79603,0.79618,1.58,1.98
2012.09.04 12:30:40.200,0.79603,0.79614,1.58,1.15
2012.09.04 12:30:40.571,0.79599,0.79614,1.58,1.38
2012.09.04 12:30:41.349,0.79596,0.79611,3.43,1.58
2012.09.04 12:30:42.200,0.79598,0.79611,1.86,1.58
2012.09.04 12:30:42.530,0.79597,0.79609,1.11,1.58
2012.09.04 12:30:43.599,0.79594,0.79609,2.68,2.33
2012.09.04 12:30:44.301,0.79594,0.79607,2.68,1.58
2012.09.04 12:30:44.430,0.79596,0.7961,2.33,1.38
2012.09.04 12:30:45.459,0.79597,0.79613,1.11,2.55
2012.09.04 12:30:45.599,0.79598,0.79613,1.11,1.58
2012.09.04 12:30:45.730,0.796,0.79614,2.68,1.35
2012.09.04 12:30:45.870,0.79598,0.79611,1.58,1.73
2012.09.04 12:30:46.062,0.79596,0.7961,1.11,2.55
2012.09.04 12:30:46.599,0.79598,0.79614,1.58,1.38
2012.09.04 12:30:47.149,0.79598,0.79614,1.58,1.15
2012.09.04 12:30:47.708,0.79598,0.79614,1.58,1.15
2012.09.04 12:30:49.920,0.79598,0.79615,2.33,2.20
2012.09.04 12:30:49.989,0.79598,0.79615,1.58,1.98
2012.09.04 12:30:50.552,0.79598,0.79615,1.58,2.20
2012.09.04 12:30:52.157,0.79598,0.79613,1.58,1.15
2012.09.04 12:30:52.479,0.79595,0.7961,2.68,2.33
2012.09.04 12:30:53.578,0.79596,0.7961,1.11,2.55
2012.09.04 12:30:54.119,0.79593,0.79609,1.86,2.13
2012.09.04 12:30:54.909,0.79593,0.79606,1.50,3.48
2012.09.04 12:30:55.124,0.79589,0.79604,1.11,2.33
2012.09.04 12:30:56.190,0.7959,0.79604,1.11,1.58
2012.09.04 12:30:57.279,0.7959,0.79604,1.11,2.55
2012.09.04 12:30:57.793,0.79591,0.79604,1.11,1.58
2012.09.04 12:30:58.338,0.7959,0.79604,1.11,2.33
2012.09.04 12:30:59.789,0.79588,0.79604,4.18,1.58
2012.09.04 12:31:00.188,0.7959,0.79607,1.93,4.53
2012.09.04 12:31:00.574,0.7959,0.79607,1.93,3.70
2012.09.04 12:31:04.661,0.7959,0.79606,1.93,1.80
2012.09.04 12:31:04.738,0.7959,0.79606,2.68,1.80
2012.09.04 12:31:12.138,0.79591,0.79606,1.11,2.33
2012.09.04 12:31:12.480,0.79589,0.79601,1.11,1.58
2012.09.04 12:31:13.349,0.79586,0.79601,1.11,1.98
2012.09.04 12:31:13.549,0.79587,0.79601,1.11,1.98
2012.09.04 12:31:13.858,0.79585,0.796,1.11,1.15
2012.09.04 12:31:16.300,0.79584,0.79599,2.68,2.33
2012.09.04 12:31:16.683,0.79584,0.79599,2.68,2.55
2012.09.04 12:31:17.190,0.79584,0.79598,1.58,2.13
2012.09.04 12:31:17.842,0.79584,0.79598,1.58,2.13
2012.09.04 12:31:18.390,0.79584,0.79599,2.33,2.33
2012.09.04 12:31:18.520,0.79584,0.79598,2.33,1.15
2012.09.04 12:31:19.030,0.79582,0.79596,1.50,1.98
2012.09.04 12:31:19.364,0.79582,0.79593,1.50,1.58
2012.09.04 12:31:20.045,0.79578,0.79593,2.33,2.95
2012.09.04 12:31:20.381,0.79578,0.79593,1.58,2.95
2012.09.04 12:31:21.348,0.79576,0.7959,1.93,1.58
2012.09.04 12:31:23.727,0.79577,0.7959,1.11,1.58
2012.09.04 12:31:24.177,0.79578,0.79593,2.33,1.58
2012.09.04 12:31:24.718,0.79578,0.79594,2.33,1.15
2012.09.04 12:31:27.446,0.79578,0.79594,2.33,1.15
2012.09.04 12:31:30.689,0.79577,0.79591,2.33,1.58
2012.09.04 12:31:32.728,0.79578,0.79591,1.11,1.58
2012.09.04 12:31:33.159,0.79582,0.79596,1.93,1.73
2012.09.04 12:31:33.229,0.79582,0.79597,2.53,3.30
2012.09.04 12:31:33.298,0.79584,0.79597,1.11,2.33
2012.09.04 12:31:33.870,0.79586,0.79599,1.58,1.15
2012.09.04 12:31:34.410,0.79586,0.79599,1.58,2.13
2012.09.04 12:31:36.092,0.79584,0.79599,1.58,3.70
2012.09.04 12:31:39.089,0.79584,0.79599,1.93,2.55
2012.09.04 12:31:40.218,0.79586,0.79601,1.58,1.38
2012.09.04 12:31:41.509,0.79586,0.79601,1.58,2.13
2012.09.04 12:31:41.631,0.79586,0.79601,1.58,1.38
2012.09.04 12:31:42.190,0.7959,0.79602,1.58,1.58
2012.09.04 12:31:42.775,0.79591,0.79604,1.58,1.15
2012.09.04 12:31:43.148,0.79588,0.79604,1.58,1.15
2012.09.04 12:31:49.105,0.79586,0.79601,3.28,1.58
2012.09.04 12:31:50.097,0.79586,0.79601,2.33,2.95
2012.09.04 12:31:50.419,0.79586,0.79598,2.33,1.38
2012.09.04 12:31:54.639,0.79581,0.79598,1.93,2.95
2012.09.04 12:31:56.007,0.79581,0.79598,2.68,2.95
2012.09.04 12:31:56.558,0.79583,0.79598,1.86,1.58
2012.09.04 12:31:57.306,0.79585,0.796,1.58,4.30
2012.09.04 12:32:03.026,0.79585,0.796,1.58,2.20
2012.09.04 12:32:03.339,0.79587,0.796,1.50,1.80
2012.09.04 12:32:04.027,0.79585,0.796,2.68,1.98
2012.09.04 12:32:04.838,0.79585,0.796,2.68,2.95
2012.09.04 12:32:05.499,0.79585,0.796,1.93,2.20
2012.09.04 12:32:11.617,0.79585,0.796,1.93,2.95
2012.09.04 12:32:11.948,0.79589,0.79603,1.58,1.38
2012.09.04 12:32:12.138,0.79589,0.79604,1.93,2.73
2012.09.04 12:32:12.827,0.79589,0.79604,1.93,2.33
2012.09.04 12:32:13.367,0.79589,0.79604,1.93,2.33
2012.09.04 12:32:14.367,0.79589,0.79604,2.68,2.33
2012.09.04 12:32:16.927,0.7959,0.79604,1.11,2.33
2012.09.04 12:32:17.056,0.79591,0.79604,1.86,1.58
2012.09.04 12:32:17.306,0.79591,0.79607,3.43,1.58
2012.09.04 12:32:17.808,0.79591,0.79608,3.43,2.73
2012.09.04 12:32:19.220,0.79591,0.79608,3.43,2.73
2012.09.04 12:32:23.057,0.79591,0.79608,3.43,2.73
2012.09.04 12:32:23.892,0.79591,0.79608,3.43,2.73
2012.09.04 12:32:23.968,0.79591,0.79605,1.93,1.50
2012.09.04 12:32:24.160,0.79589,0.79605,1.11,3.30
2012.09.04 12:32:24.691,0.79589,0.79605,1.11,3.30
2012.09.04 12:32:30.681,0.79588,0.79605,1.93,2.95
2012.09.04 12:32:31.188,0.79588,0.79604,1.93,2.55
2012.09.04 12:32:32.119,0.79588,0.79604,1.93,3.08
2012.09.04 12:32:32.190,0.79591,0.79604,1.58,1.50
2012.09.04 12:32:32.738,0.79591,0.79606,1.93,1.15
2012.09.04 12:32:34.457,0.79591,0.79607,2.33,1.15
2012.09.04 12:32:34.650,0.79591,0.79608,2.33,2.73
2012.09.04 12:32:34.842,0.79596,0.79608,1.58,1.15
2012.09.04 12:32:35.358,0.79596,0.79608,1.58,1.15
2012.09.04 12:32:37.740,0.79594,0.79608,1.58,2.73
2012.09.04 12:32:38.188,0.79593,0.79608,2.33,2.73
2012.09.04 12:32:42.919,0.79594,0.79608,1.11,1.58
2012.09.04 12:32:43.513,0.79593,0.79608,3.43,1.98
2012.09.04 12:32:52.911,0.79593,0.79608,2.68,1.98
2012.09.04 12:32:53.427,0.79593,0.79608,2.33,1.98
2012.09.04 12:32:56.241,0.79592,0.79605,1.11,1.58
2012.09.04 12:33:01.856,0.79591,0.79605,1.50,1.58
2012.09.04 12:33:03.609,0.79592,0.79605,1.50,1.58
2012.09.04 12:33:03.799,0.79594,0.79608,1.11,3.55
2012.09.04 12:33:04.393,0.79594,0.79608,1.86,1.98
2012.09.04 12:33:16.049,0.79593,0.79608,2.16,1.98
2012.09.04 12:33:16.238,0.79592,0.79606,1.11,1.58
2012.09.04 12:33:18.458,0.79592,0.79609,2.68,2.95
2012.09.04 12:33:23.039,0.79592,0.79609,2.33,2.95
2012.09.04 12:33:24.227,0.79592,0.79609,1.58,3.70
2012.09.04 12:33:25.062,0.7959,0.79605,3.43,1.58
2012.09.04 12:33:25.547,0.79593,0.79608,1.58,3.55
2012.09.04 12:33:26.214,0.79594,0.79608,1.93,1.98
2012.09.04 12:33:26.558,0.79591,0.79605,1.11,1.58
2012.09.04 12:33:26.629,0.79593,0.79608,1.58,3.55
2012.09.04 12:33:27.650,0.79593,0.79607,1.58,1.58
2012.09.04 12:33:27.718,0.79591,0.79605,1.11,1.58
2012.09.04 12:33:28.148,0.7959,0.79605,3.43,2.73
2012.09.04 12:33:28.668,0.7959,0.79604,2.33,1.15
2012.09.04 12:33:28.979,0.7959,0.79605,2.68,1.80
2012.09.04 12:33:30.750,0.79591,0.79605,1.11,1.58
2012.09.04 12:33:36.448,0.79588,0.79604,2.91,1.15
2012.09.04 12:33:36.518,0.79588,0.79603,2.91,1.15
2012.09.04 12:33:36.767,0.79588,0.79601,1.11,1.58
2012.09.04 12:33:36.897,0.79589,0.79603,2.33,1.15
2012.09.04 12:33:37.480,0.79589,0.79604,2.33,1.98
2012.09.04 12:33:37.789,0.79595,0.79604,1.50,1.58
2012.09.04 12:33:37.919,0.79594,0.79604,1.11,1.58
2012.09.04 12:33:37.991,0.79593,0.79608,1.73,1.90
2012.09.04 12:33:38.649,0.79593,0.79606,1.50,1.58
2012.09.04 12:33:41.057,0.79593,0.79607,3.08,2.33
2012.09.04 12:33:41.898,0.79593,0.79608,2.33,3.48
2012.09.04 12:33:44.167,0.79593,0.79607,3.08,1.15
2012.09.04 12:33:44.477,0.79595,0.79608,1.50,1.98
2012.09.04 12:33:46.260,0.79596,0.79611,2.68,2.73
2012.09.04 12:33:46.789,0.79596,0.79611,1.93,2.33
2012.09.04 12:33:48.685,0.79594,0.79608,2.68,1.58
2012.09.04 12:33:52.476,0.79594,0.79608,2.68,1.58
2012.09.04 12:34:08.981,0.79594,0.79606,1.11,1.58
2012.09.04 12:34:10.720,0.79595,0.7961,1.11,1.98
2012.09.04 12:34:10.969,0.79595,0.7961,1.11,1.58
2012.09.04 12:34:12.212,0.79595,0.79607,1.11,1.58
2012.09.04 12:34:12.763,0.79595,0.79607,1.11,1.58
2012.09.04 12:34:14.248,0.79595,0.79607,1.11,1.58
2012.09.04 12:34:14.319,0.79594,0.79609,1.93,1.58
2012.09.04 12:34:14.877,0.79595,0.79609,1.11,1.58
2012.09.04 12:34:18.917,0.79595,0.79609,1.11,1.58
2012.09.04 12:34:19.831,0.79595,0.79609,1.11,1.58
2012.09.04 12:34:23.157,0.79595,0.79609,1.11,1.58
2012.09.04 12:34:26.347,0.79595,0.79609,1.86,1.58
2012.09.04 12:34:31.097,0.79595,0.79609,1.86,1.58
2012.09.04 12:34:31.518,0.79596,0.79611,1.93,1.58
2012.09.04 12:34:31.589,0.79596,0.79613,1.93,2.95
2012.09.04 12:34:33.088,0.79596,0.79613,1.93,2.55
2012.09.04 12:34:34.709,0.79596,0.79613,1.93,2.55
2012.09.04 12:34:41.556,0.79597,0.79613,1.11,2.55
2012.09.04 12:34:42.978,0.79596,0.79613,1.93,2.95
2012.09.04 12:34:43.528,0.79596,0.79613,1.93,2.95
2012.09.04 12:34:43.658,0.79595,0.7961,1.86,1.58
2012.09.04 12:34:46.414,0.79595,0.79606,1.11,1.58
2012.09.04 12:34:48.948,0.79595,0.79609,1.11,1.58
2012.09.04 12:34:49.378,0.79592,0.79609,3.81,1.15
2012.09.04 12:34:49.509,0.7959,0.79605,1.33,2.33
2012.09.04 12:34:50.568,0.79589,0.79605,2.68,2.33
2012.09.04 12:34:53.996,0.79589,0.79605,2.68,1.58
2012.09.04 12:34:54.777,0.79589,0.79605,2.68,2.33
2012.09.04 12:34:57.820,0.7959,0.79605,1.11,1.80
2012.09.04 12:35:01.329,0.79589,0.79605,1.93,2.20
2012.09.04 12:35:01.399,0.79588,0.79602,1.11,1.58
2012.09.04 12:35:04.859,0.79588,0.79602,1.11,2.33
2012.09.04 12:35:04.930,0.79585,0.79599,2.33,1.35
2012.09.04 12:35:05.000,0.79584,0.79594,1.11,1.58
2012.09.04 12:35:06.250,0.79582,0.79594,1.86,1.58
2012.09.04 12:35:06.601,0.79583,0.79596,4.03,1.58
2012.09.04 12:35:06.670,0.79585,0.796,1.33,1.58
2012.09.04 12:35:06.802,0.79587,0.796,1.48,1.58
2012.09.04 12:35:07.548,0.79589,0.796,1.11,1.58
2012.09.04 12:35:07.870,0.79592,0.79604,1.86,1.58
2012.09.04 12:35:08.058,0.79592,0.79608,1.86,1.58
2012.09.04 12:35:10.974,0.79595,0.79608,1.50,1.58
2012.09.04 12:35:25.579,0.79596,0.7961,1.11,1.58
2012.09.04 12:35:29.919,0.79598,0.79613,1.58,1.98
2012.09.04 12:35:29.987,0.79598,0.79613,2.68,1.58
2012.09.04 12:35:30.379,0.796,0.79613,1.50,1.58
2012.09.04 12:35:37.238,0.79599,0.79613,1.86,1.58
2012.09.04 12:35:37.756,0.79599,0.79613,1.86,1.58
2012.09.04 12:35:38.777,0.79598,0.79613,1.58,1.98
2012.09.04 12:35:39.467,0.79596,0.7961,5.01,1.58
2012.09.04 12:35:40.128,0.79597,0.79614,2.68,2.95
2012.09.04 12:35:40.440,0.79597,0.79614,2.68,1.80
2012.09.04 12:35:40.510,0.79599,0.79614,1.11,1.80
2012.09.04 12:35:42.167,0.79599,0.79611,1.11,1.58
2012.09.04 12:35:43.078,0.79596,0.79611,2.83,1.58
2012.09.04 12:35:43.149,0.79597,0.79609,1.33,1.58
2012.09.04 12:35:43.538,0.79596,0.79605,1.86,1.58
2012.09.04 12:35:43.610,0.79596,0.79605,1.50,1.58
2012.09.04 12:35:43.798,0.79596,0.79609,1.50,1.58
2012.09.04 12:35:44.107,0.79596,0.79612,3.43,1.98
2012.09.04 12:35:44.700,0.796,0.79613,1.11,1.58
2012.09.04 12:36:01.918,0.796,0.79613,1.11,1.58
2012.09.04 12:36:02.112,0.79596,0.7961,3.30,1.58
2012.09.04 12:36:02.241,0.79596,0.79608,1.50,1.15
2012.09.04 12:36:02.860,0.79595,0.79605,1.50,1.58
2012.09.04 12:36:07.918,0.79591,0.79605,2.61,1.58
2012.09.04 12:36:09.882,0.79591,0.79605,2.61,1.58
2012.09.04 12:36:15.679,0.79591,0.79606,2.61,1.58
2012.09.04 12:36:16.767,0.79591,0.79606,2.61,1.58
2012.09.04 12:36:17.019,0.79591,0.79604,2.61,1.58
2012.09.04 12:36:18.626,0.79591,0.79604,2.61,1.58
2012.09.04 12:36:21.368,0.79589,0.79604,1.86,2.33
2012.09.04 12:36:21.678,0.79588,0.79601,1.86,1.58
2012.09.04 12:36:24.858,0.79588,0.79601,1.11,1.58
2012.09.04 12:36:25.166,0.79586,0.79601,1.86,2.95
2012.09.04 12:36:25.239,0.79586,0.79601,1.86,2.20
2012.09.04 12:36:25.799,0.79587,0.79601,1.11,1.58
2012.09.04 12:36:29.188,0.79587,0.79601,1.11,2.33
2012.09.04 12:36:29.380,0.79585,0.79601,2.68,1.58
2012.09.04 12:36:29.511,0.79587,0.79601,1.11,1.80
2012.09.04 12:36:29.819,0.79586,0.79601,1.11,2.20
2012.09.04 12:36:30.267,0.79586,0.79601,1.11,2.95
2012.09.04 12:36:30.598,0.79587,0.79601,1.48,2.55
2012.09.04 12:36:30.861,0.7959,0.79604,1.11,2.33
2012.09.04 12:36:34.068,0.7959,0.79604,1.50,2.73
2012.09.04 12:36:34.211,0.79589,0.79604,1.50,2.73
2012.09.04 12:36:34.281,0.79589,0.796,1.50,1.58
2012.09.04 12:36:35.429,0.79588,0.796,1.11,1.58
2012.09.04 12:36:38.208,0.79588,0.796,1.11,2.33
2012.09.04 12:36:38.277,0.79586,0.796,1.50,2.73
2012.09.04 12:36:39.673,0.79586,0.796,2.61,1.80
2012.09.04 12:36:39.879,0.79591,0.796,1.11,1.58
2012.09.04 12:36:40.021,0.79591,0.79604,1.11,2.33
2012.09.04 12:36:44.848,0.79591,0.79604,1.86,2.33
2012.09.04 12:36:45.454,0.79591,0.79604,1.86,2.33
2012.09.04 12:36:46.429,0.79591,0.79604,1.86,1.58
2012.09.04 12:36:46.558,0.79592,0.79604,1.11,1.58
2012.09.04 12:36:46.691,0.79592,0.79606,1.11,1.58
2012.09.04 12:36:50.399,0.79592,0.79606,1.11,1.58
2012.09.04 12:36:50.949,0.79595,0.79609,1.58,2.55
2012.09.04 12:36:51.329,0.79592,0.79607,1.93,1.58
2012.09.04 12:36:53.949,0.79593,0.79607,1.11,1.58
2012.09.04 12:36:54.139,0.79596,0.79609,1.50,1.80
2012.09.04 12:36:54.391,0.79598,0.79613,2.68,2.33
2012.09.04 12:36:55.342,0.796,0.79616,1.58,1.15
2012.09.04 12:36:55.409,0.796,0.79617,1.58,2.20
2012.09.04 12:36:55.478,0.796,0.79617,1.93,1.98
2012.09.04 12:36:58.628,0.79602,0.79617,2.46,1.58
2012.09.04 12:36:59.167,0.79604,0.79619,1.50,2.13
2012.09.04 12:36:59.905,0.79604,0.79618,1.50,1.38
2012.09.04 12:37:02.979,0.79604,0.79619,1.50,1.38
2012.09.04 12:37:04.890,0.79604,0.7962,1.86,2.95
2012.09.04 12:37:05.078,0.79606,0.79622,3.08,1.15
2012.09.04 12:37:05.667,0.79606,0.79622,3.08,2.13
2012.09.04 12:37:06.618,0.79606,0.79622,3.08,1.38
2012.09.04 12:37:07.918,0.79606,0.79622,2.33,2.13
2012.09.04 12:37:08.590,0.79602,0.79619,3.43,3.70
2012.09.04 12:37:13.633,0.79603,0.79619,1.11,2.95
2012.09.04 12:37:13.878,0.79603,0.79615,1.11,1.58
2012.09.04 12:37:14.387,0.79603,0.79615,1.86,1.58
2012.09.04 12:37:15.118,0.79602,0.79615,1.86,1.58
2012.09.04 12:37:17.750,0.79602,0.79615,1.86,1.58
2012.09.04 12:37:17.919,0.79602,0.79615,1.86,1.58
2012.09.04 12:37:21.570,0.79605,0.79615,1.11,1.58
2012.09.04 12:37:22.430,0.79605,0.79615,1.11,1.58
2012.09.04 12:37:22.570,0.79606,0.7962,1.11,1.58
2012.09.04 12:37:24.928,0.79606,0.79617,1.11,1.58
2012.09.04 12:37:25.004,0.79601,0.79615,2.61,1.58
2012.09.04 12:37:25.139,0.79601,0.79613,2.61,1.58
2012.09.04 12:37:25.329,0.79601,0.79616,2.61,1.58
2012.09.04 12:37:27.089,0.79601,0.79616,2.61,1.58
2012.09.04 12:37:27.279,0.79601,0.79616,2.61,1.58
2012.09.04 12:37:28.408,0.79601,0.79616,2.61,1.58
2012.09.04 12:37:28.597,0.79603,0.79618,1.58,2.33
2012.09.04 12:37:29.280,0.79603,0.79618,1.93,2.33
2012.09.04 12:37:30.801,0.79603,0.79618,1.58,2.33
2012.09.04 12:37:31.768,0.79603,0.79618,3.43,1.58
2012.09.04 12:37:32.169,0.79605,0.79618,1.86,1.58
2012.09.04 12:37:33.009,0.79605,0.79618,1.50,1.58
2012.09.04 12:37:34.808,0.79605,0.79618,1.86,1.58
2012.09.04 12:37:35.137,0.79606,0.79622,2.68,1.98
2012.09.04 12:37:36.900,0.79606,0.79621,2.68,1.15
2012.09.04 12:37:40.960,0.79604,0.79619,2.33,2.55
2012.09.04 12:37:45.503,0.79603,0.79616,1.86,1.58
2012.09.04 12:37:46.302,0.79603,0.79616,1.50,2.55
2012.09.04 12:37:49.100,0.79602,0.79615,1.86,1.58
2012.09.04 12:37:50.858,0.79602,0.79615,1.11,1.58
2012.09.04 12:37:51.665,0.79602,0.79615,1.11,2.33
2012.09.04 12:37:52.267,0.79602,0.79615,1.11,1.58
2012.09.04 12:37:56.960,0.79602,0.79615,1.11,1.58
2012.09.04 12:38:03.627,0.79603,0.79615,1.50,1.58
2012.09.04 12:38:04.324,0.79603,0.79617,1.50,1.98
2012.09.04 12:38:05.191,0.79604,0.79617,1.86,1.58
2012.09.04 12:38:05.261,0.79606,0.7962,1.48,3.15
2012.09.04 12:38:05.330,0.79607,0.79622,1.48,1.80
2012.09.04 12:38:05.770,0.79609,0.79624,1.11,3.48
2012.09.04 12:38:06.201,0.79611,0.79624,2.61,2.33
2012.09.04 12:38:06.340,0.79611,0.79625,3.21,1.58
2012.09.04 12:38:06.889,0.7961,0.79625,1.50,1.80
2012.09.04 12:38:07.437,0.79611,0.79625,1.50,2.55
2012.09.04 12:38:12.200,0.79609,0.79625,1.86,1.80
2012.09.04 12:38:12.531,0.79613,0.79625,2.33,1.58
2012.09.04 12:38:12.602,0.79616,0.79629,1.58,1.38
2012.09.04 12:38:12.872,0.79617,0.79631,1.11,1.58
2012.09.04 12:38:13.211,0.7962,0.79631,1.03,1.58
2012.09.04 12:38:13.519,0.79619,0.79634,5.01,2.33
2012.09.04 12:38:13.849,0.79623,0.79636,1.11,2.33
2012.09.04 12:38:14.305,0.79627,0.79639,1.71,1.58
2012.09.04 12:38:14.828,0.79627,0.79643,1.58,1.15
2012.09.04 12:38:15.388,0.79625,0.7964,2.33,2.95
2012.09.04 12:38:16.088,0.79625,0.7964,1.93,1.58
2012.09.04 12:38:16.636,0.79625,0.7964,1.93,1.80
2012.09.04 12:38:18.350,0.79625,0.7964,1.93,1.58
2012.09.04 12:38:18.689,0.79625,0.79639,1.93,1.73
2012.09.04 12:38:19.343,0.79625,0.79639,1.58,1.73
2012.09.04 12:38:25.710,0.79624,0.79636,1.11,1.58
2012.09.04 12:38:26.470,0.79624,0.79638,2.68,1.73
2012.09.04 12:38:27.227,0.79624,0.79639,2.68,3.70
2012.09.04 12:38:27.842,0.79624,0.79638,2.68,1.58
2012.09.04 12:38:28.181,0.79624,0.79629,1.58,1.50
2012.09.04 12:38:28.252,0.79621,0.79629,1.58,2.25
2012.09.04 12:38:28.332,0.79621,0.79629,1.58,4.05
2012.09.04 12:38:28.790,0.79613,0.79629,1.11,4.05
2012.09.04 12:38:30.210,0.79612,0.79627,2.33,2.13
2012.09.04 12:38:31.698,0.79611,0.79625,2.33,2.55
2012.09.04 12:38:32.673,0.79611,0.79625,2.68,1.58
2012.09.04 12:38:37.393,0.79611,0.79625,2.68,1.58
2012.09.04 12:38:39.040,0.79611,0.79625,3.43,3.90
2012.09.04 12:38:39.110,0.79611,0.79624,1.50,1.98
2012.09.04 12:38:40.126,0.79609,0.79624,2.25,1.98
2012.09.04 12:38:40.202,0.79608,0.79624,1.50,2.73
2012.09.04 12:38:40.331,0.79607,0.79621,2.33,1.38
2012.09.04 12:38:40.849,0.79606,0.79621,2.33,2.20
2012.09.04 12:38:41.524,0.79606,0.79621,1.58,2.20
2012.09.04 12:38:41.990,0.79607,0.79621,1.50,1.58
2012.09.04 12:38:42.119,0.79609,0.79624,1.86,3.90
2012.09.04 12:38:42.248,0.79612,0.79624,1.58,2.33
2012.09.04 12:38:42.903,0.79612,0.79627,1.58,2.20
2012.09.04 12:38:44.878,0.79612,0.79626,1.58,1.15
2012.09.04 12:38:45.421,0.79612,0.79627,1.95,2.95
2012.09.04 12:38:45.618,0.79613,0.79629,1.48,3.30
2012.09.04 12:38:46.311,0.79614,0.79629,1.13,3.70
2012.09.04 12:38:47.509,0.79612,0.79628,3.08,1.38
2012.09.04 12:38:49.172,0.79612,0.79626,1.58,1.15
2012.09.04 12:38:49.520,0.79612,0.79622,1.58,1.38
2012.09.04 12:38:50.021,0.79612,0.79621,1.58,2.13
2012.09.04 12:38:50.270,0.79602,0.79617,2.68,1.58
2012.09.04 12:38:50.451,0.79605,0.79617,1.11,1.58
2012.09.04 12:38:51.060,0.79603,0.79617,1.11,1.58
2012.09.04 12:38:51.710,0.79604,0.79617,1.11,1.58
2012.09.04 12:38:51.899,0.79607,0.79621,1.11,1.58
2012.09.04 12:38:52.453,0.79606,0.79621,1.93,1.58
2012.09.04 12:38:53.138,0.79606,0.79621,1.58,1.58
2012.09.04 12:38:58.359,0.79606,0.79621,2.33,1.58
2012.09.04 12:38:58.669,0.79609,0.79621,1.42,1.58
2012.09.04 12:38:58.989,0.79612,0.79621,1.50,1.58
2012.09.04 12:39:00.191,0.79614,0.79629,1.11,1.58
2012.09.04 12:39:00.260,0.79615,0.79629,1.11,1.58
2012.09.04 12:39:00.660,0.79617,0.79632,2.68,1.98
2012.09.04 12:39:01.227,0.79617,0.79632,3.43,1.98
2012.09.04 12:39:01.819,0.79617,0.79632,2.68,1.98
2012.09.04 12:39:03.068,0.79617,0.79631,2.68,1.58
2012.09.04 12:39:03.140,0.79616,0.79628,1.86,1.58
2012.09.04 12:39:06.408,0.79617,0.79628,1.86,1.58
2012.09.04 12:39:06.720,0.79621,0.79628,1.50,1.58
2012.09.04 12:39:06.910,0.79621,0.79636,3.08,2.73
2012.09.04 12:39:07.160,0.79621,0.79636,2.33,2.73
2012.09.04 12:39:07.502,0.79618,0.79632,3.08,1.58
2012.09.04 12:39:09.686,0.79618,0.79632,1.50,1.58
2012.09.04 12:39:09.759,0.79621,0.79634,1.58,1.98
2012.09.04 12:39:10.332,0.79621,0.79636,2.33,1.98
2012.09.04 12:39:11.258,0.79621,0.79636,3.43,1.98
2012.09.04 12:39:15.163,0.79622,0.79636,1.50,1.58
2012.09.04 12:39:25.108,0.79621,0.79636,2.33,1.98
2012.09.04 12:39:25.178,0.79621,0.79636,1.58,2.73
2012.09.04 12:39:27.169,0.79621,0.79636,1.58,2.95
2012.09.04 12:39:27.549,0.79618,0.79632,3.08,1.58
2012.09.04 12:39:27.858,0.79617,0.79631,2.33,1.15
2012.09.04 12:39:27.989,0.79617,0.79629,1.58,2.25
2012.09.04 12:39:28.060,0.79617,0.79629,1.58,2.65
2012.09.04 12:39:28.559,0.79613,0.79628,2.33,2.20
2012.09.04 12:39:32.641,0.79613,0.79629,2.33,2.88
2012.09.04 12:39:38.738,0.79613,0.7963,3.43,2.95
2012.09.04 12:39:38.808,0.79614,0.7963,1.11,1.98
2012.09.04 12:39:39.751,0.79614,0.7963,1.11,1.98
2012.09.04 12:39:40.162,0.79613,0.79626,2.25,1.58
2012.09.04 12:39:40.501,0.79612,0.79623,2.33,1.58
2012.09.04 12:39:41.673,0.7961,0.79623,1.11,1.58
2012.09.04 12:39:41.823,0.7961,0.79625,1.11,1.98
2012.09.04 12:39:44.081,0.79609,0.79626,3.08,1.98
2012.09.04 12:39:44.209,0.79609,0.79626,3.08,1.98
2012.09.04 12:39:44.381,0.79613,0.79628,2.33,3.70
2012.09.04 12:39:45.439,0.79612,0.79623,1.11,1.58
2012.09.04 12:39:45.970,0.79612,0.79624,1.11,1.58
2012.09.04 12:39:48.109,0.79613,0.79626,2.33,1.58
2012.09.04 12:39:48.177,0.79612,0.79624,1.11,1.58
2012.09.04 12:39:50.528,0.79612,0.79625,1.11,1.58
2012.09.04 12:39:53.482,0.79612,0.79627,2.68,1.98
2012.09.04 12:39:54.084,0.79612,0.79626,1.11,1.58
2012.09.04 12:39:54.559,0.79612,0.79627,3.08,1.98
2012.09.04 12:39:54.930,0.79613,0.79627,1.11,1.58
2012.09.04 12:39:55.179,0.79612,0.79627,3.43,2.20
2012.09.04 12:39:55.551,0.79612,0.79624,1.11,1.58
2012.09.04 12:39:58.089,0.7961,0.79624,2.33,1.58
2012.09.04 12:40:08.697,0.7961,0.79624,1.58,2.33
2012.09.04 12:40:09.008,0.79606,0.79621,2.68,1.15
2012.09.04 12:40:09.330,0.79607,0.79623,1.50,2.20
2012.09.04 12:40:11.031,0.79606,0.79622,1.11,1.58
2012.09.04 12:40:13.197,0.79607,0.79622,1.11,1.58
2012.09.04 12:40:17.108,0.7961,0.79624,1.58,3.70
2012.09.04 12:40:19.020,0.79612,0.79627,1.58,3.70
2012.09.04 12:40:19.269,0.79612,0.79627,1.58,2.55
2012.09.04 12:40:20.640,0.79612,0.79627,1.58,1.58
2012.09.04 12:40:20.859,0.79612,0.79626,1.58,1.15
2012.09.04 12:40:21.763,0.79612,0.79626,1.58,2.13
2012.09.04 12:40:23.740,0.79612,0.79626,1.58,1.38
2012.09.04 12:40:25.238,0.79612,0.79626,1.58,2.13
2012.09.04 12:40:27.040,0.79612,0.79626,1.58,1.38
2012.09.04 12:40:29.488,0.79612,0.79626,1.58,1.38
2012.09.04 12:40:33.050,0.79612,0.79626,1.58,1.38
2012.09.04 12:40:34.948,0.7961,0.79624,1.11,1.58
2012.09.04 12:40:35.847,0.79611,0.79627,1.58,1.38
2012.09.04 12:40:45.488,0.79611,0.79628,1.58,2.20
2012.09.04 12:40:45.930,0.79612,0.79628,1.11,2.20
2012.09.04 12:40:49.570,0.79615,0.79629,1.58,1.98
2012.09.04 12:40:50.809,0.79615,0.7963,1.58,2.20
2012.09.04 12:40:52.171,0.79615,0.7963,2.33,2.20
2012.09.04 12:40:52.805,0.79616,0.7963,1.86,1.58
2012.09.04 12:40:53.479,0.79618,0.79632,1.58,1.15
2012.09.04 12:40:53.678,0.79615,0.79631,1.58,1.38
2012.09.04 12:40:54.230,0.79615,0.79631,1.93,1.38
2012.09.04 12:40:55.100,0.79615,0.7963,1.58,1.15
2012.09.04 12:40:55.747,0.79613,0.79628,1.93,2.20
2012.09.04 12:40:55.821,0.79616,0.79629,1.58,1.38
2012.09.04 12:40:57.520,0.79613,0.79628,1.93,2.20
2012.09.04 12:40:58.542,0.79613,0.79628,1.93,1.98
2012.09.04 12:40:59.480,0.79611,0.79625,1.86,1.58
2012.09.04 12:41:03.098,0.7961,0.79625,2.68,1.58
2012.09.04 12:41:03.618,0.79611,0.79625,1.50,1.58
2012.09.04 12:41:04.449,0.7961,0.79625,2.68,1.58
2012.09.04 12:41:05.171,0.79611,0.79625,1.50,1.58
2012.09.04 12:41:05.630,0.79612,0.79627,2.33,2.20
2012.09.04 12:41:06.199,0.79612,0.79629,2.68,3.70
2012.09.04 12:41:06.728,0.79612,0.79629,3.43,3.70
2012.09.04 12:41:07.698,0.79612,0.79629,4.18,2.95
2012.09.04 12:41:10.907,0.79613,0.79629,1.86,1.58
2012.09.04 12:41:11.159,0.79613,0.79629,1.11,1.58
2012.09.04 12:41:11.349,0.79618,0.79631,1.58,2.73
2012.09.04 12:41:11.909,0.79614,0.79631,2.33,2.95
2012.09.04 12:41:11.980,0.79614,0.79631,1.58,2.95
2012.09.04 12:41:12.489,0.79614,0.79631,2.33,2.95
2012.09.04 12:41:13.038,0.79615,0.79631,1.86,1.80
2012.09.04 12:41:13.559,0.79616,0.79631,1.11,2.20
2012.09.04 12:41:14.275,0.79617,0.79632,1.58,2.95
2012.09.04 12:41:14.599,0.7962,0.79635,2.33,2.20
2012.09.04 12:41:14.673,0.79623,0.79637,1.58,3.48
2012.09.04 12:41:15.250,0.79623,0.79637,1.93,1.15
2012.09.04 12:41:16.940,0.79623,0.79638,2.68,1.98
2012.09.04 12:41:23.006,0.79624,0.79638,1.11,1.58
2012.09.04 12:41:24.580,0.79626,0.79641,1.58,2.95
2012.09.04 12:41:24.889,0.79624,0.79637,1.11,1.58
2012.09.04 12:41:26.141,0.79622,0.79637,2.68,2.55
2012.09.04 12:41:26.535,0.79622,0.79634,1.11,1.58
2012.09.04 12:41:26.697,0.79622,0.79637,2.68,4.13
2012.09.04 12:41:35.638,0.79623,0.79635,1.11,1.58
2012.09.04 12:41:37.369,0.79621,0.79635,1.50,1.58
2012.09.04 12:41:38.402,0.79621,0.79635,1.50,1.80
2012.09.04 12:41:38.803,0.79622,0.79637,3.08,1.58
2012.09.04 12:41:40.460,0.79622,0.79637,2.33,1.98
2012.09.04 12:41:40.530,0.79622,0.79637,1.58,2.20
2012.09.04 12:41:40.672,0.7962,0.79634,3.08,1.15
2012.09.04 12:41:40.993,0.79616,0.79628,1.50,1.80
2012.09.04 12:41:41.508,0.79616,0.79631,1.50,1.38
2012.09.04 12:41:42.250,0.79615,0.79631,3.08,1.38
2012.09.04 12:41:43.232,0.79616,0.79632,1.86,3.70
2012.09.04 12:41:43.358,0.79617,0.79632,1.50,2.73
2012.09.04 12:41:45.350,0.79618,0.79632,1.50,1.98
2012.09.04 12:41:45.898,0.79621,0.79635,1.50,1.98
2012.09.04 12:41:48.668,0.79621,0.79633,1.50,1.98
2012.09.04 12:41:53.177,0.79619,0.79636,2.68,1.98
2012.09.04 12:41:58.863,0.79619,0.79636,2.68,1.98
2012.09.04 12:42:01.978,0.79619,0.79634,2.68,1.15
2012.09.04 12:42:02.110,0.79619,0.79631,1.58,2.88
2012.09.04 12:42:02.180,0.79616,0.79629,1.11,2.33
2012.09.04 12:42:06.499,0.79616,0.79631,2.33,1.38
2012.09.04 12:42:07.036,0.79614,0.79629,3.43,1.58
2012.09.04 12:42:14.746,0.79616,0.7963,2.33,1.98
2012.09.04 12:42:16.244,0.79613,0.7963,2.33,2.20
2012.09.04 12:42:16.850,0.79617,0.79632,1.58,2.95
2012.09.04 12:42:17.485,0.79618,0.79632,1.50,3.78
2012.09.04 12:42:17.690,0.79618,0.79632,3.08,1.58
2012.09.04 12:42:29.689,0.79618,0.79632,2.33,2.20
2012.09.04 12:42:29.833,0.79614,0.79631,3.43,1.98
2012.09.04 12:42:29.960,0.79614,0.79631,2.68,2.95
2012.09.04 12:42:30.274,0.79614,0.79629,2.33,1.38
2012.09.04 12:42:33.436,0.79612,0.79627,1.58,1.58
