2014.02.28 15:00:00.015,0.92209,0.92227,1.00,1.00
2014.02.28 15:00:00.065,0.92215,0.92227,1.00,1.00
2014.02.28 15:00:00.217,0.92211,0.92224,1.00,1.00
2014.02.28 15:00:00.520,0.92209,0.92224,1.00,1.00
2014.02.28 15:00:01.061,0.92213,0.92226,1.00,1.00
2014.02.28 15:00:01.365,0.92218,0.92226,1.00,1.00
2014.02.28 15:00:01.669,0.92223,0.92229,1.00,1.00
2014.02.28 15:00:01.972,0.92224,0.92237,1.00,1.38
2014.02.28 15:00:02.316,0.92224,0.92229,1.00,1.00
2014.02.28 15:00:02.729,0.92224,0.92237,1.00,1.00
2014.02.28 15:00:02.831,0.92228,0.92237,1.00,1.00
2014.02.28 15:00:02.932,0.9223,0.92237,1.00,1.00
2014.02.28 15:00:03.387,0.9223,0.92241,1.00,1.00
2014.02.28 15:00:03.437,0.92237,0.92241,1.00,1.00
2014.02.28 15:00:03.488,0.92233,0.92244,1.00,1.00
2014.02.28 15:00:03.539,0.9223,0.92244,1.00,1.00
2014.02.28 15:00:03.589,0.92228,0.92242,1.00,1.13
2014.02.28 15:00:03.892,0.92228,0.92236,1.00,1.00
2014.02.28 15:00:04.349,0.92228,0.92234,1.00,1.00
2014.02.28 15:00:04.500,0.9222,0.92234,1.00,1.50
2014.02.28 15:00:04.551,0.9222,0.92232,1.00,1.00
2014.02.28 15:00:04.601,0.92218,0.92232,1.50,1.00
2014.02.28 15:00:04.904,0.92218,0.92234,1.50,1.00
2014.02.28 15:00:05.056,0.92221,0.92236,1.00,1.00
2014.02.28 15:00:05.359,0.92219,0.92232,1.00,1.00
2014.02.28 15:00:05.924,0.92218,0.92231,1.50,1.00
2014.02.28 15:00:06.444,0.92219,0.92232,1.00,1.00
2014.02.28 15:00:06.961,0.92219,0.92231,1.00,1.00
2014.02.28 15:00:07.265,0.92223,0.92233,1.50,1.00
2014.02.28 15:00:07.467,0.9222,0.92233,1.00,1.00
2014.02.28 15:00:08.000,0.92219,0.92232,1.00,1.00
2014.02.28 15:00:08.386,0.92219,0.9223,1.00,1.00
2014.02.28 15:00:08.840,0.92219,0.92232,1.88,1.00
2014.02.28 15:00:09.043,0.92221,0.92232,1.00,1.00
2014.02.28 15:00:09.386,0.92223,0.92235,1.13,1.00
2014.02.28 15:00:09.689,0.92224,0.92237,1.00,2.25
2014.02.28 15:00:09.941,0.92225,0.92239,1.13,1.00
2014.02.28 15:00:09.992,0.92228,0.92239,1.00,1.00
2014.02.28 15:00:10.295,0.92227,0.92237,1.00,1.00
2014.02.28 15:00:10.804,0.92227,0.92236,1.00,2.10
2014.02.28 15:00:11.338,0.92227,0.92235,1.00,2.10
2014.02.28 15:00:11.623,0.92227,0.92237,1.00,2.85
2014.02.28 15:00:13.065,0.92225,0.92237,1.13,2.85
2014.02.28 15:00:13.318,0.92223,0.92236,1.88,2.10
2014.02.28 15:00:13.369,0.92223,0.92233,1.13,1.00
2014.02.28 15:00:13.671,0.92215,0.92222,2.10,1.00
2014.02.28 15:00:13.874,0.92208,0.92222,2.25,1.50
2014.02.28 15:00:13.924,0.92208,0.92222,2.62,1.50
2014.02.28 15:00:14.229,0.92219,0.92225,1.00,1.00
2014.02.28 15:00:14.382,0.92217,0.92227,1.50,2.10
2014.02.28 15:00:14.635,0.92217,0.92227,1.38,2.10
2014.02.28 15:00:15.145,0.92217,0.92228,1.00,2.10
2014.02.28 15:00:15.246,0.92217,0.92231,1.38,2.85
2014.02.28 15:00:15.347,0.9222,0.92231,1.00,2.10
2014.02.28 15:00:15.649,0.92219,0.92228,1.00,2.10
2014.02.28 15:00:16.053,0.92219,0.92231,1.00,2.85
2014.02.28 15:00:16.154,0.92223,0.92231,1.00,2.85
2014.02.28 15:00:17.191,0.92223,0.92229,1.00,2.10
2014.02.28 15:00:17.293,0.92218,0.92229,1.50,2.85
2014.02.28 15:00:17.394,0.92218,0.92229,1.88,2.10
2014.02.28 15:00:17.710,0.92223,0.92229,1.00,2.10
2014.02.28 15:00:17.760,0.92223,0.92231,1.00,2.10
2014.02.28 15:00:17.966,0.92225,0.92232,1.00,2.10
2014.02.28 15:00:18.268,0.92232,0.92238,1.38,2.10
2014.02.28 15:00:18.370,0.92234,0.92245,1.13,2.10
2014.02.28 15:00:18.642,0.92234,0.92243,1.13,2.10
2014.02.28 15:00:18.944,0.9223,0.92238,1.00,2.48
2014.02.28 15:00:18.995,0.92228,0.92238,1.00,3.23
2014.02.28 15:00:19.046,0.92226,0.92235,1.00,2.10
2014.02.28 15:00:19.096,0.92223,0.92233,1.13,1.00
2014.02.28 15:00:19.198,0.92223,0.92229,1.00,1.00
2014.02.28 15:00:19.299,0.92218,0.92229,1.13,1.00
2014.02.28 15:00:19.501,0.92218,0.92229,2.25,1.00
2014.02.28 15:00:20.026,0.92218,0.92228,1.38,1.00
2014.02.28 15:00:20.576,0.92218,0.92228,1.38,1.00
2014.02.28 15:00:20.628,0.92218,0.92231,1.38,1.50
2014.02.28 15:00:20.884,0.92218,0.92231,1.38,1.00
2014.02.28 15:00:21.189,0.92218,0.92229,1.00,1.50
2014.02.28 15:00:21.492,0.92218,0.92227,1.38,1.00
2014.02.28 15:00:21.593,0.9222,0.92229,1.00,1.50
2014.02.28 15:00:21.744,0.92218,0.92229,1.00,2.25
2014.02.28 15:00:22.271,0.92218,0.92228,1.38,1.00
2014.02.28 15:00:22.912,0.92223,0.92228,1.00,1.00
2014.02.28 15:00:23.266,0.92223,0.92232,1.00,2.85
2014.02.28 15:00:23.367,0.92223,0.9223,1.00,1.00
2014.02.28 15:00:23.620,0.92225,0.92236,1.88,2.10
2014.02.28 15:00:23.670,0.92225,0.92236,1.88,2.10
2014.02.28 15:00:23.872,0.92225,0.92236,1.88,2.10
2014.02.28 15:00:23.923,0.92225,0.92232,1.38,1.00
2014.02.28 15:00:24.024,0.9222,0.92225,2.10,1.00
2014.02.28 15:00:24.175,0.92218,0.92225,1.00,1.00
2014.02.28 15:00:24.226,0.92218,0.92226,1.38,2.10
2014.02.28 15:00:24.277,0.92218,0.92228,1.38,2.85
2014.02.28 15:00:24.441,0.92223,0.92232,1.38,2.10
2014.02.28 15:00:24.594,0.92223,0.92232,1.38,2.10
2014.02.28 15:00:24.976,0.92223,0.92232,1.00,2.10
2014.02.28 15:00:25.027,0.92223,0.92234,1.00,1.00
2014.02.28 15:00:25.178,0.92223,0.92232,1.38,2.10
2014.02.28 15:00:25.489,0.92223,0.92228,1.00,1.00
2014.02.28 15:00:26.545,0.92223,0.92231,1.50,1.00
2014.02.28 15:00:26.596,0.92223,0.92232,1.50,1.00
2014.02.28 15:00:26.647,0.92223,0.92232,1.13,1.00
2014.02.28 15:00:26.747,0.92228,0.92235,1.00,1.50
2014.02.28 15:00:26.949,0.92224,0.92236,1.88,2.85
2014.02.28 15:00:27.352,0.92224,0.92234,1.13,1.00
2014.02.28 15:00:27.655,0.92228,0.92232,1.00,1.00
2014.02.28 15:00:27.756,0.92228,0.92234,1.00,2.10
2014.02.28 15:00:27.807,0.92228,0.92236,1.00,2.85
2014.02.28 15:00:27.908,0.92223,0.92235,1.88,1.00
2014.02.28 15:00:28.009,0.92222,0.92234,1.13,2.85
2014.02.28 15:00:28.823,0.92225,0.92234,1.75,2.85
2014.02.28 15:00:29.026,0.92236,0.92247,1.13,3.60
2014.02.28 15:00:29.228,0.92235,0.92243,1.00,1.00
2014.02.28 15:00:29.329,0.9223,0.92241,1.13,1.00
2014.02.28 15:00:29.431,0.92228,0.9224,1.88,2.10
2014.02.28 15:00:29.481,0.9223,0.9224,1.00,2.10
2014.02.28 15:00:29.784,0.92234,0.92239,1.00,2.10
2014.02.28 15:00:29.835,0.92234,0.92239,1.13,2.10
2014.02.28 15:00:29.885,0.92233,0.92239,1.88,2.10
2014.02.28 15:00:30.087,0.92239,0.92246,1.00,2.10
2014.02.28 15:00:30.491,0.92233,0.92244,1.38,2.10
2014.02.28 15:00:30.643,0.92235,0.92247,1.13,3.00
2014.02.28 15:00:30.694,0.92236,0.92245,1.00,1.00
2014.02.28 15:00:30.998,0.92236,0.92247,1.00,1.50
2014.02.28 15:00:31.049,0.92238,0.92247,1.00,1.50
2014.02.28 15:00:31.353,0.92227,0.92236,1.88,1.00
2014.02.28 15:00:32.413,0.92224,0.9223,1.13,2.10
2014.02.28 15:00:32.565,0.92222,0.9223,1.00,2.10
2014.02.28 15:00:32.616,0.92222,0.92227,1.00,2.10
2014.02.28 15:00:32.667,0.92217,0.92228,1.38,2.10
2014.02.28 15:00:32.870,0.92222,0.9223,1.38,2.10
2014.02.28 15:00:33.173,0.92225,0.92233,1.00,1.50
2014.02.28 15:00:33.224,0.92223,0.92233,1.50,1.50
2014.02.28 15:00:33.425,0.92223,0.9223,1.50,1.00
2014.02.28 15:00:35.464,0.92223,0.9223,1.88,1.00
2014.02.28 15:00:36.452,0.92223,0.9223,1.13,1.00
2014.02.28 15:00:37.238,0.92221,0.92229,1.38,2.10
2014.02.28 15:00:37.803,0.92221,0.9223,1.38,1.00
2014.02.28 15:00:40.655,0.9222,0.9223,1.38,1.00
2014.02.28 15:00:40.856,0.92223,0.92232,1.88,1.00
2014.02.28 15:00:40.907,0.92223,0.92234,1.88,1.00
2014.02.28 15:00:41.009,0.92223,0.92234,1.88,1.00
2014.02.28 15:00:41.386,0.92223,0.92232,1.38,1.00
2014.02.28 15:00:41.437,0.92223,0.92232,1.38,1.00
2014.02.28 15:00:41.739,0.92223,0.92233,1.38,1.00
2014.02.28 15:00:42.367,0.92223,0.92233,1.88,1.00
2014.02.28 15:00:42.880,0.92223,0.92232,1.38,1.00
2014.02.28 15:00:43.383,0.92223,0.92233,1.88,1.00
2014.02.28 15:00:44.858,0.92223,0.92233,2.63,1.00
2014.02.28 15:00:45.009,0.92233,0.92239,1.00,1.50
2014.02.28 15:00:45.060,0.92233,0.92239,1.00,1.50
2014.02.28 15:00:45.161,0.92238,0.92246,1.38,2.85
2014.02.28 15:00:45.262,0.92238,0.92249,1.00,3.98
2014.02.28 15:00:45.363,0.92236,0.92247,1.00,1.00
2014.02.28 15:00:45.666,0.92236,0.92247,1.88,1.00
2014.02.28 15:00:45.767,0.92238,0.9225,1.88,3.60
2014.02.28 15:00:45.868,0.92238,0.92247,1.38,1.00
2014.02.28 15:00:45.919,0.92238,0.92247,1.38,1.00
2014.02.28 15:00:46.837,0.92238,0.92247,1.13,1.00
2014.02.28 15:00:46.888,0.92236,0.92242,1.88,1.00
2014.02.28 15:00:47.417,0.92234,0.92242,1.38,1.00
2014.02.28 15:00:47.930,0.92232,0.92242,3.00,1.00
2014.02.28 15:00:48.490,0.92233,0.92242,1.38,1.00
2014.02.28 15:00:48.907,0.92233,0.92242,1.38,1.00
2014.02.28 15:00:49.008,0.92233,0.92242,1.38,1.00
2014.02.28 15:00:49.261,0.92236,0.92242,1.00,1.00
2014.02.28 15:00:49.793,0.92231,0.92242,1.13,1.00
2014.02.28 15:00:49.843,0.92231,0.92237,1.13,1.00
2014.02.28 15:00:49.945,0.92231,0.92242,1.38,3.60
2014.02.28 15:00:50.550,0.92232,0.92242,1.38,1.00
2014.02.28 15:00:51.079,0.92231,0.92242,1.38,1.50
2014.02.28 15:00:51.815,0.9223,0.92241,1.38,2.10
2014.02.28 15:00:52.124,0.92229,0.92241,1.88,2.10
2014.02.28 15:00:52.639,0.92229,0.92242,1.88,2.25
2014.02.28 15:00:54.346,0.92229,0.92241,1.38,1.00
2014.02.28 15:00:54.913,0.9223,0.92242,1.38,3.60
2014.02.28 15:00:55.148,0.9223,0.92239,1.38,1.00
2014.02.28 15:00:55.299,0.9223,0.92237,1.00,1.00
2014.02.28 15:00:55.350,0.92223,0.92232,3.98,1.00
2014.02.28 15:00:55.502,0.92225,0.92232,1.13,1.00
2014.02.28 15:00:55.684,0.92225,0.92235,1.38,2.10
2014.02.28 15:00:56.244,0.92225,0.92236,1.38,2.10
2014.02.28 15:00:56.565,0.92223,0.92233,1.88,1.00
2014.02.28 15:00:57.176,0.92225,0.92233,1.38,1.00
2014.02.28 15:00:57.277,0.92228,0.92237,1.38,1.00
2014.02.28 15:00:57.378,0.92228,0.92238,1.38,1.00
2014.02.28 15:00:57.640,0.92228,0.92241,1.38,3.60
2014.02.28 15:00:58.926,0.92229,0.92241,1.13,3.60
2014.02.28 15:00:58.977,0.92229,0.92239,1.13,1.00
2014.02.28 15:00:59.735,0.92233,0.9224,1.00,1.00
2014.02.28 15:00:59.786,0.92233,0.92243,1.00,4.35
2014.02.28 15:00:59.887,0.92233,0.92243,1.38,3.60
2014.02.28 15:01:00.429,0.92233,0.92244,1.88,1.00
2014.02.28 15:01:00.580,0.92233,0.92246,1.88,1.50
2014.02.28 15:01:00.682,0.92235,0.92246,1.88,1.00
2014.02.28 15:01:00.984,0.92243,0.92251,1.00,1.00
2014.02.28 15:01:01.534,0.92243,0.92251,1.38,1.00
2014.02.28 15:01:02.072,0.92242,0.92252,1.38,1.50
2014.02.28 15:01:02.610,0.92242,0.92252,1.88,1.50
2014.02.28 15:01:03.320,0.92242,0.92252,1.88,1.50
2014.02.28 15:01:04.063,0.92242,0.92252,1.88,1.50
2014.02.28 15:01:04.615,0.92243,0.92252,1.38,1.50
2014.02.28 15:01:05.167,0.92243,0.92252,1.00,1.50
2014.02.28 15:01:06.193,0.92245,0.92252,1.00,1.00
2014.02.28 15:01:06.346,0.92245,0.92255,1.38,2.85
2014.02.28 15:01:06.397,0.92247,0.92255,1.38,2.85
2014.02.28 15:01:06.598,0.92249,0.92257,1.00,1.50
2014.02.28 15:01:06.699,0.92247,0.92257,1.00,1.50
2014.02.28 15:01:06.952,0.92247,0.92257,1.88,3.60
2014.02.28 15:01:07.153,0.92247,0.92257,1.88,3.60
2014.02.28 15:01:07.781,0.92249,0.92257,1.00,2.85
2014.02.28 15:01:07.882,0.92251,0.92257,1.00,1.00
2014.02.28 15:01:08.386,0.9225,0.92257,1.13,1.00
2014.02.28 15:01:10.043,0.9225,0.92257,1.88,1.00
2014.02.28 15:01:10.398,0.92253,0.92261,1.13,1.00
2014.02.28 15:01:10.499,0.92258,0.92262,1.00,1.00
2014.02.28 15:01:10.751,0.92263,0.92269,1.38,1.00
2014.02.28 15:01:10.802,0.92262,0.92271,1.13,2.85
2014.02.28 15:01:11.256,0.92259,0.92272,3.60,1.38
2014.02.28 15:01:11.306,0.92261,0.92272,1.00,1.38
2014.02.28 15:01:11.618,0.9226,0.92267,1.13,1.00
2014.02.28 15:01:11.720,0.9226,0.92272,1.13,1.00
2014.02.28 15:01:11.771,0.92261,0.92272,1.38,1.00
2014.02.28 15:01:12.125,0.92264,0.92272,1.38,1.00
2014.02.28 15:01:12.639,0.92264,0.92272,1.13,1.00
2014.02.28 15:01:13.042,0.92266,0.92272,1.00,1.00
2014.02.28 15:01:13.345,0.92269,0.92277,1.00,1.00
2014.02.28 15:01:13.921,0.92269,0.92277,1.00,1.50
2014.02.28 15:01:14.081,0.92269,0.92277,1.38,1.00
2014.02.28 15:01:14.383,0.92272,0.92282,1.38,1.00
2014.02.28 15:01:14.434,0.92276,0.92282,1.13,1.00
2014.02.28 15:01:14.938,0.92277,0.92282,1.00,1.00
2014.02.28 15:01:15.293,0.92273,0.92282,1.38,1.00
2014.02.28 15:01:15.645,0.92279,0.92286,1.00,1.00
2014.02.28 15:01:15.696,0.92279,0.92286,1.00,1.00
2014.02.28 15:01:16.334,0.92277,0.92285,1.13,1.00
2014.02.28 15:01:16.486,0.92272,0.9228,1.38,1.00
2014.02.28 15:01:16.537,0.92271,0.92278,3.00,1.00
2014.02.28 15:01:16.588,0.92271,0.92282,3.00,1.00
2014.02.28 15:01:16.941,0.92274,0.92282,1.38,1.00
2014.02.28 15:01:17.403,0.92273,0.92282,3.98,1.00
2014.02.28 15:01:17.908,0.92273,0.92277,1.13,1.00
2014.02.28 15:01:17.959,0.92271,0.92277,1.88,1.00
2014.02.28 15:01:18.161,0.92267,0.92277,1.00,1.00
2014.02.28 15:01:18.211,0.9227,0.92277,1.00,1.00
2014.02.28 15:01:18.753,0.92271,0.92277,1.00,1.00
2014.02.28 15:01:19.208,0.92269,0.92277,1.13,1.00
2014.02.28 15:01:20.082,0.92267,0.92277,1.13,1.50
2014.02.28 15:01:20.234,0.92267,0.92275,1.13,1.00
2014.02.28 15:01:20.285,0.92263,0.92275,1.38,1.00
2014.02.28 15:01:20.336,0.92262,0.92272,1.38,1.00
2014.02.28 15:01:20.387,0.92261,0.92272,1.38,2.85
2014.02.28 15:01:20.740,0.92263,0.92272,1.38,3.60
2014.02.28 15:01:20.943,0.92262,0.92272,1.00,1.50
2014.02.28 15:01:21.195,0.9226,0.9227,1.00,1.00
2014.02.28 15:01:21.296,0.92256,0.92269,1.88,2.85
2014.02.28 15:01:21.347,0.92256,0.92266,1.13,1.00
2014.02.28 15:01:21.652,0.92258,0.92266,1.00,1.00
2014.02.28 15:01:21.754,0.92256,0.92266,1.13,1.00
2014.02.28 15:01:23.417,0.92256,0.92264,1.00,1.00
2014.02.28 15:01:23.720,0.92258,0.92264,1.38,2.10
2014.02.28 15:01:23.821,0.92258,0.92266,1.38,1.00
2014.02.28 15:01:24.333,0.92258,0.92266,1.13,1.00
2014.02.28 15:01:24.776,0.92258,0.92268,1.13,2.85
2014.02.28 15:01:25.144,0.92258,0.92268,1.38,2.85
2014.02.28 15:01:25.765,0.92259,0.92271,1.38,4.35
2014.02.28 15:01:25.866,0.92259,0.92269,1.13,1.00
2014.02.28 15:01:26.804,0.92259,0.92269,1.38,1.00
2014.02.28 15:01:27.123,0.92263,0.92269,1.13,1.00
2014.02.28 15:01:27.555,0.92263,0.92273,1.13,1.00
2014.02.28 15:01:28.710,0.92264,0.92273,1.00,2.85
2014.02.28 15:01:29.013,0.92266,0.92273,1.00,1.00
2014.02.28 15:01:29.063,0.92266,0.92275,1.00,2.85
2014.02.28 15:01:29.906,0.92266,0.92276,1.00,1.00
2014.02.28 15:01:30.435,0.92265,0.92275,1.00,2.10
2014.02.28 15:01:30.637,0.92263,0.92274,1.50,1.50
2014.02.28 15:01:30.687,0.92263,0.92272,1.50,2.10
2014.02.28 15:01:31.453,0.92262,0.92272,1.50,2.85
2014.02.28 15:01:32.096,0.92262,0.92269,1.00,2.10
2014.02.28 15:01:32.146,0.9226,0.92268,1.00,1.00
2014.02.28 15:01:32.248,0.92258,0.92268,1.50,1.00
2014.02.28 15:01:32.809,0.92259,0.92268,1.00,1.00
2014.02.28 15:01:32.960,0.92259,0.92268,1.88,1.00
2014.02.28 15:01:33.251,0.92259,0.9227,1.38,3.23
2014.02.28 15:01:35.942,0.92264,0.9227,1.00,2.10
2014.02.28 15:01:36.093,0.92264,0.92273,1.38,1.00
2014.02.28 15:01:36.597,0.92268,0.92277,1.13,2.85
2014.02.28 15:01:36.698,0.92268,0.92272,1.00,1.00
2014.02.28 15:01:36.900,0.92265,0.92272,1.00,1.00
2014.02.28 15:01:36.950,0.92263,0.92268,1.13,1.00
2014.02.28 15:01:37.101,0.92262,0.92267,1.50,1.00
2014.02.28 15:01:37.752,0.92262,0.9227,1.00,3.23
2014.02.28 15:01:37.955,0.92258,0.92269,1.00,1.88
2014.02.28 15:01:38.157,0.92258,0.92267,1.00,1.00
2014.02.28 15:01:38.460,0.92261,0.92267,1.00,1.00
2014.02.28 15:01:39.005,0.9226,0.92267,1.13,1.00
2014.02.28 15:01:39.575,0.92259,0.92267,1.00,1.00
2014.02.28 15:01:40.022,0.92259,0.92268,1.00,1.00
2014.02.28 15:01:40.073,0.92253,0.92259,2.10,1.00
2014.02.28 15:01:40.174,0.92252,0.9226,1.00,2.48
2014.02.28 15:01:40.280,0.92252,0.92262,1.88,1.00
2014.02.28 15:01:40.490,0.92255,0.92262,1.00,1.00
2014.02.28 15:01:40.813,0.92255,0.92266,1.13,1.00
2014.02.28 15:01:40.914,0.92255,0.92264,1.13,1.00
2014.02.28 15:01:41.216,0.92258,0.92266,1.50,1.00
2014.02.28 15:01:41.521,0.92255,0.9226,1.00,1.00
2014.02.28 15:01:41.622,0.92256,0.92262,1.00,1.00
2014.02.28 15:01:41.774,0.92256,0.92266,1.00,1.00
2014.02.28 15:01:41.968,0.92258,0.92268,1.00,2.85
2014.02.28 15:01:42.271,0.92253,0.9226,1.50,2.10
2014.02.28 15:01:42.574,0.92253,0.92264,1.13,1.00
2014.02.28 15:01:42.776,0.92252,0.92262,1.00,1.00
2014.02.28 15:01:43.030,0.92253,0.92264,1.00,1.00
2014.02.28 15:01:43.534,0.92253,0.92263,1.00,2.10
2014.02.28 15:01:43.888,0.92255,0.92264,1.00,1.00
2014.02.28 15:01:44.190,0.92253,0.92262,1.50,2.85
2014.02.28 15:01:44.494,0.9225,0.9226,1.13,1.00
2014.02.28 15:01:45.952,0.92251,0.9226,1.00,1.00
2014.02.28 15:01:46.067,0.9225,0.92257,1.00,1.00
2014.02.28 15:01:46.117,0.92248,0.92257,1.00,1.00
2014.02.28 15:01:46.269,0.92249,0.92259,1.00,1.00
2014.02.28 15:01:46.801,0.92253,0.9226,1.00,1.00
2014.02.28 15:01:46.852,0.92255,0.92263,1.00,3.23
2014.02.28 15:01:47.004,0.92253,0.92262,2.25,1.00
2014.02.28 15:01:47.517,0.92252,0.92261,1.00,1.00
2014.02.28 15:01:47.820,0.92252,0.92259,1.00,1.00
2014.02.28 15:01:47.971,0.92253,0.92262,1.00,1.00
2014.02.28 15:01:48.123,0.92255,0.92261,1.00,1.00
2014.02.28 15:01:48.425,0.92249,0.92255,1.00,1.00
2014.02.28 15:01:49.144,0.92248,0.92256,1.00,1.50
2014.02.28 15:01:49.245,0.92248,0.92258,1.50,1.13
2014.02.28 15:01:50.416,0.92248,0.92258,1.88,1.13
2014.02.28 15:01:51.251,0.92248,0.92258,1.88,1.38
2014.02.28 15:01:51.964,0.92248,0.92258,1.88,1.38
2014.02.28 15:01:52.500,0.92248,0.92256,1.88,1.00
2014.02.28 15:01:53.629,0.92243,0.92253,2.25,1.38
2014.02.28 15:01:53.730,0.92242,0.92251,1.00,1.00
2014.02.28 15:01:53.781,0.92242,0.92251,1.00,3.23
2014.02.28 15:01:54.305,0.92243,0.92251,1.00,1.38
2014.02.28 15:01:55.098,0.92243,0.92251,1.00,1.00
2014.02.28 15:01:55.249,0.92243,0.92253,1.00,2.48
2014.02.28 15:01:55.594,0.92243,0.92254,1.38,1.00
2014.02.28 15:01:55.898,0.92248,0.92254,1.00,1.00
2014.02.28 15:01:56.201,0.92252,0.92258,1.13,1.00
2014.02.28 15:01:56.655,0.92251,0.92263,1.00,1.75
2014.02.28 15:01:56.756,0.92253,0.92262,1.00,1.00
2014.02.28 15:01:56.857,0.92255,0.92261,1.00,1.00
2014.02.28 15:01:56.958,0.92255,0.92263,1.00,1.00
2014.02.28 15:01:57.161,0.92253,0.92263,1.50,1.00
2014.02.28 15:01:57.362,0.92257,0.92263,1.00,1.00
2014.02.28 15:01:57.463,0.92254,0.92265,2.85,1.35
2014.02.28 15:01:57.564,0.92256,0.92266,2.10,1.35
2014.02.28 15:01:58.038,0.92257,0.92266,1.00,1.10
2014.02.28 15:01:58.577,0.92256,0.92267,2.85,1.85
2014.02.28 15:01:59.122,0.92256,0.92267,1.00,2.22
2014.02.28 15:01:59.223,0.92251,0.92261,1.00,1.13
2014.02.28 15:01:59.274,0.92251,0.92256,1.00,1.00
2014.02.28 15:01:59.325,0.92248,0.92256,1.00,2.85
2014.02.28 15:01:59.375,0.92243,0.92252,1.75,1.00
2014.02.28 15:01:59.476,0.9224,0.9225,2.78,1.00
2014.02.28 15:01:59.794,0.92243,0.92252,1.00,1.00
2014.02.28 15:02:00.098,0.9225,0.92255,1.00,1.00
2014.02.28 15:02:00.200,0.9225,0.92261,1.00,1.00
2014.02.28 15:02:00.402,0.9225,0.92263,1.88,1.00
2014.02.28 15:02:00.503,0.92252,0.92263,1.00,1.00
2014.02.28 15:02:01.007,0.92253,0.92264,1.00,1.00
2014.02.28 15:02:01.358,0.92252,0.92262,1.50,1.35
2014.02.28 15:02:01.459,0.9225,0.9226,1.00,1.10
2014.02.28 15:02:01.560,0.9225,0.92262,1.00,1.00
2014.02.28 15:02:02.097,0.9225,0.92263,1.00,1.50
2014.02.28 15:02:03.109,0.9225,0.92262,2.85,1.00
2014.02.28 15:02:04.442,0.92249,0.92262,6.45,1.88
2014.02.28 15:02:04.493,0.92249,0.9226,2.85,1.00
2014.02.28 15:02:05.011,0.92248,0.9226,1.00,1.00
2014.02.28 15:02:05.556,0.92249,0.9226,2.10,1.00
2014.02.28 15:02:06.083,0.92249,0.92262,2.10,3.38
2014.02.28 15:02:06.410,0.92248,0.92257,2.85,1.00
2014.02.28 15:02:07.044,0.92247,0.92257,2.10,1.00
2014.02.28 15:02:07.346,0.92249,0.92257,2.10,1.00
2014.02.28 15:02:07.599,0.92246,0.92257,4.95,1.00
2014.02.28 15:02:07.801,0.92248,0.92257,1.13,1.00
2014.02.28 15:02:08.995,0.92247,0.92257,1.88,1.00
2014.02.28 15:02:09.298,0.92243,0.92252,2.10,1.00
2014.02.28 15:02:09.399,0.92241,0.92252,1.13,1.00
2014.02.28 15:02:09.912,0.92241,0.92249,1.00,1.00
2014.02.28 15:02:09.963,0.92239,0.92249,1.88,1.00
2014.02.28 15:02:10.249,0.92242,0.92249,1.00,1.00
2014.02.28 15:02:10.454,0.92242,0.92251,1.00,1.50
2014.02.28 15:02:10.784,0.9224,0.92251,1.13,1.50
2014.02.28 15:02:11.585,0.9224,0.9225,1.00,1.00
2014.02.28 15:02:11.887,0.92238,0.92249,1.88,1.00
2014.02.28 15:02:12.071,0.92238,0.92249,1.88,1.00
2014.02.28 15:02:12.402,0.92238,0.92249,1.13,1.00
2014.02.28 15:02:13.753,0.92238,0.92251,1.88,1.13
2014.02.28 15:02:13.804,0.92238,0.92249,1.88,1.00
2014.02.28 15:02:13.955,0.92234,0.92246,2.85,1.13
2014.02.28 15:02:14.006,0.92234,0.92242,1.00,1.00
2014.02.28 15:02:14.208,0.92233,0.92244,2.63,1.00
2014.02.28 15:02:14.309,0.92235,0.92245,1.00,1.50
2014.02.28 15:02:14.461,0.92233,0.92244,1.13,1.00
2014.02.28 15:02:14.744,0.92236,0.92244,1.00,1.00
2014.02.28 15:02:14.795,0.92236,0.92247,1.00,1.00
2014.02.28 15:02:14.947,0.92238,0.92247,1.13,1.00
2014.02.28 15:02:15.250,0.92238,0.92248,1.38,1.50
2014.02.28 15:02:15.301,0.92237,0.92247,1.38,1.00
2014.02.28 15:02:15.364,0.92237,0.92247,1.38,1.00
2014.02.28 15:02:15.717,0.92238,0.92248,1.13,1.50
2014.02.28 15:02:16.257,0.92238,0.92248,1.38,1.50
2014.02.28 15:02:16.947,0.92238,0.92248,1.38,1.50
2014.02.28 15:02:17.203,0.92238,0.92248,1.38,1.88
2014.02.28 15:02:17.254,0.92237,0.92245,1.00,1.50
2014.02.28 15:02:17.355,0.92234,0.92242,1.38,1.00
2014.02.28 15:02:17.456,0.92234,0.92245,1.38,1.88
2014.02.28 15:02:17.658,0.92237,0.92247,1.13,2.25
2014.02.28 15:02:18.264,0.92236,0.92244,1.38,1.00
2014.02.28 15:02:18.466,0.92232,0.92242,4.20,1.50
2014.02.28 15:02:18.517,0.92231,0.9224,3.23,1.00
2014.02.28 15:02:18.650,0.92231,0.92242,1.13,1.50
2014.02.28 15:02:19.027,0.92231,0.92242,1.38,1.50
2014.02.28 15:02:19.552,0.92233,0.92245,1.88,1.00
2014.02.28 15:02:20.056,0.92236,0.92246,1.38,1.00
2014.02.28 15:02:20.376,0.92236,0.92244,1.00,1.00
2014.02.28 15:02:20.427,0.92234,0.92244,2.85,1.00
2014.02.28 15:02:20.478,0.92234,0.92242,2.85,1.00
2014.02.28 15:02:20.579,0.92232,0.92242,1.00,1.00
2014.02.28 15:02:21.238,0.92232,0.92242,1.38,1.50
2014.02.28 15:02:22.503,0.92232,0.92242,1.13,1.50
2014.02.28 15:02:22.942,0.92232,0.92242,1.38,1.50
2014.02.28 15:02:23.246,0.92232,0.9224,1.13,1.00
2014.02.28 15:02:23.549,0.92234,0.92242,1.38,1.50
2014.02.28 15:02:23.751,0.92234,0.92244,1.38,1.50
2014.02.28 15:02:23.932,0.92234,0.92242,1.38,1.00
2014.02.28 15:02:23.983,0.92234,0.92243,1.13,1.00
2014.02.28 15:02:24.501,0.9223,0.92242,1.38,2.25
2014.02.28 15:02:25.051,0.9223,0.92242,1.88,1.50
2014.02.28 15:02:25.206,0.9223,0.92241,1.13,1.00
2014.02.28 15:02:25.862,0.9223,0.9224,1.38,1.00
2014.02.28 15:02:26.523,0.9223,0.9224,1.13,1.00
2014.02.28 15:02:27.099,0.9223,0.9224,1.38,1.00
2014.02.28 15:02:27.150,0.92227,0.92237,1.38,1.00
2014.02.28 15:02:27.352,0.92227,0.92237,1.00,1.00
2014.02.28 15:02:27.453,0.92227,0.92237,1.38,1.00
2014.02.28 15:02:27.671,0.92227,0.92237,1.13,1.00
2014.02.28 15:02:28.161,0.92227,0.92237,1.38,1.00
2014.02.28 15:02:29.265,0.92224,0.92232,3.60,1.00
2014.02.28 15:02:29.416,0.92222,0.92232,1.00,2.25
2014.02.28 15:02:30.234,0.92223,0.92232,1.00,1.00
2014.02.28 15:02:30.336,0.92223,0.92234,1.38,1.50
2014.02.28 15:02:30.639,0.92224,0.92236,1.88,1.00
2014.02.28 15:02:31.144,0.92223,0.92235,1.38,1.00
2014.02.28 15:02:31.446,0.92224,0.92237,3.23,2.25
2014.02.28 15:02:31.760,0.92227,0.92237,1.38,1.00
2014.02.28 15:02:32.012,0.92228,0.9224,1.38,2.25
2014.02.28 15:02:32.113,0.92233,0.9224,1.00,1.00
2014.02.28 15:02:32.315,0.9223,0.92242,2.48,2.25
2014.02.28 15:02:32.416,0.92231,0.92242,1.13,2.25
2014.02.28 15:02:32.467,0.92233,0.92242,1.00,1.00
2014.02.28 15:02:32.871,0.9223,0.92242,1.38,2.25
2014.02.28 15:02:33.260,0.92228,0.92242,4.35,3.00
2014.02.28 15:02:33.411,0.92228,0.9224,2.63,1.00
2014.02.28 15:02:33.932,0.92227,0.92239,1.38,1.00
2014.02.28 15:02:34.482,0.92227,0.9224,1.88,1.00
2014.02.28 15:02:34.818,0.92227,0.92239,1.13,1.60
2014.02.28 15:02:35.121,0.92225,0.92236,1.00,1.73
2014.02.28 15:02:35.622,0.92224,0.92236,2.48,1.35
2014.02.28 15:02:35.971,0.92226,0.92236,1.13,1.35
2014.02.28 15:02:36.317,0.92228,0.92238,1.38,1.00
2014.02.28 15:02:36.825,0.9223,0.92238,1.38,1.00
2014.02.28 15:02:36.875,0.9223,0.92241,1.75,1.50
2014.02.28 15:02:36.926,0.92231,0.92241,1.50,1.50
2014.02.28 15:02:37.027,0.9223,0.92241,1.50,1.00
2014.02.28 15:02:37.531,0.9223,0.92242,3.60,1.00
2014.02.28 15:02:37.694,0.9223,0.92241,2.48,1.98
2014.02.28 15:02:37.997,0.92226,0.92237,2.48,1.00
2014.02.28 15:02:38.098,0.92225,0.92237,1.88,1.13
2014.02.28 15:02:38.149,0.92225,0.92237,2.25,1.00
2014.02.28 15:02:38.502,0.92229,0.92238,2.48,1.00
2014.02.28 15:02:39.066,0.92229,0.92238,3.23,1.00
2014.02.28 15:02:39.775,0.92229,0.92238,3.23,1.00
2014.02.28 15:02:40.214,0.92229,0.9224,3.23,1.00
2014.02.28 15:02:40.466,0.92229,0.9224,3.23,1.00
2014.02.28 15:02:40.769,0.92231,0.9224,3.98,1.00
2014.02.28 15:02:40.874,0.92231,0.9224,3.98,1.00
2014.02.28 15:02:41.227,0.92228,0.9224,1.50,2.48
2014.02.28 15:02:41.718,0.9223,0.9224,1.00,2.48
2014.02.28 15:02:42.021,0.92227,0.92238,1.00,1.60
2014.02.28 15:02:42.324,0.92222,0.92231,1.00,1.00
2014.02.28 15:02:42.838,0.92221,0.92231,1.10,1.00
2014.02.28 15:02:43.041,0.92219,0.92231,1.13,1.00
2014.02.28 15:02:43.142,0.92221,0.92231,1.00,1.00
2014.02.28 15:02:44.010,0.92223,0.92231,1.00,1.00
2014.02.28 15:02:44.674,0.9222,0.92231,2.10,1.00
2014.02.28 15:02:45.277,0.92219,0.9223,1.38,1.00
2014.02.28 15:02:45.327,0.92219,0.92227,1.38,1.00
2014.02.28 15:02:45.428,0.92217,0.92227,2.82,1.50
2014.02.28 15:02:45.479,0.92215,0.92224,2.22,1.00
2014.02.28 15:02:45.580,0.92213,0.92224,3.98,1.00
2014.02.28 15:02:45.631,0.92213,0.92224,1.88,1.00
2014.02.28 15:02:49.119,0.92213,0.92224,1.00,2.85
2014.02.28 15:02:49.170,0.9221,0.92217,2.85,1.00
2014.02.28 15:02:49.384,0.92208,0.9222,2.60,1.13
2014.02.28 15:02:50.009,0.92208,0.92222,5.82,2.63
2014.02.28 15:02:50.819,0.92208,0.92222,5.48,2.25
2014.02.28 15:02:51.223,0.9221,0.92222,3.23,1.50
2014.02.28 15:02:51.273,0.92214,0.92224,3.23,1.00
2014.02.28 15:02:51.550,0.92215,0.92224,1.73,1.00
2014.02.28 15:02:51.863,0.92218,0.92224,1.00,1.00
2014.02.28 15:02:52.142,0.92218,0.92229,1.00,1.00
2014.02.28 15:02:52.243,0.92216,0.92227,4.20,1.00
2014.02.28 15:02:52.596,0.9222,0.92229,1.00,2.85
2014.02.28 15:02:52.902,0.92216,0.92227,3.60,1.00
2014.02.28 15:02:53.544,0.92215,0.92227,1.13,1.13
2014.02.28 15:02:55.088,0.92216,0.9223,1.00,4.35
2014.02.28 15:02:55.240,0.92216,0.92222,2.85,1.00
2014.02.28 15:02:55.341,0.92213,0.92222,1.50,1.00
2014.02.28 15:02:55.644,0.92213,0.92225,2.63,1.00
2014.02.28 15:02:55.745,0.92213,0.92222,1.50,1.00
2014.02.28 15:02:55.997,0.9221,0.92222,2.85,1.88
2014.02.28 15:02:56.323,0.92208,0.92217,1.50,1.00
2014.02.28 15:02:57.059,0.92208,0.92222,2.25,5.33
2014.02.28 15:02:57.110,0.9221,0.92222,1.00,3.98
2014.02.28 15:02:57.261,0.9221,0.92222,1.00,1.88
2014.02.28 15:02:58.853,0.92212,0.92222,1.00,1.13
2014.02.28 15:03:00.233,0.92212,0.92222,1.00,1.88
2014.02.28 15:03:00.748,0.92212,0.92222,1.00,1.50
2014.02.28 15:03:01.684,0.92211,0.92222,2.85,1.00
2014.02.28 15:03:02.360,0.92213,0.92223,1.00,1.00
2014.02.28 15:03:02.612,0.92214,0.92226,1.00,1.38
2014.02.28 15:03:02.713,0.92213,0.92219,2.48,1.00
2014.02.28 15:03:02.814,0.92201,0.92214,2.18,1.00
2014.02.28 15:03:02.865,0.92198,0.9221,1.00,1.00
2014.02.28 15:03:02.966,0.92198,0.9221,1.50,1.38
2014.02.28 15:03:03.117,0.92198,0.92207,2.10,1.38
2014.02.28 15:03:03.369,0.92194,0.92204,2.10,1.13
2014.02.28 15:03:03.420,0.92194,0.92204,2.10,1.38
2014.02.28 15:03:03.672,0.92192,0.92202,1.00,1.13
2014.02.28 15:03:03.874,0.92193,0.92204,1.00,1.50
2014.02.28 15:03:03.975,0.92195,0.92204,1.00,1.00
2014.02.28 15:03:04.278,0.92198,0.92205,1.00,1.00
2014.02.28 15:03:04.480,0.92195,0.92205,1.13,1.00
2014.02.28 15:03:05.051,0.92195,0.92207,1.13,1.88
2014.02.28 15:03:05.151,0.92194,0.92205,1.00,1.00
2014.02.28 15:03:05.681,0.92193,0.92205,1.50,1.50
2014.02.28 15:03:06.185,0.92193,0.92206,4.35,1.38
2014.02.28 15:03:06.589,0.92193,0.92205,1.88,1.50
2014.02.28 15:03:07.124,0.92193,0.92204,1.50,1.13
2014.02.28 15:03:08.792,0.92193,0.92203,1.50,1.00
2014.02.28 15:03:08.842,0.92195,0.92203,1.00,1.13
2014.02.28 15:03:09.380,0.92195,0.92202,1.00,1.13
2014.02.28 15:03:09.431,0.92191,0.92202,1.00,1.13
2014.02.28 15:03:09.632,0.92191,0.92197,1.00,1.00
2014.02.28 15:03:09.934,0.92189,0.922,1.13,1.10
2014.02.28 15:03:10.237,0.92191,0.92203,3.23,2.22
2014.02.28 15:03:10.562,0.92195,0.92202,1.00,1.35
2014.02.28 15:03:10.713,0.92191,0.92202,1.00,1.72
2014.02.28 15:03:10.991,0.92191,0.92202,1.00,1.13
2014.02.28 15:03:11.193,0.92193,0.92202,1.00,1.00
2014.02.28 15:03:11.524,0.92195,0.92202,1.00,1.00
2014.02.28 15:03:11.928,0.92195,0.92206,1.13,1.00
2014.02.28 15:03:12.331,0.92197,0.92207,1.00,1.47
2014.02.28 15:03:12.936,0.92197,0.92202,1.00,1.00
2014.02.28 15:03:12.987,0.92191,0.92202,1.50,3.23
2014.02.28 15:03:13.368,0.92191,0.92197,1.00,1.00
2014.02.28 15:03:13.570,0.92191,0.92199,1.00,1.00
2014.02.28 15:03:13.823,0.92192,0.92201,1.00,1.00
2014.02.28 15:03:14.658,0.92193,0.92203,1.00,3.98
2014.02.28 15:03:15.180,0.92193,0.92203,1.00,3.98
2014.02.28 15:03:15.763,0.92193,0.92203,1.00,1.88
2014.02.28 15:03:16.266,0.92194,0.92203,1.00,1.00
2014.02.28 15:03:16.569,0.92198,0.92207,1.00,3.83
2014.02.28 15:03:16.670,0.92194,0.92207,1.00,4.58
2014.02.28 15:03:17.515,0.92194,0.92205,1.00,2.48
2014.02.28 15:03:17.616,0.92194,0.92206,1.00,3.08
2014.02.28 15:03:18.159,0.92194,0.92205,1.00,1.38
2014.02.28 15:03:18.412,0.92194,0.92207,1.38,1.88
2014.02.28 15:03:18.462,0.92197,0.92207,1.00,1.88
2014.02.28 15:03:18.815,0.92198,0.92207,1.00,1.38
2014.02.28 15:03:18.966,0.92198,0.92207,1.00,1.38
2014.02.28 15:03:19.491,0.92198,0.92207,1.00,1.13
2014.02.28 15:03:20.176,0.92198,0.92207,1.00,1.50
2014.02.28 15:03:20.277,0.92198,0.92207,1.00,3.60
2014.02.28 15:03:20.630,0.92203,0.92207,1.00,1.00
2014.02.28 15:03:20.731,0.92198,0.92207,1.00,1.00
2014.02.28 15:03:20.832,0.92203,0.92209,1.00,1.50
2014.02.28 15:03:21.084,0.92198,0.92208,1.50,1.13
2014.02.28 15:03:21.302,0.92198,0.92209,1.00,2.85
2014.02.28 15:03:21.807,0.92198,0.92207,1.50,1.00
2014.02.28 15:03:22.232,0.92195,0.92207,1.00,1.88
2014.02.28 15:03:22.283,0.92198,0.92207,1.00,1.13
2014.02.28 15:03:23.382,0.92195,0.92207,1.00,1.50
2014.02.28 15:03:23.838,0.92195,0.92205,1.00,2.10
2014.02.28 15:03:24.192,0.922,0.92207,1.00,1.88
2014.02.28 15:03:24.344,0.92203,0.9221,1.00,1.00
2014.02.28 15:03:24.446,0.92204,0.92212,1.38,1.00
2014.02.28 15:03:24.496,0.92205,0.92215,1.13,1.00
2014.02.28 15:03:24.597,0.92208,0.92217,1.00,1.00
2014.02.28 15:03:24.799,0.9221,0.92222,1.13,2.85
2014.02.28 15:03:25.103,0.92213,0.92222,1.00,1.50
2014.02.28 15:03:25.611,0.92213,0.92224,2.25,1.07
2014.02.28 15:03:25.914,0.92212,0.9222,1.00,1.00
2014.02.28 15:03:26.217,0.92212,0.92222,1.00,1.00
2014.02.28 15:03:26.369,0.92212,0.9222,1.00,1.00
2014.02.28 15:03:26.470,0.92212,0.92222,1.00,1.00
2014.02.28 15:03:26.571,0.92212,0.9222,1.00,1.00
2014.02.28 15:03:26.672,0.92212,0.92222,1.00,1.00
2014.02.28 15:03:26.925,0.92219,0.92223,1.00,1.00
2014.02.28 15:03:27.026,0.92218,0.92226,1.00,1.00
2014.02.28 15:03:27.077,0.92216,0.92227,1.13,1.00
2014.02.28 15:03:27.178,0.92218,0.92227,1.00,1.00
2014.02.28 15:03:27.745,0.92222,0.92227,1.00,1.00
2014.02.28 15:03:27.796,0.92222,0.92231,1.00,3.54
2014.02.28 15:03:27.897,0.9222,0.92231,1.00,3.54
2014.02.28 15:03:28.063,0.92222,0.92231,1.00,3.54
2014.02.28 15:03:28.164,0.92218,0.92227,1.50,1.00
2014.02.28 15:03:28.416,0.92218,0.92229,2.25,1.13
2014.02.28 15:03:28.467,0.92222,0.9223,1.00,3.23
2014.02.28 15:03:28.770,0.92218,0.92227,1.50,1.00
2014.02.28 15:03:28.988,0.92215,0.92227,1.00,1.13
2014.02.28 15:03:29.092,0.92215,0.92227,1.38,1.00
2014.02.28 15:03:29.879,0.92217,0.92227,1.00,1.38
2014.02.28 15:03:30.417,0.92216,0.92227,1.00,1.00
2014.02.28 15:03:30.771,0.92218,0.92227,1.00,1.00
2014.02.28 15:03:31.074,0.92214,0.92222,1.00,1.00
2014.02.28 15:03:31.427,0.92212,0.92222,1.00,1.38
2014.02.28 15:03:31.579,0.92209,0.92219,1.50,1.50
2014.02.28 15:03:31.630,0.92207,0.92219,1.00,2.10
2014.02.28 15:03:31.680,0.92206,0.92219,1.00,3.23
2014.02.28 15:03:32.033,0.92203,0.92214,1.50,2.48
2014.02.28 15:03:32.959,0.92203,0.92214,1.50,2.85
2014.02.28 15:03:33.453,0.92203,0.92211,1.50,2.79
2014.02.28 15:03:33.706,0.92198,0.92208,1.00,1.00
2014.02.28 15:03:34.218,0.92198,0.92211,1.00,5.42
2014.02.28 15:03:34.729,0.92198,0.92211,1.38,3.32
2014.02.28 15:03:34.780,0.92199,0.9221,1.13,1.07
2014.02.28 15:03:35.334,0.922,0.9221,1.00,1.07
2014.02.28 15:03:36.005,0.92201,0.92211,1.00,1.07
2014.02.28 15:03:36.677,0.922,0.92211,1.00,1.07
2014.02.28 15:03:37.218,0.92199,0.92211,1.50,1.44
2014.02.28 15:03:37.750,0.92199,0.92207,1.00,1.00
2014.02.28 15:03:37.951,0.92197,0.92207,1.00,1.50
2014.02.28 15:03:38.102,0.92199,0.92207,1.00,1.50
2014.02.28 15:03:38.607,0.922,0.92208,1.13,1.13
2014.02.28 15:03:38.914,0.922,0.92208,1.00,1.47
2014.02.28 15:03:39.116,0.922,0.92208,1.00,1.13
2014.02.28 15:03:39.640,0.92199,0.92207,1.13,1.00
2014.02.28 15:03:39.741,0.92199,0.92211,1.00,3.20
2014.02.28 15:03:40.514,0.92199,0.92211,1.13,3.57
2014.02.28 15:03:40.616,0.92205,0.92212,1.00,1.35
2014.02.28 15:03:40.666,0.92205,0.92213,1.00,1.10
2014.02.28 15:03:41.179,0.92204,0.92215,1.88,2.45
2014.02.28 15:03:41.840,0.92204,0.92217,1.38,5.07
2014.02.28 15:03:42.085,0.92204,0.92217,1.38,3.95
2014.02.28 15:03:42.136,0.92209,0.92217,1.00,1.85
2014.02.28 15:03:42.337,0.92203,0.92212,2.85,1.00
2014.02.28 15:03:42.488,0.922,0.92211,1.00,1.73
2014.02.28 15:03:42.872,0.922,0.92212,1.00,1.98
2014.02.28 15:03:42.973,0.92198,0.9221,1.50,1.38
2014.02.28 15:03:43.023,0.92198,0.92207,1.00,1.00
2014.02.28 15:03:43.225,0.92198,0.92209,1.00,3.23
2014.02.28 15:03:43.477,0.922,0.92209,1.00,1.00
2014.02.28 15:03:43.779,0.922,0.92209,1.00,1.35
2014.02.28 15:03:45.084,0.92199,0.92209,1.00,3.57
2014.02.28 15:03:45.632,0.92198,0.92209,1.50,3.57
2014.02.28 15:03:46.662,0.92199,0.92207,1.00,3.20
2014.02.28 15:03:50.560,0.92198,0.92207,1.50,1.50
2014.02.28 15:03:51.016,0.92198,0.92207,3.23,1.00
2014.02.28 15:03:51.319,0.92203,0.92207,1.50,1.00
2014.02.28 15:03:51.571,0.92203,0.92209,1.00,1.00
2014.02.28 15:03:51.672,0.922,0.92209,1.00,1.00
2014.02.28 15:03:51.823,0.92198,0.92209,2.25,1.50
2014.02.28 15:03:52.176,0.92198,0.92207,1.00,1.00
2014.02.28 15:03:53.134,0.92199,0.92207,1.00,1.00
2014.02.28 15:03:53.386,0.92202,0.92212,1.00,1.00
2014.02.28 15:03:53.437,0.922,0.92212,1.00,1.13
2014.02.28 15:03:53.538,0.92202,0.92212,1.00,1.88
2014.02.28 15:03:53.639,0.92198,0.9221,1.88,1.13
2014.02.28 15:03:53.740,0.92202,0.92212,1.00,2.48
2014.02.28 15:03:54.254,0.92202,0.92211,1.00,1.13
2014.02.28 15:03:54.813,0.92201,0.92211,1.00,1.00
2014.02.28 15:03:55.116,0.92198,0.92203,1.00,1.00
2014.02.28 15:03:55.821,0.92197,0.92202,1.00,1.35
2014.02.28 15:03:55.972,0.92191,0.92202,1.00,1.73
2014.02.28 15:03:56.124,0.92189,0.92199,1.00,1.00
2014.02.28 15:03:56.641,0.92192,0.922,1.38,1.00
2014.02.28 15:03:56.943,0.92198,0.92204,1.88,1.00
2014.02.28 15:03:57.199,0.92199,0.9221,1.13,1.88
2014.02.28 15:03:58.224,0.92203,0.9221,1.00,1.13
2014.02.28 15:03:58.477,0.92199,0.9221,1.50,1.30
2014.02.28 15:03:59.031,0.92198,0.9221,1.38,1.35
2014.02.28 15:03:59.174,0.92198,0.9221,1.00,1.73
2014.02.28 15:03:59.383,0.92201,0.9221,1.00,1.73
2014.02.28 15:03:59.485,0.92202,0.92212,1.13,1.50
2014.02.28 15:03:59.585,0.92204,0.92213,1.00,1.13
2014.02.28 15:03:59.888,0.92208,0.92213,1.00,1.00
2014.02.28 15:04:00.190,0.92212,0.92217,1.00,1.00
2014.02.28 15:04:00.493,0.9221,0.92217,1.00,1.50
2014.02.28 15:04:01.577,0.9221,0.92216,1.00,1.00
2014.02.28 15:04:03.014,0.9221,0.92217,1.00,1.00
2014.02.28 15:04:03.887,0.92213,0.92217,1.00,1.00
2014.02.28 15:04:04.189,0.92215,0.92221,1.00,1.00
2014.02.28 15:04:04.391,0.92223,0.92227,1.00,1.00
2014.02.28 15:04:04.694,0.92221,0.92227,1.50,1.00
2014.02.28 15:04:04.895,0.92218,0.92227,1.00,1.88
2014.02.28 15:04:05.047,0.92215,0.92227,3.98,1.50
2014.02.28 15:04:05.606,0.92215,0.92227,1.50,1.50
2014.02.28 15:04:05.656,0.92215,0.92221,1.50,1.00
2014.02.28 15:04:06.416,0.92217,0.92221,1.00,1.00
2014.02.28 15:04:07.305,0.92217,0.92225,1.50,1.00
2014.02.28 15:04:08.965,0.92218,0.92225,1.00,1.00
2014.02.28 15:04:09.353,0.92215,0.92225,1.00,1.00
2014.02.28 15:04:09.403,0.92215,0.92225,1.00,1.38
2014.02.28 15:04:09.923,0.92214,0.92223,1.00,1.38
2014.02.28 15:04:10.368,0.92213,0.92223,1.50,2.85
2014.02.28 15:04:10.872,0.92214,0.92222,1.00,1.00
2014.02.28 15:04:11.224,0.92216,0.92222,1.00,1.00
2014.02.28 15:04:12.955,0.92216,0.92225,1.00,1.00
2014.02.28 15:04:14.435,0.92216,0.92225,1.00,1.38
2014.02.28 15:04:14.939,0.92215,0.92223,1.00,1.13
2014.02.28 15:04:15.541,0.92215,0.92223,1.00,1.38
2014.02.28 15:04:15.692,0.92213,0.9222,1.00,1.13
2014.02.28 15:04:16.220,0.92212,0.9222,1.50,1.13
2014.02.28 15:04:17.030,0.92215,0.9222,1.00,1.00
2014.02.28 15:04:17.382,0.92213,0.9222,1.00,1.00
2014.02.28 15:04:17.873,0.9221,0.9222,1.00,1.00
2014.02.28 15:04:17.976,0.92212,0.9222,1.00,1.00
2014.02.28 15:04:18.279,0.92215,0.9222,1.00,1.00
2014.02.28 15:04:18.784,0.92216,0.9222,1.00,1.00
2014.02.28 15:04:19.220,0.92218,0.92229,1.00,2.63
2014.02.28 15:04:19.741,0.92218,0.92229,1.00,1.38
2014.02.28 15:04:21.169,0.92218,0.92227,1.50,1.00
2014.02.28 15:04:21.220,0.92218,0.92227,1.00,2.48
2014.02.28 15:04:21.321,0.92216,0.92227,1.00,3.23
2014.02.28 15:04:21.623,0.92216,0.92227,1.00,5.33
2014.02.28 15:04:21.876,0.92219,0.92227,1.00,1.50
2014.02.28 15:04:23.629,0.92219,0.9223,1.00,2.48
2014.02.28 15:04:24.144,0.92219,0.9223,2.85,1.73
2014.02.28 15:04:24.812,0.92219,0.92231,2.85,1.88
2014.02.28 15:04:24.913,0.92221,0.92231,1.00,1.88
2014.02.28 15:04:25.461,0.92221,0.92231,1.00,1.38
2014.02.28 15:04:25.818,0.92221,0.92227,1.00,1.00
2014.02.28 15:04:26.172,0.92218,0.9223,2.63,3.98
2014.02.28 15:04:26.222,0.9222,0.92231,1.00,1.13
2014.02.28 15:04:26.525,0.92225,0.92231,1.00,1.13
2014.02.28 15:04:26.828,0.9223,0.92235,1.00,1.00
2014.02.28 15:04:27.030,0.92227,0.92234,1.88,1.00
2014.02.28 15:04:27.332,0.92227,0.9224,1.50,1.38
2014.02.28 15:04:27.383,0.92229,0.9224,1.00,1.38
2014.02.28 15:04:27.520,0.92227,0.92239,1.50,2.48
2014.02.28 15:04:28.146,0.92227,0.92237,1.00,1.38
2014.02.28 15:04:28.399,0.92223,0.92231,1.00,3.08
2014.02.28 15:04:28.550,0.9222,0.92231,1.00,3.08
2014.02.28 15:04:28.802,0.92221,0.92229,1.00,2.48
2014.02.28 15:04:28.904,0.92219,0.92227,1.50,2.70
2014.02.28 15:04:29.106,0.92216,0.92227,1.00,2.70
2014.02.28 15:04:29.157,0.92219,0.92227,1.00,2.10
2014.02.28 15:04:29.459,0.92219,0.92229,1.00,2.10
2014.02.28 15:04:29.560,0.92218,0.92227,1.00,1.00
2014.02.28 15:04:30.078,0.92217,0.92227,1.13,1.00
2014.02.28 15:04:30.987,0.92218,0.92227,1.00,1.73
2014.02.28 15:04:31.138,0.92214,0.92226,1.00,3.23
2014.02.28 15:04:31.392,0.92216,0.92223,1.00,1.00
2014.02.28 15:04:31.443,0.92217,0.92226,1.00,1.00
2014.02.28 15:04:31.959,0.92217,0.92227,1.00,1.50
2014.02.28 15:04:33.100,0.92218,0.92227,1.00,1.00
2014.02.28 15:04:33.628,0.92219,0.92227,1.00,1.00
2014.02.28 15:04:34.322,0.92219,0.92228,1.00,1.00
2014.02.28 15:04:35.056,0.92219,0.92229,1.00,1.00
2014.02.28 15:04:36.471,0.92219,0.92227,1.00,1.00
2014.02.28 15:04:36.622,0.92217,0.92227,1.00,1.35
2014.02.28 15:04:36.773,0.92216,0.92225,1.50,2.10
2014.02.28 15:04:37.026,0.9221,0.92222,1.00,3.23
2014.02.28 15:04:37.227,0.92212,0.92222,1.00,3.08
2014.02.28 15:04:37.798,0.92213,0.92222,1.00,3.23
2014.02.28 15:04:38.228,0.92211,0.92222,1.00,3.98
2014.02.28 15:04:38.380,0.92208,0.92221,2.63,1.30
2014.02.28 15:04:38.715,0.92208,0.92222,2.25,5.33
2014.02.28 15:04:39.275,0.92208,0.9222,1.50,1.88
2014.02.28 15:04:39.988,0.92208,0.9222,1.50,1.88
2014.02.28 15:04:40.364,0.92208,0.9222,1.50,1.88
2014.02.28 15:04:40.695,0.92213,0.9222,1.00,1.88
2014.02.28 15:04:41.034,0.92217,0.92222,1.00,2.10
2014.02.28 15:04:41.387,0.92213,0.9222,1.38,1.00
2014.02.28 15:04:41.891,0.92213,0.9222,1.00,1.00
2014.02.28 15:04:42.395,0.92212,0.9222,1.00,1.50
2014.02.28 15:04:43.581,0.9221,0.9222,1.00,1.13
2014.02.28 15:04:43.838,0.9221,0.9222,1.00,1.38
2014.02.28 15:04:43.990,0.92209,0.9222,1.00,1.73
2014.02.28 15:04:44.393,0.92213,0.92218,1.00,1.00
2014.02.28 15:04:44.745,0.92213,0.9222,1.50,1.00
2014.02.28 15:04:44.947,0.92214,0.92222,1.50,1.00
2014.02.28 15:04:45.048,0.92218,0.92225,1.00,2.63
2014.02.28 15:04:45.552,0.92219,0.92225,1.00,1.00
2014.02.28 15:04:45.805,0.92219,0.92229,1.00,1.00
2014.02.28 15:04:46.007,0.92221,0.92229,1.00,1.00
2014.02.28 15:04:47.466,0.92223,0.92229,1.00,1.00
2014.02.28 15:04:49.265,0.92223,0.92232,1.00,1.00
2014.02.28 15:04:49.921,0.92219,0.92232,1.00,1.98
2014.02.28 15:04:50.023,0.92221,0.92232,1.00,1.98
2014.02.28 15:04:50.225,0.92218,0.92228,1.50,1.00
2014.02.28 15:04:50.427,0.92221,0.92228,1.00,1.00
2014.02.28 15:04:51.018,0.92216,0.92227,1.50,1.38
2014.02.28 15:04:51.428,0.92218,0.92228,1.00,1.38
2014.02.28 15:04:51.853,0.92221,0.92228,1.00,1.00
2014.02.28 15:04:51.903,0.92221,0.9223,1.00,1.13
2014.02.28 15:04:52.105,0.92221,0.92228,1.00,1.00
2014.02.28 15:04:52.206,0.92221,0.92231,1.00,3.23
2014.02.28 15:04:52.307,0.92221,0.92228,1.00,1.00
2014.02.28 15:04:52.458,0.92221,0.92231,1.00,2.48
2014.02.28 15:04:54.091,0.92221,0.9223,1.00,1.38
2014.02.28 15:04:54.429,0.92223,0.9223,1.00,1.00
2014.02.28 15:04:54.731,0.92223,0.92232,1.00,1.00
2014.02.28 15:04:55.172,0.92223,0.92233,1.38,1.00
2014.02.28 15:04:55.475,0.92224,0.92236,1.00,1.73
2014.02.28 15:04:55.626,0.92224,0.92236,1.00,1.73
2014.02.28 15:04:55.929,0.92224,0.92232,1.00,1.98
2014.02.28 15:04:56.080,0.92219,0.92232,1.50,3.83
2014.02.28 15:04:56.499,0.92219,0.92229,1.00,1.50
2014.02.28 15:04:56.650,0.92222,0.92229,1.00,2.25
2014.02.28 15:04:57.154,0.92223,0.92229,1.00,1.00
2014.02.28 15:04:57.407,0.9222,0.92229,1.00,1.00
2014.02.28 15:04:57.737,0.92223,0.92229,1.00,1.00
2014.02.28 15:04:57.838,0.9222,0.92229,1.00,1.00
2014.02.28 15:04:58.602,0.9222,0.92231,1.00,1.13
2014.02.28 15:04:59.132,0.92223,0.92231,1.00,1.38
2014.02.28 15:04:59.567,0.9222,0.92231,1.00,1.88
2014.02.28 15:05:00.380,0.9222,0.92231,1.00,1.38
2014.02.28 15:05:01.228,0.9222,0.92232,2.85,2.63
2014.02.28 15:05:01.586,0.92223,0.92232,1.00,1.38
2014.02.28 15:05:02.198,0.92223,0.92232,1.00,1.00
2014.02.28 15:05:03.398,0.92224,0.92232,1.00,1.00
2014.02.28 15:05:04.717,0.92224,0.92234,1.00,1.73
2014.02.28 15:05:05.390,0.92226,0.92234,1.00,1.73
2014.02.28 15:05:06.040,0.92226,0.92234,1.00,1.00
2014.02.28 15:05:07.209,0.92223,0.92234,1.00,1.60
2014.02.28 15:05:07.735,0.92223,0.92231,1.00,1.00
2014.02.28 15:05:08.140,0.9222,0.92232,1.00,2.10
2014.02.28 15:05:08.191,0.92223,0.92232,1.00,1.00
2014.02.28 15:05:08.494,0.92225,0.92235,1.00,1.13
2014.02.28 15:05:09.365,0.92224,0.92235,1.00,1.38
2014.02.28 15:05:09.929,0.92224,0.92232,1.00,1.35
2014.02.28 15:05:10.433,0.92224,0.92231,1.00,1.13
2014.02.28 15:05:11.535,0.92226,0.92231,1.00,1.00
2014.02.28 15:05:11.838,0.92224,0.92233,1.00,1.73
2014.02.28 15:05:15.572,0.92226,0.92233,1.00,1.73
2014.02.28 15:05:15.785,0.92224,0.92233,1.00,1.73
2014.02.28 15:05:16.319,0.92224,0.92232,1.00,1.73
2014.02.28 15:05:16.779,0.92221,0.92232,1.00,1.73
2014.02.28 15:05:16.880,0.92224,0.9223,1.00,2.10
2014.02.28 15:05:17.423,0.92224,0.92232,1.00,1.73
2014.02.28 15:05:17.947,0.92226,0.92232,1.00,1.35
2014.02.28 15:05:18.199,0.92228,0.92237,1.50,3.23
2014.02.28 15:05:18.300,0.92233,0.92237,1.00,1.13
2014.02.28 15:05:18.402,0.92231,0.9224,1.00,1.50
2014.02.28 15:05:20.201,0.92228,0.9224,2.25,1.68
2014.02.28 15:05:20.251,0.9223,0.92238,1.00,1.38
2014.02.28 15:05:21.769,0.92225,0.92237,1.13,1.50
2014.02.28 15:05:22.314,0.92227,0.92237,1.00,1.13
2014.02.28 15:05:22.617,0.92231,0.92241,1.00,1.88
2014.02.28 15:05:23.026,0.92229,0.92237,1.00,1.00
2014.02.28 15:05:23.127,0.92231,0.92241,1.00,1.13
2014.02.28 15:05:23.329,0.9223,0.92241,1.00,1.38
2014.02.28 15:05:23.632,0.9223,0.92237,1.00,1.00
2014.02.28 15:05:24.491,0.92229,0.92237,1.00,1.00
2014.02.28 15:05:24.592,0.92225,0.92237,1.50,1.38
2014.02.28 15:05:24.646,0.92227,0.92235,1.00,2.48
2014.02.28 15:05:24.949,0.92227,0.92232,1.00,1.00
2014.02.28 15:05:24.999,0.92226,0.92234,1.13,1.00
2014.02.28 15:05:25.100,0.92224,0.92236,1.38,1.00
2014.02.28 15:05:25.634,0.92224,0.92236,1.13,1.00
2014.02.28 15:05:25.685,0.92226,0.92236,1.00,1.60
2014.02.28 15:05:25.987,0.92224,0.92232,1.00,1.00
2014.02.28 15:05:26.038,0.92222,0.92232,1.50,1.00
2014.02.28 15:05:26.541,0.92222,0.92231,1.00,2.48
2014.02.28 15:05:28.257,0.92222,0.92229,1.00,2.10
2014.02.28 15:05:28.746,0.92219,0.92229,1.50,2.10
2014.02.28 15:05:28.897,0.92221,0.92229,1.00,2.10
2014.02.28 15:05:28.998,0.92221,0.92231,1.00,2.48
2014.02.28 15:05:29.744,0.92219,0.92231,1.88,2.48
2014.02.28 15:05:30.147,0.92221,0.92231,1.00,2.48
2014.02.28 15:05:30.247,0.92221,0.92231,1.00,2.48
2014.02.28 15:05:31.078,0.92221,0.92231,1.00,3.08
2014.02.28 15:05:31.179,0.92218,0.92228,1.00,3.08
2014.02.28 15:05:31.381,0.92222,0.92228,1.00,3.23
2014.02.28 15:05:31.583,0.92218,0.92228,1.50,1.50
2014.02.28 15:05:32.135,0.92218,0.92227,1.00,2.10
2014.02.28 15:05:33.158,0.92214,0.92227,1.88,3.45
2014.02.28 15:05:33.309,0.92214,0.92226,1.88,2.10
2014.02.28 15:05:33.468,0.92216,0.92227,1.00,2.85
2014.02.28 15:05:34.330,0.92218,0.92227,1.00,2.10
2014.02.28 15:05:35.728,0.92218,0.92225,1.00,2.10
2014.02.28 15:05:35.879,0.92214,0.92225,1.88,2.10
2014.02.28 15:05:36.427,0.92214,0.92225,1.38,2.85
2014.02.28 15:05:37.078,0.92218,0.92225,1.00,2.85
2014.02.28 15:05:37.589,0.92218,0.92224,1.00,1.00
2014.02.28 15:05:38.349,0.92218,0.92225,1.00,1.00
2014.02.28 15:05:38.740,0.92223,0.92227,1.13,2.85
2014.02.28 15:05:38.891,0.92224,0.9223,1.13,1.00
2014.02.28 15:05:38.942,0.92224,0.92233,1.13,2.85
2014.02.28 15:05:38.993,0.92228,0.92235,1.00,1.00
2014.02.28 15:05:39.577,0.92224,0.92234,1.13,1.00
2014.02.28 15:05:39.789,0.92226,0.92235,1.00,1.00
2014.02.28 15:05:39.941,0.92224,0.92235,1.13,1.00
2014.02.28 15:05:40.143,0.92223,0.92231,1.50,1.00
2014.02.28 15:05:40.748,0.9222,0.92231,1.13,1.50
2014.02.28 15:05:41.051,0.92222,0.92231,1.00,1.50
2014.02.28 15:05:41.355,0.92228,0.92233,1.00,1.00
2014.02.28 15:05:41.405,0.92227,0.92233,1.00,1.00
2014.02.28 15:05:42.799,0.92227,0.92232,1.00,1.00
2014.02.28 15:05:42.900,0.92222,0.92232,3.98,1.00
2014.02.28 15:05:43.880,0.92221,0.9223,1.50,1.00
2014.02.28 15:05:43.981,0.92218,0.9223,1.00,1.88
2014.02.28 15:05:44.032,0.92217,0.92227,3.23,1.35
2014.02.28 15:05:44.385,0.92218,0.92229,1.00,1.35
2014.02.28 15:05:44.435,0.92218,0.92229,1.00,1.73
2014.02.28 15:05:44.889,0.92217,0.92227,1.00,2.10
2014.02.28 15:05:44.939,0.92215,0.92227,1.00,2.85
2014.02.28 15:05:45.326,0.92218,0.92225,1.00,1.13
2014.02.28 15:05:45.840,0.9222,0.92225,1.00,1.00
2014.02.28 15:05:46.351,0.92221,0.92226,1.00,1.00
2014.02.28 15:05:47.476,0.92221,0.92228,1.00,1.00
2014.02.28 15:05:47.849,0.92219,0.92227,1.00,1.13
2014.02.28 15:05:47.950,0.92214,0.92226,1.85,2.48
2014.02.28 15:05:48.252,0.92214,0.92221,1.10,1.00
2014.02.28 15:05:48.808,0.92213,0.92221,1.00,1.50
2014.02.28 15:05:49.344,0.92216,0.92222,1.00,1.00
2014.02.28 15:05:49.697,0.92217,0.92226,1.00,1.00
2014.02.28 15:05:49.898,0.92217,0.92225,1.00,1.38
2014.02.28 15:05:49.999,0.92213,0.92222,1.00,1.38
2014.02.28 15:05:50.050,0.92213,0.92224,1.00,1.60
2014.02.28 15:05:50.101,0.92213,0.92218,1.00,1.00
2014.02.28 15:05:50.353,0.92213,0.9222,1.00,1.00
2014.02.28 15:05:50.859,0.92214,0.92221,1.00,1.00
2014.02.28 15:05:51.429,0.92213,0.92221,1.00,1.00
2014.02.28 15:05:51.530,0.92211,0.92221,1.00,1.00
2014.02.28 15:05:52.032,0.92212,0.92221,1.00,1.00
2014.02.28 15:05:52.746,0.92208,0.92218,1.38,1.00
2014.02.28 15:05:53.567,0.92208,0.92218,1.13,1.00
2014.02.28 15:05:54.081,0.92208,0.92218,1.38,1.00
2014.02.28 15:05:54.410,0.92207,0.92217,1.50,1.00
2014.02.28 15:05:54.662,0.92208,0.92218,1.38,1.00
2014.02.28 15:05:57.569,0.92209,0.9222,1.13,1.00
2014.02.28 15:06:00.690,0.92208,0.9222,1.13,1.00
2014.02.28 15:06:00.899,0.92211,0.92221,1.00,1.88
2014.02.28 15:06:01.737,0.92217,0.92222,1.00,1.50
2014.02.28 15:06:01.990,0.92221,0.92227,1.00,1.00
2014.02.28 15:06:02.092,0.92223,0.92227,1.00,1.00
2014.02.28 15:06:02.193,0.92223,0.92231,1.00,1.50
2014.02.28 15:06:02.705,0.92224,0.92231,1.00,1.50
2014.02.28 15:06:03.328,0.92223,0.92231,1.00,1.50
2014.02.28 15:06:04.713,0.92223,0.92231,1.00,1.50
2014.02.28 15:06:05.392,0.92222,0.92231,1.00,2.25
2014.02.28 15:06:05.543,0.9222,0.92229,1.00,1.13
2014.02.28 15:06:05.644,0.92218,0.92229,1.50,1.13
2014.02.28 15:06:06.047,0.92218,0.92227,1.50,1.00
2014.02.28 15:06:06.540,0.92216,0.92227,1.00,1.88
2014.02.28 15:06:06.590,0.92218,0.92227,1.00,1.13
2014.02.28 15:06:06.917,0.92216,0.92227,1.00,2.63
2014.02.28 15:06:07.708,0.92218,0.92227,1.00,3.98
2014.02.28 15:06:08.177,0.92218,0.92227,1.00,3.98
2014.02.28 15:06:08.227,0.92215,0.92227,1.00,2.25
2014.02.28 15:06:08.278,0.92215,0.92223,1.00,1.00
2014.02.28 15:06:08.480,0.92213,0.92224,2.63,1.00
2014.02.28 15:06:08.530,0.92213,0.92224,2.63,1.00
2014.02.28 15:06:08.833,0.92218,0.92226,1.00,1.00
2014.02.28 15:06:09.702,0.92218,0.92226,1.00,1.38
2014.02.28 15:06:10.294,0.92218,0.92227,1.00,1.88
2014.02.28 15:06:10.628,0.92214,0.92227,3.23,1.88
2014.02.28 15:06:10.955,0.92218,0.92227,1.00,3.98
2014.02.28 15:06:11.743,0.92218,0.92227,1.00,3.60
2014.02.28 15:06:16.593,0.92216,0.92227,1.13,1.50
2014.02.28 15:06:16.644,0.92216,0.92223,1.38,1.00
2014.02.28 15:06:16.795,0.92218,0.92226,1.00,1.00
2014.02.28 15:06:17.356,0.92218,0.92227,1.00,1.13
2014.02.28 15:06:18.750,0.92218,0.92227,1.88,1.00
2014.02.28 15:06:19.300,0.92218,0.92227,1.13,1.00
2014.02.28 15:06:20.069,0.92219,0.92227,1.00,1.50
2014.02.28 15:06:20.676,0.92219,0.92228,1.00,1.00
2014.02.28 15:06:23.207,0.92219,0.92223,1.00,1.00
2014.02.28 15:06:23.358,0.92215,0.92223,1.00,2.10
2014.02.28 15:06:23.459,0.92217,0.92226,1.00,3.23
2014.02.28 15:06:23.560,0.92215,0.92226,1.00,1.13
2014.02.28 15:06:24.121,0.92215,0.92226,1.88,1.00
2014.02.28 15:06:24.172,0.92218,0.92226,1.00,1.00
2014.02.28 15:06:24.323,0.92218,0.92228,1.00,4.58
2014.02.28 15:06:25.768,0.92218,0.92228,1.00,3.98
2014.02.28 15:06:26.071,0.92215,0.92221,1.00,1.13
2014.02.28 15:06:26.172,0.92213,0.92221,1.00,1.00
2014.02.28 15:06:26.325,0.92215,0.92221,1.00,1.00
2014.02.28 15:06:27.757,0.92215,0.92223,1.00,1.00
2014.02.28 15:06:29.222,0.92216,0.92223,1.00,1.00
2014.02.28 15:06:29.323,0.92218,0.92223,1.13,1.00
2014.02.28 15:06:29.901,0.92219,0.92223,1.00,1.00
2014.02.28 15:06:30.586,0.92219,0.9223,1.00,1.38
2014.02.28 15:06:32.232,0.92218,0.92229,1.13,1.38
2014.02.28 15:06:32.384,0.92218,0.92229,1.88,1.38
2014.02.28 15:06:32.898,0.92221,0.92229,1.00,1.38
2014.02.28 15:06:33.748,0.92223,0.92229,1.00,1.38
2014.02.28 15:06:34.255,0.92223,0.92229,1.50,1.00
2014.02.28 15:06:34.764,0.92223,0.9223,1.50,2.10
2014.02.28 15:06:35.269,0.92223,0.92232,1.50,3.98
2014.02.28 15:06:36.806,0.92222,0.92232,1.00,4.73
2014.02.28 15:06:37.905,0.92223,0.92232,1.00,3.98
2014.02.28 15:06:38.417,0.92222,0.92232,1.00,4.73
2014.02.28 15:06:38.728,0.92219,0.9223,1.38,2.10
2014.02.28 15:06:39.030,0.92218,0.92225,1.50,2.10
2014.02.28 15:06:39.395,0.92216,0.92225,1.50,2.10
2014.02.28 15:06:39.914,0.92217,0.92225,1.00,2.10
2014.02.28 15:06:40.015,0.92218,0.92227,1.00,2.10
2014.02.28 15:06:40.116,0.92221,0.92229,1.00,1.13
2014.02.28 15:06:40.368,0.92223,0.92233,1.00,1.13
2014.02.28 15:06:40.469,0.92221,0.92232,1.00,1.00
2014.02.28 15:06:41.080,0.92221,0.92232,1.00,1.00
2014.02.28 15:06:41.282,0.92231,0.92235,1.00,1.00
2014.02.28 15:06:41.383,0.92231,0.92237,1.00,1.00
2014.02.28 15:06:41.892,0.92229,0.92237,1.38,1.00
2014.02.28 15:06:42.441,0.92229,0.92237,1.00,1.00
2014.02.28 15:06:42.593,0.92229,0.92239,1.00,1.00
2014.02.28 15:06:43.045,0.92229,0.92239,1.00,1.75
2014.02.28 15:06:43.197,0.92225,0.92236,2.10,1.50
2014.02.28 15:06:43.270,0.92225,0.92234,2.10,1.38
2014.02.28 15:06:43.321,0.92223,0.92234,2.25,3.23
2014.02.28 15:06:43.837,0.92221,0.92232,1.38,3.60
2014.02.28 15:06:43.888,0.92221,0.92232,1.00,5.70
2014.02.28 15:06:43.939,0.9222,0.9223,1.00,2.10
2014.02.28 15:06:44.039,0.92218,0.92228,1.00,1.38
2014.02.28 15:06:44.782,0.92219,0.92229,1.00,1.50
2014.02.28 15:06:47.604,0.9222,0.92229,1.00,1.50
2014.02.28 15:06:48.135,0.92221,0.92229,1.00,1.38
2014.02.28 15:06:48.666,0.92218,0.92227,1.00,1.13
2014.02.28 15:06:48.717,0.92216,0.92227,1.00,1.13
2014.02.28 15:06:48.815,0.92217,0.92227,1.00,1.50
2014.02.28 15:06:49.170,0.92215,0.92226,1.00,1.13
2014.02.28 15:06:49.221,0.92218,0.92227,1.00,1.50
2014.02.28 15:06:49.761,0.92218,0.92227,1.00,1.00
2014.02.28 15:06:51.866,0.92218,0.92227,1.00,2.10
2014.02.28 15:06:52.376,0.92218,0.92226,1.00,2.48
2014.02.28 15:06:53.938,0.92218,0.92226,1.00,1.50
2014.02.28 15:06:54.240,0.92216,0.92226,1.38,1.00
2014.02.28 15:06:54.392,0.92218,0.92226,1.00,1.50
2014.02.28 15:06:54.550,0.92214,0.92226,1.38,1.00
2014.02.28 15:06:54.601,0.92218,0.92226,1.00,1.38
2014.02.28 15:06:55.156,0.92215,0.92222,1.00,1.13
2014.02.28 15:06:55.206,0.92213,0.92222,1.00,1.13
2014.02.28 15:06:55.728,0.92213,0.92222,1.00,1.38
2014.02.28 15:06:55.930,0.92211,0.92222,1.88,3.60
2014.02.28 15:06:56.705,0.92209,0.92222,1.38,2.25
2014.02.28 15:06:57.170,0.92209,0.92219,1.13,1.00
2014.02.28 15:06:57.481,0.92208,0.92216,1.00,1.00
2014.02.28 15:06:57.784,0.92204,0.92213,1.50,1.00
2014.02.28 15:06:59.383,0.92203,0.92213,1.50,3.23
2014.02.28 15:06:59.730,0.92203,0.92211,1.00,2.10
2014.02.28 15:07:00.297,0.92203,0.9221,1.00,1.00
2014.02.28 15:07:00.662,0.92198,0.9221,2.25,1.13
2014.02.28 15:07:00.813,0.92198,0.92207,1.00,1.00
2014.02.28 15:07:05.300,0.92199,0.92207,1.00,1.00
2014.02.28 15:07:05.552,0.92201,0.9221,1.00,1.88
2014.02.28 15:07:07.594,0.92203,0.9221,1.00,1.50
2014.02.28 15:07:08.417,0.92203,0.92209,1.00,1.00
2014.02.28 15:07:11.178,0.92202,0.92209,1.00,1.13
2014.02.28 15:07:11.279,0.92199,0.92209,1.00,1.13
2014.02.28 15:07:12.091,0.92199,0.92209,1.00,1.38
2014.02.28 15:07:13.825,0.92199,0.92207,1.00,1.00
2014.02.28 15:07:14.585,0.92203,0.92207,1.00,1.00
2014.02.28 15:07:14.788,0.92203,0.92209,1.50,1.00
2014.02.28 15:07:16.351,0.92202,0.92207,1.00,1.00
2014.02.28 15:07:16.452,0.92197,0.92207,1.50,1.38
2014.02.28 15:07:16.705,0.92197,0.92207,1.00,1.88
2014.02.28 15:07:16.957,0.92199,0.92207,1.00,1.38
2014.02.28 15:07:18.977,0.92199,0.92207,1.00,1.38
2014.02.28 15:07:19.128,0.92194,0.92205,1.00,1.13
2014.02.28 15:07:19.229,0.92193,0.92205,1.00,1.88
2014.02.28 15:07:20.086,0.92192,0.92202,1.00,1.88
2014.02.28 15:07:20.338,0.92189,0.92199,1.38,1.00
2014.02.28 15:07:20.696,0.92188,0.92199,1.00,1.00
2014.02.28 15:07:21.625,0.92193,0.92199,1.00,1.00
2014.02.28 15:07:22.167,0.92193,0.92198,1.00,1.00
2014.02.28 15:07:25.476,0.92188,0.92198,1.13,1.00
2014.02.28 15:07:25.586,0.92193,0.92198,1.00,1.00
2014.02.28 15:07:26.112,0.92193,0.92203,1.00,4.35
2014.02.28 15:07:26.415,0.92195,0.92203,1.00,1.00
2014.02.28 15:07:26.742,0.92198,0.92203,1.00,1.00
2014.02.28 15:07:26.894,0.92198,0.92207,1.00,1.50
2014.02.28 15:07:27.431,0.92198,0.92206,1.00,1.00
2014.02.28 15:07:28.026,0.92198,0.92205,1.00,1.00
2014.02.28 15:07:28.177,0.92198,0.92203,1.00,1.00
2014.02.28 15:07:28.877,0.92198,0.92204,1.00,1.00
2014.02.28 15:07:29.378,0.92198,0.92205,1.00,1.00
2014.02.28 15:07:29.682,0.92198,0.92203,1.00,1.00
2014.02.28 15:07:31.007,0.9219,0.92197,1.88,1.00
2014.02.28 15:07:31.057,0.92193,0.92197,1.00,1.00
2014.02.28 15:07:31.209,0.92188,0.92195,1.00,1.88
2014.02.28 15:07:31.310,0.92188,0.92195,1.00,1.88
2014.02.28 15:07:32.497,0.92188,0.92194,1.00,1.00
2014.02.28 15:07:33.074,0.92188,0.92196,1.00,1.50
2014.02.28 15:07:34.280,0.92183,0.92196,2.97,1.13
2014.02.28 15:07:35.716,0.92188,0.92196,1.00,1.13
2014.02.28 15:07:35.885,0.92183,0.92196,2.63,1.13
2014.02.28 15:07:36.109,0.92183,0.92193,1.88,1.00
2014.02.28 15:07:36.718,0.92183,0.92194,1.88,1.50
2014.02.28 15:07:37.618,0.92185,0.92196,1.00,1.13
2014.02.28 15:07:39.016,0.92185,0.92196,1.00,1.38
2014.02.28 15:07:39.319,0.92183,0.92194,1.00,1.88
2014.02.28 15:07:39.545,0.92183,0.92194,1.00,3.98
2014.02.28 15:07:39.646,0.92183,0.92192,1.00,1.00
2014.02.28 15:07:39.942,0.92183,0.92194,1.13,4.35
2014.02.28 15:07:40.666,0.92183,0.92192,1.00,1.00
2014.02.28 15:07:41.388,0.92188,0.92192,1.00,1.00
2014.02.28 15:07:43.359,0.92188,0.92194,1.00,3.98
2014.02.28 15:07:45.104,0.92188,0.92192,1.00,1.00
2014.02.28 15:07:45.709,0.92181,0.92191,1.38,1.00
2014.02.28 15:07:45.760,0.92188,0.92194,1.00,3.98
2014.02.28 15:07:46.328,0.92188,0.92192,1.00,1.00
2014.02.28 15:07:46.888,0.92181,0.92191,1.38,1.00
2014.02.28 15:07:46.995,0.92183,0.92191,1.00,1.00
2014.02.28 15:07:47.348,0.92178,0.92191,2.97,2.85
2014.02.28 15:07:47.398,0.92178,0.92189,2.60,1.38
2014.02.28 15:07:47.701,0.92175,0.92185,1.35,1.00
2014.02.28 15:07:49.077,0.92178,0.92185,1.00,1.50
2014.02.28 15:07:49.981,0.92178,0.92187,1.00,2.25
2014.02.28 15:07:50.183,0.92176,0.92184,1.00,1.00
2014.02.28 15:07:50.285,0.92173,0.92182,1.50,1.00
2014.02.28 15:07:50.436,0.92173,0.92184,1.00,1.88
2014.02.28 15:07:50.952,0.92174,0.92183,1.00,1.00
2014.02.28 15:07:51.053,0.92178,0.92183,1.00,1.00
2014.02.28 15:07:53.338,0.92174,0.92183,1.00,1.00
2014.02.28 15:07:53.439,0.92174,0.92183,1.00,1.38
2014.02.28 15:07:53.943,0.92173,0.92181,1.00,1.88
2014.02.28 15:07:54.450,0.92173,0.92181,1.00,1.50
2014.02.28 15:07:55.325,0.92173,0.92181,1.00,1.88
2014.02.28 15:07:55.426,0.92168,0.92175,2.85,1.00
2014.02.28 15:07:55.527,0.92165,0.92175,2.45,1.88
2014.02.28 15:07:55.628,0.92164,0.92175,1.35,1.88
2014.02.28 15:07:56.083,0.92168,0.92172,1.00,1.50
2014.02.28 15:07:56.235,0.92168,0.92174,1.00,1.88
2014.02.28 15:07:57.105,0.92162,0.92172,2.10,1.50
2014.02.28 15:07:57.609,0.92163,0.92173,1.00,1.13
2014.02.28 15:07:58.112,0.92163,0.92172,1.00,1.00
2014.02.28 15:07:59.303,0.92168,0.92172,1.00,1.00
2014.02.28 15:07:59.656,0.92168,0.92176,1.00,1.00
2014.02.28 15:08:00.307,0.92168,0.92176,1.88,1.00
2014.02.28 15:08:01.046,0.92169,0.92182,1.00,1.88
2014.02.28 15:08:01.992,0.92169,0.92182,1.00,1.88
2014.02.28 15:08:02.295,0.92173,0.92178,1.00,1.13
2014.02.28 15:08:02.396,0.92168,0.92178,1.00,1.13
2014.02.28 15:08:02.497,0.92173,0.92178,1.00,1.00
2014.02.28 15:08:02.675,0.92168,0.92178,1.13,1.00
2014.02.28 15:08:02.775,0.92168,0.9218,1.13,1.50
2014.02.28 15:08:02.876,0.92168,0.9218,1.98,1.50
2014.02.28 15:08:03.179,0.92173,0.9218,1.00,1.00
2014.02.28 15:08:05.664,0.92173,0.92184,1.00,1.88
2014.02.28 15:08:07.484,0.92173,0.92184,1.00,1.38
2014.02.28 15:08:07.736,0.92173,0.92183,1.00,1.38
2014.02.28 15:08:09.664,0.92173,0.92183,1.00,1.88
2014.02.28 15:08:10.440,0.92173,0.92182,1.00,1.00
2014.02.28 15:08:11.346,0.92173,0.92181,1.00,1.00
2014.02.28 15:08:11.404,0.92168,0.92181,2.63,1.00
2014.02.28 15:08:12.004,0.92168,0.9218,1.38,1.00
2014.02.28 15:08:12.636,0.92168,0.9218,1.00,1.38
2014.02.28 15:08:12.788,0.92168,0.92178,1.00,1.38
2014.02.28 15:08:12.838,0.92166,0.92177,1.50,1.13
2014.02.28 15:08:12.889,0.92166,0.92177,1.00,1.38
2014.02.28 15:08:12.990,0.92164,0.92175,1.50,1.38
2014.02.28 15:08:13.656,0.92163,0.92172,1.50,1.00
2014.02.28 15:08:16.068,0.92168,0.92172,1.30,1.00
2014.02.28 15:08:16.371,0.92173,0.92178,1.00,1.00
2014.02.28 15:08:16.422,0.92176,0.92185,1.00,1.00
2014.02.28 15:08:16.646,0.92176,0.92185,1.38,1.00
2014.02.28 15:08:16.898,0.92178,0.92186,1.00,1.00
2014.02.28 15:08:17.429,0.92178,0.92186,1.50,1.38
2014.02.28 15:08:18.736,0.92175,0.92187,1.00,1.38
2014.02.28 15:08:18.837,0.92175,0.92187,1.00,1.13
2014.02.28 15:08:18.888,0.92178,0.92188,1.00,1.38
2014.02.28 15:08:19.090,0.92178,0.92189,1.00,4.35
2014.02.28 15:08:19.602,0.92178,0.92189,1.38,1.00
2014.02.28 15:08:20.230,0.92178,0.92189,1.00,1.13
2014.02.28 15:08:21.020,0.92178,0.92189,1.00,1.38
2014.02.28 15:08:21.546,0.92178,0.92187,1.13,1.00
2014.02.28 15:08:22.297,0.92178,0.92189,1.13,2.85
2014.02.28 15:08:22.865,0.92178,0.92189,1.00,1.38
2014.02.28 15:08:26.587,0.92178,0.92189,1.00,3.98
2014.02.28 15:08:27.193,0.92178,0.92189,1.00,3.98
2014.02.28 15:08:28.255,0.92178,0.92189,1.00,3.98
2014.02.28 15:08:28.845,0.92178,0.92189,1.00,3.98
2014.02.28 15:08:33.205,0.92178,0.92188,1.00,2.48
2014.02.28 15:08:34.110,0.92178,0.92188,1.00,2.48
2014.02.28 15:08:34.211,0.92181,0.92189,1.00,2.10
2014.02.28 15:08:34.723,0.92183,0.9219,1.00,1.00
2014.02.28 15:08:35.274,0.92183,0.92191,1.00,1.13
2014.02.28 15:08:35.325,0.92181,0.92192,1.50,3.98
2014.02.28 15:08:35.526,0.92181,0.92192,1.50,3.98
2014.02.28 15:08:36.033,0.92181,0.92191,1.00,3.23
2014.02.28 15:08:36.565,0.92181,0.92191,1.00,1.38
2014.02.28 15:08:37.647,0.92181,0.92191,1.00,1.38
2014.02.28 15:08:38.176,0.92181,0.92192,1.00,1.88
2014.02.28 15:08:38.478,0.92185,0.92192,1.00,1.50
2014.02.28 15:08:39.129,0.92183,0.92192,1.50,1.00
2014.02.28 15:08:39.657,0.92185,0.92196,1.00,1.38
2014.02.28 15:08:40.189,0.92185,0.92196,1.00,1.00
2014.02.28 15:08:40.780,0.92185,0.92197,1.00,2.25
2014.02.28 15:08:41.058,0.92186,0.92197,1.00,1.88
2014.02.28 15:08:41.675,0.92186,0.92197,1.00,1.88
2014.02.28 15:08:41.913,0.92186,0.92197,1.00,1.88
2014.02.28 15:08:41.964,0.92183,0.92196,1.50,1.13
2014.02.28 15:08:42.117,0.92185,0.92196,1.00,1.13
2014.02.28 15:08:43.591,0.92185,0.92197,1.50,1.88
2014.02.28 15:08:43.985,0.92185,0.92197,1.00,1.88
2014.02.28 15:08:44.137,0.92186,0.92197,1.00,4.73
2014.02.28 15:08:44.439,0.92185,0.92196,1.00,3.08
2014.02.28 15:08:44.893,0.92184,0.92192,1.00,1.38
2014.02.28 15:08:44.994,0.92182,0.92192,1.00,1.38
2014.02.28 15:08:46.416,0.92182,0.92191,1.00,1.38
2014.02.28 15:08:47.185,0.92182,0.92191,1.00,1.38
2014.02.28 15:08:47.387,0.9218,0.92191,1.00,3.23
2014.02.28 15:08:48.469,0.92179,0.92191,1.50,4.58
2014.02.28 15:08:48.991,0.92178,0.92189,2.85,1.38
2014.02.28 15:08:49.537,0.92179,0.92191,1.00,1.38
2014.02.28 15:08:50.604,0.92179,0.92192,1.50,1.38
2014.02.28 15:08:51.296,0.92179,0.92192,1.50,1.38
2014.02.28 15:08:55.566,0.92178,0.92188,1.00,3.23
2014.02.28 15:08:55.869,0.92178,0.92186,1.00,1.38
2014.02.28 15:08:56.121,0.92178,0.92186,1.00,1.13
2014.02.28 15:08:56.222,0.92178,0.92186,1.00,1.38
2014.02.28 15:08:56.793,0.92178,0.92186,1.00,1.88
2014.02.28 15:08:56.844,0.92174,0.92186,1.00,1.88
2014.02.28 15:08:57.349,0.92173,0.92186,1.00,4.73
2014.02.28 15:08:58.323,0.92173,0.92184,1.00,1.38
2014.02.28 15:09:00.286,0.92173,0.92184,1.00,3.98
2014.02.28 15:09:00.388,0.92173,0.92184,1.00,1.50
2014.02.28 15:09:00.489,0.92172,0.92182,1.00,1.13
2014.02.28 15:09:00.797,0.92174,0.92185,1.00,3.23
2014.02.28 15:09:00.848,0.92174,0.92185,1.00,3.23
2014.02.28 15:09:01.000,0.92178,0.92185,1.00,1.13
2014.02.28 15:09:01.202,0.92178,0.92187,1.00,1.00
2014.02.28 15:09:01.404,0.92178,0.92185,1.00,1.00
2014.02.28 15:09:01.810,0.92178,0.92187,1.00,1.00
2014.02.28 15:09:02.107,0.92178,0.9219,1.00,1.88
2014.02.28 15:09:03.707,0.92178,0.9219,1.00,1.88
2014.02.28 15:09:04.453,0.92178,0.92188,1.00,1.00
2014.02.28 15:09:05.007,0.92178,0.92186,1.00,1.00
2014.02.28 15:09:11.421,0.92178,0.92186,1.00,1.38
2014.02.28 15:09:11.521,0.92178,0.92186,1.00,1.13
2014.02.28 15:09:11.925,0.92173,0.92182,1.13,1.00
2014.02.28 15:09:12.278,0.9217,0.92181,1.50,1.50
2014.02.28 15:09:12.328,0.92173,0.92181,1.00,1.50
2014.02.28 15:09:13.167,0.92173,0.92184,1.00,1.38
2014.02.28 15:09:15.156,0.92173,0.92182,1.00,1.00
2014.02.28 15:09:15.718,0.92173,0.92183,1.00,1.13
2014.02.28 15:09:17.940,0.92176,0.92183,1.00,1.13
2014.02.28 15:09:18.581,0.92173,0.92183,1.00,1.13
2014.02.28 15:09:27.430,0.92178,0.92183,1.00,1.13
2014.02.28 15:09:27.631,0.92174,0.92183,1.00,1.00
2014.02.28 15:09:28.268,0.92173,0.92183,1.50,1.13
2014.02.28 15:09:29.693,0.92178,0.92183,1.00,1.13
2014.02.28 15:09:29.958,0.92178,0.92186,1.00,1.00
2014.02.28 15:09:30.059,0.92183,0.92189,1.00,4.32
2014.02.28 15:09:30.520,0.92183,0.9219,1.00,1.47
2014.02.28 15:09:31.242,0.92183,0.9219,1.00,1.13
2014.02.28 15:09:31.901,0.92183,0.9219,1.00,1.38
2014.02.28 15:09:32.508,0.92183,0.92191,1.00,1.38
2014.02.28 15:09:34.264,0.92183,0.92191,1.00,1.00
2014.02.28 15:09:34.873,0.92183,0.92192,1.00,2.25
2014.02.28 15:09:35.537,0.92183,0.92192,1.00,1.88
2014.02.28 15:09:35.638,0.92188,0.92192,1.00,1.00
2014.02.28 15:09:36.146,0.92188,0.92195,1.00,2.25
2014.02.28 15:09:36.449,0.92183,0.92193,1.00,1.50
2014.02.28 15:09:37.079,0.92183,0.92191,1.00,1.13
2014.02.28 15:09:37.589,0.92183,0.92191,1.00,1.38
2014.02.28 15:09:39.685,0.92183,0.92191,1.00,1.38
2014.02.28 15:09:39.786,0.92183,0.92191,1.00,1.00
2014.02.28 15:09:40.656,0.92184,0.92191,1.00,1.13
2014.02.28 15:09:41.333,0.92183,0.92191,1.00,1.13
2014.02.28 15:09:42.222,0.92183,0.92191,1.00,1.38
2014.02.28 15:09:42.540,0.9218,0.92191,1.00,3.23
2014.02.28 15:09:42.641,0.92183,0.92191,1.00,3.98
2014.02.28 15:09:43.163,0.92178,0.92191,1.88,3.98
2014.02.28 15:09:43.365,0.92183,0.9219,1.00,2.48
2014.02.28 15:09:43.517,0.92178,0.92189,1.50,1.38
2014.02.28 15:09:44.020,0.92178,0.92187,1.00,3.23
2014.02.28 15:09:44.549,0.92178,0.92185,1.00,1.88
2014.02.28 15:09:44.915,0.92173,0.92185,1.00,2.63
2014.02.28 15:09:44.966,0.92175,0.92185,1.00,1.88
2014.02.28 15:09:45.319,0.92178,0.92185,1.00,1.88
2014.02.28 15:09:45.376,0.92178,0.92185,1.00,1.88
2014.02.28 15:09:45.477,0.92175,0.92185,1.00,1.88
2014.02.28 15:09:45.578,0.92177,0.92185,1.00,1.38
2014.02.28 15:09:45.878,0.92175,0.92185,1.00,1.13
2014.02.28 15:09:46.844,0.92175,0.92185,1.50,1.38
2014.02.28 15:09:46.995,0.92173,0.92185,1.50,1.38
2014.02.28 15:09:48.986,0.92178,0.92185,1.00,1.88
2014.02.28 15:09:49.289,0.92183,0.92189,1.00,2.85
2014.02.28 15:09:49.542,0.92183,0.92191,1.00,1.13
2014.02.28 15:09:50.063,0.92183,0.9219,1.00,1.13
2014.02.28 15:09:50.415,0.92183,0.92192,1.00,2.63
2014.02.28 15:09:54.166,0.92183,0.92192,1.00,1.38
2014.02.28 15:09:55.415,0.92183,0.92192,1.00,1.13
2014.02.28 15:09:58.129,0.92183,0.92192,1.00,1.88
2014.02.28 15:09:58.431,0.92175,0.92184,1.00,1.38
2014.02.28 15:09:58.482,0.92173,0.92182,1.00,1.00
2014.02.28 15:09:59.253,0.92173,0.9218,1.00,1.00
2014.02.28 15:09:59.457,0.92173,0.92183,1.00,1.13
2014.02.28 15:10:02.424,0.92178,0.92185,1.00,1.38
2014.02.28 15:10:02.475,0.92178,0.92185,1.00,1.13
2014.02.28 15:10:03.022,0.92178,0.92189,1.88,1.00
2014.02.28 15:10:03.073,0.92183,0.92189,1.00,1.00
2014.02.28 15:10:03.174,0.92183,0.92191,1.00,1.00
2014.02.28 15:10:03.790,0.92183,0.92194,1.00,1.38
2014.02.28 15:10:06.887,0.92183,0.92194,1.00,1.00
2014.02.28 15:10:07.040,0.92188,0.92194,1.00,1.00
2014.02.28 15:10:07.293,0.92183,0.92196,1.50,1.88
2014.02.28 15:10:07.444,0.92183,0.92193,1.50,1.38
2014.02.28 15:10:07.495,0.9218,0.92192,1.00,1.38
2014.02.28 15:10:07.889,0.92179,0.92189,1.00,1.38
2014.02.28 15:10:08.022,0.92179,0.92189,1.00,1.13
2014.02.28 15:10:08.175,0.92178,0.92187,1.00,1.38
2014.02.28 15:10:08.478,0.92174,0.92187,1.50,1.88
2014.02.28 15:10:09.103,0.92175,0.92186,1.00,1.13
2014.02.28 15:10:09.153,0.92178,0.92186,1.00,1.13
2014.02.28 15:10:09.405,0.92178,0.9219,1.50,1.38
2014.02.28 15:10:09.456,0.92183,0.9219,1.00,1.38
2014.02.28 15:10:09.708,0.92178,0.92189,1.00,1.88
2014.02.28 15:10:09.809,0.92175,0.92187,1.00,2.63
2014.02.28 15:10:09.860,0.92175,0.92187,1.00,2.63
2014.02.28 15:10:10.614,0.92174,0.92187,1.00,3.38
2014.02.28 15:10:11.141,0.92173,0.92185,3.60,1.38
2014.02.28 15:10:11.675,0.92173,0.92185,1.00,1.88
2014.02.28 15:10:12.582,0.92173,0.92183,1.50,1.38
2014.02.28 15:10:13.092,0.92173,0.92185,1.50,1.88
2014.02.28 15:10:13.193,0.92175,0.92185,1.00,1.88
2014.02.28 15:10:13.495,0.92178,0.92183,1.00,1.00
2014.02.28 15:10:13.546,0.92178,0.92185,1.00,1.00
2014.02.28 15:10:14.145,0.92178,0.92186,1.00,1.13
2014.02.28 15:10:14.728,0.92178,0.92185,1.00,1.13
2014.02.28 15:10:14.779,0.92178,0.92184,1.00,1.60
2014.02.28 15:10:14.931,0.9217,0.92178,1.00,1.38
2014.02.28 15:10:14.982,0.92168,0.92178,2.25,1.38
2014.02.28 15:10:15.491,0.92168,0.92176,1.00,1.13
2014.02.28 15:10:19.454,0.92169,0.92176,2.10,1.00
2014.02.28 15:10:19.505,0.92169,0.9218,2.10,1.38
2014.02.28 15:10:19.606,0.92173,0.9218,1.00,1.13
2014.02.28 15:10:20.119,0.92173,0.92182,1.00,1.88
2014.02.28 15:10:20.694,0.92173,0.92182,1.00,1.50
2014.02.28 15:10:21.045,0.92173,0.92184,1.00,1.13
2014.02.28 15:10:21.347,0.92178,0.92184,1.00,1.00
2014.02.28 15:10:21.499,0.92178,0.92186,1.88,1.00
2014.02.28 15:10:21.853,0.92181,0.92186,1.00,1.00
2014.02.28 15:10:22.168,0.92183,0.92189,1.00,1.00
2014.02.28 15:10:22.286,0.92183,0.92191,1.00,1.00
2014.02.28 15:10:22.387,0.92178,0.92189,1.00,1.38
2014.02.28 15:10:22.438,0.92178,0.92187,1.00,1.38
2014.02.28 15:10:22.540,0.92173,0.92187,5.10,2.63
2014.02.28 15:10:22.591,0.92175,0.92187,1.00,1.88
2014.02.28 15:10:22.692,0.92173,0.92184,2.25,1.38
2014.02.28 15:10:24.173,0.92173,0.92184,2.25,1.13
2014.02.28 15:10:24.224,0.92178,0.92184,1.00,1.13
2014.02.28 15:10:24.375,0.92178,0.92186,1.00,1.00
2014.02.28 15:10:24.628,0.92178,0.92186,1.88,1.00
2014.02.28 15:10:24.931,0.92183,0.9219,1.00,1.00
2014.02.28 15:10:25.200,0.9218,0.92186,1.00,1.00
2014.02.28 15:10:25.301,0.92178,0.92186,3.00,1.00
2014.02.28 15:10:25.402,0.92178,0.92188,1.50,1.13
2014.02.28 15:10:25.906,0.92178,0.92189,1.00,1.00
2014.02.28 15:10:26.489,0.92178,0.9219,1.88,1.00
2014.02.28 15:10:26.540,0.92183,0.9219,1.00,1.00
2014.02.28 15:10:26.641,0.92183,0.92192,1.00,1.50
2014.02.28 15:10:28.587,0.92181,0.92192,1.00,1.50
2014.02.28 15:10:28.741,0.92179,0.92192,1.13,3.38
2014.02.28 15:10:29.442,0.92178,0.92191,4.73,1.00
2014.02.28 15:10:30.532,0.92178,0.9219,4.73,1.00
2014.02.28 15:10:31.092,0.92178,0.92189,1.88,1.50
2014.02.28 15:10:32.334,0.92178,0.92189,1.88,1.00
2014.02.28 15:10:32.814,0.92183,0.92189,1.00,1.00
2014.02.28 15:10:33.016,0.9218,0.92192,1.38,1.00
2014.02.28 15:10:33.237,0.9218,0.92192,1.13,1.13
2014.02.28 15:10:33.338,0.92183,0.92193,1.00,3.98
2014.02.28 15:10:39.398,0.92188,0.92192,1.00,1.88
2014.02.28 15:10:39.600,0.92183,0.92193,1.50,1.13
2014.02.28 15:10:45.515,0.92184,0.92193,1.38,1.00
2014.02.28 15:10:45.868,0.92188,0.92195,1.13,1.00
2014.02.28 15:10:46.662,0.92188,0.92197,1.00,1.00
2014.02.28 15:10:50.297,0.92186,0.92197,1.38,1.50
2014.02.28 15:10:50.500,0.92185,0.92196,1.00,2.85
2014.02.28 15:10:50.601,0.92183,0.92195,1.13,1.00
2014.02.28 15:10:50.652,0.92183,0.92193,1.13,2.10
2014.02.28 15:10:51.719,0.92182,0.92192,1.38,1.00
2014.02.28 15:10:51.821,0.92179,0.92192,2.63,2.63
2014.02.28 15:10:52.354,0.92179,0.92191,1.13,2.85
2014.02.28 15:10:52.988,0.92178,0.92191,1.50,3.23
2014.02.28 15:10:53.140,0.92178,0.92188,1.50,1.00
2014.02.28 15:10:53.312,0.92178,0.9219,1.88,1.00
2014.02.28 15:10:53.587,0.92178,0.92188,1.88,1.00
2014.02.28 15:10:54.137,0.92177,0.92187,1.00,1.00
2014.02.28 15:10:54.645,0.92174,0.92187,2.63,1.00
2014.02.28 15:10:54.947,0.92174,0.92185,1.88,1.00
2014.02.28 15:10:55.199,0.92178,0.92188,1.38,2.10
2014.02.28 15:10:56.732,0.92178,0.92189,1.38,1.00
2014.02.28 15:10:57.496,0.92178,0.92189,1.38,1.00
2014.02.28 15:10:57.649,0.92183,0.92189,1.00,1.00
2014.02.28 15:10:58.825,0.92183,0.92191,1.00,2.25
2014.02.28 15:10:59.642,0.92188,0.92193,1.00,1.00
2014.02.28 15:10:59.693,0.92188,0.92193,1.00,1.00
2014.02.28 15:10:59.794,0.92188,0.92197,1.00,4.35
2014.02.28 15:10:59.844,0.92184,0.92192,1.73,1.00
2014.02.28 15:11:00.365,0.92184,0.92191,1.00,1.00
2014.02.28 15:11:00.870,0.92183,0.92192,1.00,1.50
2014.02.28 15:11:00.921,0.92183,0.92194,1.13,1.00
2014.02.28 15:11:01.072,0.92183,0.92196,3.23,2.85
2014.02.28 15:11:01.123,0.92185,0.92196,1.00,2.10
2014.02.28 15:11:01.695,0.92183,0.92196,3.23,2.48
2014.02.28 15:11:02.003,0.92189,0.92197,1.00,1.88
2014.02.28 15:11:02.205,0.92187,0.92197,1.00,1.13
2014.02.28 15:11:02.357,0.92185,0.92197,3.98,1.13
2014.02.28 15:11:02.407,0.92188,0.92197,1.00,1.13
2014.02.28 15:11:02.508,0.92188,0.92199,1.00,1.88
2014.02.28 15:11:02.610,0.92189,0.92197,1.00,1.00
2014.02.28 15:11:02.811,0.92186,0.922,1.50,1.88
2014.02.28 15:11:02.912,0.92186,0.92197,1.50,1.13
2014.02.28 15:11:03.606,0.92186,0.922,1.50,1.88
2014.02.28 15:11:03.708,0.92186,0.92197,1.50,1.00
2014.02.28 15:11:04.010,0.92188,0.92201,2.25,3.98
2014.02.28 15:11:04.262,0.9219,0.92201,1.00,3.23
2014.02.28 15:11:04.579,0.92194,0.92201,1.30,1.00
2014.02.28 15:11:04.654,0.92194,0.92205,1.73,1.00
2014.02.28 15:11:04.705,0.92198,0.92206,1.13,1.00
2014.02.28 15:11:07.097,0.92195,0.92206,1.88,1.00
2014.02.28 15:11:08.500,0.92195,0.92207,2.25,1.38
2014.02.28 15:11:09.407,0.92195,0.92205,1.00,1.38
2014.02.28 15:11:09.659,0.92189,0.92199,1.00,3.23
2014.02.28 15:11:10.267,0.92188,0.92198,1.00,2.48
2014.02.28 15:11:10.805,0.92188,0.92199,1.00,1.88
2014.02.28 15:11:12.038,0.92189,0.92201,1.00,3.98
2014.02.28 15:11:12.712,0.92189,0.92201,1.00,1.38
2014.02.28 15:11:13.924,0.92189,0.92201,1.00,1.38
2014.02.28 15:11:14.990,0.92189,0.92202,1.88,1.38
2014.02.28 15:11:15.293,0.92193,0.92203,1.00,1.38
2014.02.28 15:11:15.797,0.92193,0.92205,1.50,1.38
2014.02.28 15:11:16.112,0.92191,0.92202,1.50,1.38
2014.02.28 15:11:16.467,0.92189,0.92202,4.35,1.88
2014.02.28 15:11:18.636,0.92189,0.92202,1.00,1.88
2014.02.28 15:11:18.989,0.92186,0.92197,2.25,1.38
2014.02.28 15:11:19.310,0.92188,0.92197,1.00,1.88
2014.02.28 15:11:19.411,0.92188,0.92197,1.00,1.00
2014.02.28 15:11:19.957,0.92189,0.92202,1.00,2.63
2014.02.28 15:11:23.249,0.92189,0.92202,1.00,2.63
2014.02.28 15:11:23.300,0.92191,0.92202,2.10,2.63
2014.02.28 15:11:23.602,0.92199,0.92203,1.00,1.00
2014.02.28 15:11:23.653,0.92199,0.92207,1.00,1.00
2014.02.28 15:11:23.754,0.922,0.9221,1.00,1.38
2014.02.28 15:11:24.286,0.922,0.92212,1.00,1.38
2014.02.28 15:11:26.132,0.922,0.92212,1.88,1.00
2014.02.28 15:11:26.635,0.92201,0.92212,1.00,1.38
2014.02.28 15:11:27.159,0.92201,0.92212,1.00,1.38
2014.02.28 15:11:29.055,0.92203,0.92212,1.00,1.38
2014.02.28 15:11:29.156,0.92201,0.92212,1.50,1.38
2014.02.28 15:11:29.678,0.92201,0.92212,1.50,1.38
2014.02.28 15:11:30.237,0.92201,0.92212,1.50,1.00
2014.02.28 15:11:30.892,0.92199,0.92212,2.63,1.13
2014.02.28 15:11:31.073,0.92199,0.92212,2.25,1.38
2014.02.28 15:11:31.387,0.922,0.92212,2.10,1.13
2014.02.28 15:11:31.539,0.92201,0.92212,1.00,1.38
2014.02.28 15:11:31.842,0.92198,0.92202,1.00,1.00
2014.02.28 15:11:31.892,0.92196,0.92202,1.00,1.00
2014.02.28 15:11:33.062,0.92196,0.92207,1.00,1.88
2014.02.28 15:11:33.163,0.92196,0.92202,1.00,1.00
2014.02.28 15:11:33.314,0.92194,0.92202,1.00,1.00
2014.02.28 15:11:34.155,0.92193,0.92197,1.00,1.00
2014.02.28 15:11:34.307,0.92192,0.92197,1.00,1.00
2014.02.28 15:11:34.415,0.92188,0.92197,1.00,1.13
2014.02.28 15:11:34.616,0.9219,0.92197,1.00,1.00
2014.02.28 15:11:34.919,0.9219,0.92202,1.13,1.00
2014.02.28 15:11:35.437,0.92191,0.92202,1.00,1.13
2014.02.28 15:11:35.488,0.92191,0.92197,1.00,1.00
2014.02.28 15:11:35.841,0.92189,0.92197,1.50,1.00
2014.02.28 15:11:36.381,0.92189,0.92197,1.00,2.63
2014.02.28 15:11:36.785,0.92188,0.92192,1.00,1.00
2014.02.28 15:11:36.835,0.92186,0.92192,1.00,1.00
2014.02.28 15:11:36.936,0.92183,0.92192,3.23,1.00
2014.02.28 15:11:37.138,0.92186,0.92192,1.00,1.00
2014.02.28 15:11:37.239,0.92186,0.92197,1.00,3.23
2014.02.28 15:11:37.440,0.92188,0.92197,1.00,2.63
2014.02.28 15:11:38.252,0.92188,0.92197,1.00,1.88
2014.02.28 15:11:38.689,0.92186,0.92192,1.00,1.00
2014.02.28 15:11:38.891,0.92186,0.92197,1.00,1.88
2014.02.28 15:11:38.942,0.92191,0.92197,1.00,1.88
2014.02.28 15:11:38.992,0.92191,0.92197,1.00,1.50
2014.02.28 15:11:39.093,0.92189,0.92197,2.10,1.50
2014.02.28 15:11:39.365,0.92188,0.922,1.50,1.88
2014.02.28 15:11:39.639,0.9219,0.922,1.00,1.00
2014.02.28 15:11:40.202,0.9219,0.92201,1.38,1.00
2014.02.28 15:11:40.707,0.92191,0.92202,2.10,1.13
2014.02.28 15:11:41.605,0.9219,0.92201,1.00,1.00
2014.02.28 15:11:42.073,0.92189,0.92201,1.00,1.38
2014.02.28 15:11:42.376,0.92186,0.92192,1.00,1.13
2014.02.28 15:11:42.678,0.92184,0.92192,1.00,1.00
2014.02.28 15:11:42.841,0.92183,0.92187,1.00,1.00
2014.02.28 15:11:42.942,0.92181,0.92187,1.50,1.00
2014.02.28 15:11:44.538,0.92184,0.92194,1.00,1.38
2014.02.28 15:11:44.639,0.92185,0.92192,1.00,1.00
2014.02.28 15:11:45.933,0.92187,0.92192,1.00,1.00
2014.02.28 15:11:46.185,0.92184,0.92192,2.85,1.00
2014.02.28 15:11:46.236,0.92186,0.92192,1.00,1.00
2014.02.28 15:11:46.738,0.92185,0.92192,1.00,1.00
2014.02.28 15:11:46.941,0.92186,0.92197,1.00,1.88
2014.02.28 15:11:47.193,0.92189,0.92197,1.00,1.88
2014.02.28 15:11:47.902,0.92186,0.92197,3.60,1.13
2014.02.28 15:11:48.053,0.92189,0.92197,1.00,1.00
2014.02.28 15:11:48.154,0.92189,0.92199,1.00,1.13
2014.02.28 15:11:48.457,0.92188,0.92197,1.00,1.00
2014.02.28 15:11:48.620,0.92186,0.92197,1.00,1.00
2014.02.28 15:11:48.923,0.92188,0.92197,1.00,1.88
2014.02.28 15:11:49.225,0.9219,0.92197,1.00,1.00
2014.02.28 15:11:49.531,0.9219,0.92197,1.00,1.38
2014.02.28 15:11:49.784,0.92186,0.92192,2.10,1.00
2014.02.28 15:11:49.885,0.92183,0.92192,4.35,1.00
2014.02.28 15:11:50.253,0.92185,0.92197,2.10,2.25
2014.02.28 15:11:50.638,0.92184,0.92197,2.85,1.88
2014.02.28 15:11:51.115,0.92184,0.92197,1.13,1.88
2014.02.28 15:11:51.374,0.92184,0.92195,1.13,1.00
2014.02.28 15:11:52.535,0.92184,0.92195,1.00,1.60
2014.02.28 15:11:52.838,0.92181,0.92187,1.00,1.00
2014.02.28 15:11:52.889,0.92179,0.92187,1.00,1.00
2014.02.28 15:11:53.149,0.92177,0.92187,1.50,1.50
2014.02.28 15:11:53.827,0.92177,0.92187,1.00,1.88
2014.02.28 15:11:54.344,0.92177,0.92187,1.00,1.88
2014.02.28 15:11:54.926,0.92177,0.92187,1.00,1.88
2014.02.28 15:11:55.476,0.92177,0.92185,1.00,1.00
2014.02.28 15:11:56.048,0.92175,0.92185,1.00,1.38
2014.02.28 15:11:56.654,0.92175,0.92183,1.00,1.00
2014.02.28 15:11:57.226,0.92175,0.92185,1.50,1.13
2014.02.28 15:11:58.564,0.92175,0.92182,1.50,1.00
2014.02.28 15:11:58.967,0.92173,0.92182,1.00,1.00
2014.02.28 15:12:00.223,0.92173,0.92182,3.98,1.00
2014.02.28 15:12:00.798,0.92174,0.92185,1.13,1.00
2014.02.28 15:12:00.899,0.92176,0.92185,1.00,1.00
2014.02.28 15:12:01.469,0.92175,0.92185,1.00,1.00
2014.02.28 15:12:02.081,0.92176,0.92185,1.00,1.00
2014.02.28 15:12:02.387,0.92175,0.92182,2.10,1.00
2014.02.28 15:12:02.926,0.92174,0.92182,1.88,1.00
2014.02.28 15:12:02.977,0.92174,0.92185,1.88,1.00
2014.02.28 15:12:03.178,0.92176,0.92185,1.00,1.00
2014.02.28 15:12:03.481,0.92178,0.92187,1.00,1.00
2014.02.28 15:12:05.307,0.92178,0.92182,1.13,1.00
2014.02.28 15:12:05.408,0.92176,0.92187,1.88,1.00
2014.02.28 15:12:05.610,0.92178,0.92187,1.38,1.50
2014.02.28 15:12:06.154,0.92178,0.92187,1.38,1.00
2014.02.28 15:12:06.519,0.92177,0.9219,1.38,1.00
2014.02.28 15:12:06.620,0.92177,0.92187,1.38,1.00
2014.02.28 15:12:06.821,0.92177,0.92189,1.38,1.00
2014.02.28 15:12:06.973,0.92177,0.92187,1.38,1.00
2014.02.28 15:12:07.156,0.92177,0.92189,1.38,1.00
2014.02.28 15:12:07.257,0.92177,0.92187,1.38,1.00
2014.02.28 15:12:07.408,0.92178,0.92191,3.23,1.13
2014.02.28 15:12:07.459,0.9218,0.92192,1.00,1.88
2014.02.28 15:12:07.962,0.92179,0.92187,1.00,1.00
2014.02.28 15:12:08.063,0.92179,0.92192,1.13,2.25
2014.02.28 15:12:08.164,0.92179,0.92187,1.00,1.00
2014.02.28 15:12:09.394,0.9218,0.92187,1.00,1.00
2014.02.28 15:12:11.068,0.92179,0.92187,1.00,1.00
2014.02.28 15:12:11.370,0.92177,0.92182,1.00,1.00
2014.02.28 15:12:11.421,0.92173,0.92182,2.63,1.00
2014.02.28 15:12:11.946,0.92173,0.92182,2.63,1.00
2014.02.28 15:12:12.134,0.92173,0.92186,3.38,1.00
2014.02.28 15:12:12.286,0.92177,0.92187,1.00,1.50
2014.02.28 15:12:12.830,0.92176,0.92187,1.88,1.00
2014.02.28 15:12:17.035,0.92176,0.92187,1.88,1.00
2014.02.28 15:12:17.489,0.92176,0.92182,1.00,1.00
2014.02.28 15:12:17.590,0.92174,0.92182,1.50,1.38
2014.02.28 15:12:17.893,0.92171,0.92182,1.00,1.88
2014.02.28 15:12:18.430,0.9217,0.92182,2.63,1.00
2014.02.28 15:12:18.531,0.92173,0.92182,1.00,1.00
2014.02.28 15:12:21.174,0.92171,0.92182,1.00,1.13
2014.02.28 15:12:21.225,0.92171,0.92177,1.00,1.00
2014.02.28 15:12:21.730,0.92168,0.92177,1.13,1.00
2014.02.28 15:12:22.985,0.92168,0.92177,1.38,1.00
2014.02.28 15:12:27.634,0.9217,0.92181,1.38,1.00
2014.02.28 15:12:27.735,0.92173,0.92181,1.38,1.00
2014.02.28 15:12:27.786,0.92173,0.92183,1.38,1.00
2014.02.28 15:12:27.887,0.92174,0.92186,1.88,1.13
2014.02.28 15:12:27.938,0.92174,0.92182,1.00,1.00
2014.02.28 15:12:28.089,0.92172,0.92182,1.50,1.00
2014.02.28 15:12:33.267,0.9217,0.92182,2.25,1.50
2014.02.28 15:12:33.418,0.92173,0.92182,1.00,1.00
2014.02.28 15:12:34.990,0.92173,0.92177,1.00,1.00
2014.02.28 15:12:35.141,0.9217,0.92177,1.00,1.00
2014.02.28 15:12:35.242,0.92167,0.92177,1.00,1.00
2014.02.28 15:12:35.764,0.92168,0.92177,1.38,1.00
2014.02.28 15:12:35.915,0.9217,0.92179,1.38,1.00
2014.02.28 15:12:37.347,0.9217,0.92181,1.38,1.00
2014.02.28 15:12:37.448,0.9217,0.92179,1.38,1.00
2014.02.28 15:12:37.969,0.92169,0.92179,1.13,1.00
2014.02.28 15:12:42.081,0.92168,0.92176,1.38,1.00
2014.02.28 15:12:42.384,0.9216,0.92167,1.00,1.38
2014.02.28 15:12:42.536,0.92157,0.92167,2.10,1.38
2014.02.28 15:12:42.800,0.92158,0.92167,1.38,1.50
2014.02.28 15:12:42.901,0.92158,0.92167,1.13,1.00
2014.02.28 15:12:43.426,0.92159,0.92167,1.00,1.00
2014.02.28 15:12:43.477,0.9216,0.92169,1.00,1.00
2014.02.28 15:12:43.679,0.92163,0.92169,1.00,1.00
2014.02.28 15:12:43.831,0.92163,0.92174,1.38,1.50
2014.02.28 15:12:44.032,0.92165,0.92174,1.38,1.00
2014.02.28 15:12:44.385,0.92167,0.92177,1.00,1.00
2014.02.28 15:12:45.664,0.92167,0.92177,1.38,1.00
2014.02.28 15:12:46.172,0.92167,0.92177,1.13,1.00
2014.02.28 15:12:47.432,0.92164,0.92177,2.25,1.38
2014.02.28 15:12:47.890,0.92163,0.92172,1.00,1.00
2014.02.28 15:12:48.203,0.9216,0.92167,2.97,1.00
2014.02.28 15:12:48.304,0.9216,0.92172,2.63,1.13
2014.02.28 15:12:48.411,0.9216,0.92172,2.63,1.00
2014.02.28 15:12:48.912,0.9216,0.92172,2.63,1.00
2014.02.28 15:12:49.475,0.92162,0.92172,1.00,1.00
2014.02.28 15:12:51.084,0.92162,0.92172,1.38,1.00
2014.02.28 15:12:51.783,0.92162,0.92172,1.00,1.00
2014.02.28 15:12:59.223,0.92162,0.92167,1.00,1.00
2014.02.28 15:12:59.425,0.9216,0.92167,1.00,1.00
2014.02.28 15:13:00.035,0.92159,0.92167,1.00,1.00
2014.02.28 15:13:04.212,0.92158,0.92167,1.00,1.00
2014.02.28 15:13:04.262,0.92157,0.92162,1.00,1.00
2014.02.28 15:13:04.414,0.92155,0.92162,1.00,1.00
2014.02.28 15:13:04.565,0.92154,0.92167,1.00,1.88
2014.02.28 15:13:04.716,0.92154,0.92167,1.00,1.88
2014.02.28 15:13:05.161,0.92156,0.92167,1.00,1.38
2014.02.28 15:13:06.353,0.92158,0.92168,1.00,1.38
2014.02.28 15:13:06.454,0.92158,0.92168,1.00,1.13
2014.02.28 15:13:06.980,0.92159,0.92169,1.00,1.00
2014.02.28 15:13:09.437,0.92159,0.92171,1.00,1.13
2014.02.28 15:13:10.018,0.92163,0.92171,1.00,1.13
2014.02.28 15:13:10.435,0.92163,0.92171,1.00,1.38
2014.02.28 15:13:10.536,0.92161,0.92171,1.00,1.38
2014.02.28 15:13:11.040,0.92161,0.92167,1.00,1.00
2014.02.28 15:13:11.601,0.92161,0.92168,1.00,1.13
2014.02.28 15:13:12.577,0.92161,0.92169,1.00,1.13
2014.02.28 15:13:13.251,0.92161,0.92169,1.00,3.23
2014.02.28 15:13:13.430,0.92158,0.92167,1.50,1.13
2014.02.28 15:13:14.165,0.92161,0.92169,1.00,3.23
2014.02.28 15:13:14.686,0.92162,0.92169,1.00,1.13
2014.02.28 15:13:15.207,0.92162,0.92171,1.00,1.38
2014.02.28 15:13:15.561,0.92164,0.92173,1.00,1.38
2014.02.28 15:13:16.154,0.92164,0.92172,1.00,1.88
2014.02.28 15:13:16.356,0.92159,0.92172,1.00,2.63
2014.02.28 15:13:16.932,0.92161,0.92172,1.00,1.88
2014.02.28 15:13:17.135,0.92162,0.92172,1.00,1.50
2014.02.28 15:13:26.692,0.92163,0.92175,1.00,1.13
2014.02.28 15:13:26.793,0.92164,0.92172,1.00,1.00
2014.02.28 15:13:27.098,0.92166,0.92172,1.00,1.00
2014.02.28 15:13:27.400,0.92163,0.92172,1.00,1.38
2014.02.28 15:13:27.451,0.92163,0.92167,1.00,1.00
2014.02.28 15:13:27.552,0.9216,0.92167,1.50,1.38
2014.02.28 15:13:27.603,0.9216,0.92167,1.50,1.13
2014.02.28 15:13:27.653,0.92162,0.92167,1.00,1.13
2014.02.28 15:13:27.755,0.9216,0.92167,1.00,1.38
2014.02.28 15:13:27.906,0.92162,0.92168,1.00,1.00
2014.02.28 15:13:28.221,0.92174,0.92179,1.00,1.00
2014.02.28 15:13:28.275,0.92175,0.92182,1.00,1.00
2014.02.28 15:13:28.577,0.92176,0.92185,1.00,1.13
2014.02.28 15:13:28.880,0.92176,0.92182,1.00,1.13
2014.02.28 15:13:29.082,0.92178,0.92187,1.00,3.38
2014.02.28 15:13:29.183,0.92175,0.92187,1.00,3.38
2014.02.28 15:13:29.785,0.92175,0.92182,1.00,1.00
2014.02.28 15:13:30.548,0.92175,0.92187,1.00,1.88
2014.02.28 15:13:32.627,0.92175,0.92182,1.00,1.00
2014.02.28 15:13:33.272,0.92175,0.92187,1.00,1.88
2014.02.28 15:13:33.493,0.92175,0.92187,1.00,1.88
2014.02.28 15:13:33.695,0.92177,0.92187,2.10,1.50
2014.02.28 15:13:33.998,0.92175,0.92187,2.85,2.63
2014.02.28 15:13:34.264,0.92175,0.92187,1.00,1.88
2014.02.28 15:13:34.607,0.92175,0.92182,1.00,1.00
2014.02.28 15:13:37.518,0.92174,0.92182,1.00,1.00
2014.02.28 15:13:38.337,0.92173,0.92182,1.50,1.00
2014.02.28 15:13:39.809,0.92173,0.92182,1.00,1.38
2014.02.28 15:13:40.112,0.92166,0.92173,1.00,1.38
2014.02.28 15:13:40.162,0.92166,0.92173,1.00,1.38
2014.02.28 15:13:40.263,0.92163,0.92167,1.00,1.00
2014.02.28 15:13:40.515,0.9216,0.92167,1.50,1.00
2014.02.28 15:13:40.566,0.92162,0.92167,1.00,1.00
2014.02.28 15:13:41.981,0.92161,0.92167,1.50,1.00
2014.02.28 15:13:42.953,0.92163,0.92167,1.00,1.00
2014.02.28 15:13:43.105,0.92163,0.92172,1.13,1.00
2014.02.28 15:13:43.156,0.92167,0.92172,1.00,1.00
2014.02.28 15:13:43.408,0.92169,0.92175,1.00,1.00
2014.02.28 15:13:43.458,0.92171,0.92175,1.00,1.00
2014.02.28 15:13:43.559,0.92169,0.92175,3.60,1.00
2014.02.28 15:13:44.696,0.92169,0.92177,3.60,1.00
2014.02.28 15:13:45.571,0.92167,0.92177,2.85,1.73
2014.02.28 15:13:45.622,0.92167,0.92172,1.00,1.00
2014.02.28 15:13:45.823,0.92163,0.92172,2.10,1.00
2014.02.28 15:13:48.704,0.92163,0.92172,1.00,1.38
2014.02.28 15:13:49.445,0.92163,0.92172,1.00,1.38
2014.02.28 15:13:49.598,0.92161,0.92172,1.00,2.48
2014.02.28 15:13:49.649,0.92159,0.92167,1.50,1.13
2014.02.28 15:13:49.901,0.9216,0.9217,1.13,1.00
2014.02.28 15:13:50.002,0.9216,0.92172,1.88,1.88
2014.02.28 15:13:50.204,0.92162,0.92172,1.00,1.13
2014.02.28 15:13:50.506,0.92164,0.92173,3.23,1.00
2014.02.28 15:13:50.808,0.92169,0.92173,1.00,1.00
2014.02.28 15:13:51.621,0.92169,0.92177,1.00,1.00
2014.02.28 15:13:51.722,0.92171,0.92177,1.00,1.00
2014.02.28 15:13:51.823,0.92169,0.92177,1.00,1.00
2014.02.28 15:13:51.874,0.92168,0.92173,1.00,1.00
2014.02.28 15:13:52.026,0.92166,0.92172,1.50,1.00
2014.02.28 15:13:52.177,0.92164,0.92172,1.00,1.00
2014.02.28 15:13:53.404,0.92163,0.92172,1.00,1.38
2014.02.28 15:13:53.707,0.92159,0.92172,1.50,3.98
2014.02.28 15:13:54.211,0.92159,0.92171,1.50,1.38
2014.02.28 15:13:54.824,0.92159,0.92171,1.50,1.38
2014.02.28 15:13:54.875,0.92159,0.92167,1.00,1.00
2014.02.28 15:13:55.127,0.92157,0.92167,1.00,1.88
2014.02.28 15:13:56.813,0.92157,0.92167,1.00,1.38
2014.02.28 15:13:58.047,0.92157,0.92167,1.00,1.00
2014.02.28 15:13:58.198,0.9216,0.92168,1.00,1.00
2014.02.28 15:13:58.249,0.9216,0.92171,1.00,1.13
2014.02.28 15:13:58.451,0.9216,0.92169,1.00,1.00
2014.02.28 15:13:58.551,0.9216,0.92171,1.00,1.00
2014.02.28 15:13:58.804,0.92161,0.92171,1.38,1.00
2014.02.28 15:13:59.156,0.92163,0.92172,1.88,1.00
2014.02.28 15:13:59.459,0.92169,0.92177,1.00,1.00
2014.02.28 15:13:59.713,0.92171,0.92181,1.38,1.00
2014.02.28 15:13:59.914,0.92176,0.92185,1.13,2.10
2014.02.28 15:14:00.015,0.92175,0.92187,1.88,1.50
2014.02.28 15:14:02.114,0.92176,0.92187,1.00,1.38
2014.02.28 15:14:02.687,0.92176,0.92182,1.00,1.00
2014.02.28 15:14:03.422,0.92175,0.92182,1.00,1.00
2014.02.28 15:14:04.953,0.92175,0.92187,1.00,1.88
2014.02.28 15:14:05.609,0.92175,0.92187,1.00,1.88
2014.02.28 15:14:07.082,0.92175,0.92187,1.00,1.88
2014.02.28 15:14:10.172,0.92173,0.92186,3.00,1.38
2014.02.28 15:14:10.783,0.92173,0.92186,2.63,1.38
2014.02.28 15:14:11.553,0.92173,0.92186,3.00,1.13
2014.02.28 15:14:18.142,0.92173,0.92185,1.88,1.00
2014.02.28 15:14:18.243,0.92173,0.92183,1.88,1.00
2014.02.28 15:14:18.546,0.92171,0.92182,1.50,1.38
2014.02.28 15:14:18.848,0.92169,0.92177,1.13,1.00
2014.02.28 15:14:18.949,0.92171,0.9218,1.00,1.00
2014.02.28 15:14:19.302,0.92169,0.92182,3.23,1.88
2014.02.28 15:14:19.655,0.92171,0.92182,1.00,1.38
2014.02.28 15:14:20.001,0.92168,0.92182,3.38,3.38
2014.02.28 15:14:20.404,0.92168,0.92179,2.63,1.00
2014.02.28 15:14:20.760,0.92168,0.92181,2.63,1.13
2014.02.28 15:14:20.861,0.92168,0.92179,2.63,1.00
2014.02.28 15:14:21.366,0.92168,0.92181,2.25,1.38
2014.02.28 15:14:21.703,0.92168,0.92178,2.25,1.00
2014.02.28 15:14:22.221,0.92168,0.92177,1.88,1.00
2014.02.28 15:14:22.423,0.92169,0.92181,1.38,1.50
2014.02.28 15:14:22.575,0.92172,0.92181,1.00,1.00
2014.02.28 15:14:24.302,0.92172,0.9218,1.00,1.00
2014.02.28 15:14:24.554,0.92172,0.92182,1.00,1.00
2014.02.28 15:14:24.706,0.92172,0.92179,1.00,1.00
2014.02.28 15:14:24.907,0.9217,0.9218,1.13,1.00
2014.02.28 15:14:24.958,0.9217,0.92182,1.13,2.25
2014.02.28 15:14:25.109,0.92173,0.92182,1.00,2.25
2014.02.28 15:14:25.362,0.92173,0.92184,1.88,1.00
2014.02.28 15:14:26.753,0.92173,0.92184,2.25,1.00
2014.02.28 15:14:27.272,0.92173,0.92183,1.88,1.00
2014.02.28 15:14:30.722,0.92173,0.92183,1.88,1.00
2014.02.28 15:14:33.497,0.92173,0.92184,1.88,1.50
2014.02.28 15:14:34.013,0.92177,0.92184,1.00,1.00
2014.02.28 15:14:34.265,0.92177,0.92187,1.00,2.25
2014.02.28 15:14:34.574,0.92175,0.92187,1.88,1.88
2014.02.28 15:14:37.344,0.92175,0.92184,1.13,1.00
2014.02.28 15:14:37.867,0.92174,0.92184,1.13,1.00
2014.02.28 15:14:38.895,0.92173,0.92184,1.88,1.00
2014.02.28 15:14:39.409,0.92174,0.92185,1.68,1.00
2014.02.28 15:14:39.712,0.92183,0.92191,1.13,1.88
2014.02.28 15:14:40.066,0.92181,0.92191,1.50,1.13
2014.02.28 15:14:40.681,0.92182,0.92191,1.00,1.13
2014.02.28 15:14:41.252,0.92183,0.92191,1.00,1.00
2014.02.28 15:14:41.353,0.92183,0.92193,1.00,1.88
2014.02.28 15:14:41.826,0.92182,0.9219,1.00,1.00
2014.02.28 15:14:42.179,0.9218,0.92189,1.00,1.13
2014.02.28 15:14:42.582,0.92179,0.92187,1.00,2.10
2014.02.28 15:14:43.104,0.92179,0.92188,1.00,1.00
2014.02.28 15:14:43.618,0.92178,0.92188,1.13,1.00
2014.02.28 15:14:44.142,0.92177,0.92187,1.50,1.00
2014.02.28 15:14:45.345,0.92179,0.92187,1.00,1.00
2014.02.28 15:14:45.547,0.92179,0.92189,1.00,1.13
2014.02.28 15:14:45.799,0.92183,0.9219,1.00,1.00
2014.02.28 15:14:46.052,0.92183,0.92193,1.50,1.00
2014.02.28 15:14:46.657,0.92183,0.92193,3.60,1.00
2014.02.28 15:14:46.708,0.92185,0.92197,2.48,1.00
2014.02.28 15:14:46.910,0.92193,0.92199,1.50,1.00
2014.02.28 15:14:47.111,0.92191,0.92202,1.50,1.75
2014.02.28 15:14:47.212,0.92191,0.922,1.00,1.00
2014.02.28 15:14:47.263,0.92189,0.922,1.00,1.00
2014.02.28 15:14:47.414,0.92191,0.922,1.00,1.00
2014.02.28 15:14:47.755,0.92192,0.92202,1.00,1.13
2014.02.28 15:14:48.385,0.92193,0.92202,1.00,1.13
2014.02.28 15:14:48.566,0.92195,0.92204,1.00,1.38
2014.02.28 15:14:49.082,0.92194,0.92204,1.00,1.38
2014.02.28 15:14:49.500,0.92192,0.92202,1.00,1.13
2014.02.28 15:14:50.846,0.92191,0.92202,1.00,1.13
2014.02.28 15:14:51.394,0.92191,0.92197,1.00,1.00
2014.02.28 15:14:51.696,0.92186,0.92192,1.00,1.00
2014.02.28 15:14:51.848,0.9219,0.92194,1.00,1.00
2014.02.28 15:14:52.201,0.92185,0.92195,1.00,1.13
2014.02.28 15:14:53.572,0.92185,0.92192,1.00,1.00
2014.02.28 15:14:53.674,0.92183,0.92192,1.13,1.00
2014.02.28 15:14:53.826,0.92181,0.92192,1.50,1.38
2014.02.28 15:14:54.333,0.92181,0.92192,1.00,1.13
2014.02.28 15:14:55.013,0.92184,0.92193,1.00,1.13
2014.02.28 15:14:55.316,0.9219,0.92196,1.00,1.00
2014.02.28 15:14:55.518,0.92191,0.92202,1.00,1.50
2014.02.28 15:14:55.669,0.92191,0.92202,1.00,2.25
2014.02.28 15:14:57.393,0.92191,0.92202,1.38,1.50
2014.02.28 15:14:57.942,0.92191,0.92202,1.00,1.50
2014.02.28 15:14:58.649,0.92192,0.92202,1.00,1.00
2014.02.28 15:14:58.751,0.92191,0.92197,1.00,1.00
2014.02.28 15:14:58.902,0.9219,0.92202,2.85,1.88
2014.02.28 15:14:59.255,0.92191,0.92202,1.00,1.38
2014.02.28 15:14:59.863,0.92192,0.92202,1.50,1.00
2014.02.28 15:15:00.410,0.92191,0.92202,1.00,1.00
2014.02.28 15:15:00.936,0.92191,0.92202,1.00,1.38
2014.02.28 15:15:01.496,0.92191,0.92202,1.00,1.00
2014.02.28 15:15:02.028,0.92191,0.922,1.00,1.00
2014.02.28 15:15:02.381,0.9219,0.92202,1.88,1.00
2014.02.28 15:15:02.432,0.9219,0.922,1.38,1.00
2014.02.28 15:15:02.634,0.92188,0.922,1.13,1.00
2014.02.28 15:15:02.886,0.92188,0.922,1.38,1.00
2014.02.28 15:15:03.416,0.92188,0.92201,1.88,1.00
2014.02.28 15:15:04.131,0.9219,0.92201,1.13,1.00
2014.02.28 15:15:04.667,0.9219,0.92201,1.38,1.00
2014.02.28 15:15:05.191,0.9219,0.92201,1.00,1.13
2014.02.28 15:15:05.741,0.9219,0.92201,1.38,1.00
2014.02.28 15:15:06.250,0.9219,0.92201,1.00,1.38
2014.02.28 15:15:06.300,0.92188,0.92201,3.00,1.38
2014.02.28 15:15:07.172,0.92188,0.922,2.63,1.00
2014.02.28 15:15:07.373,0.92188,0.92202,3.38,2.25
2014.02.28 15:15:07.776,0.9219,0.922,1.00,1.00
2014.02.28 15:15:08.079,0.92188,0.92197,2.63,1.00
2014.02.28 15:15:08.958,0.92188,0.92197,1.50,1.00
2014.02.28 15:15:09.160,0.92186,0.92197,1.13,1.00
2014.02.28 15:15:09.513,0.92188,0.92197,1.38,1.00
2014.02.28 15:15:09.664,0.9219,0.92202,1.13,4.73
2014.02.28 15:15:10.177,0.9219,0.92202,1.38,1.50
2014.02.28 15:15:10.941,0.9219,0.92202,1.13,1.88
2014.02.28 15:15:11.193,0.92189,0.922,1.13,1.00
2014.02.28 15:15:11.739,0.92189,0.92197,1.13,1.00
2014.02.28 15:15:12.041,0.92191,0.922,1.38,1.00
2014.02.28 15:15:12.243,0.92191,0.92202,1.38,1.00
2014.02.28 15:15:13.248,0.92193,0.92202,1.38,1.00
2014.02.28 15:15:13.601,0.92194,0.92207,1.38,4.73
2014.02.28 15:15:14.105,0.92194,0.92207,1.38,2.25
2014.02.28 15:15:14.256,0.92194,0.92206,1.00,1.13
2014.02.28 15:15:14.307,0.92194,0.92202,1.00,1.00
2014.02.28 15:15:14.830,0.92193,0.92202,1.88,1.00
2014.02.28 15:15:16.033,0.92191,0.92197,1.38,1.00
2014.02.28 15:15:16.134,0.92191,0.92202,1.13,1.50
2014.02.28 15:15:16.638,0.92192,0.92202,1.00,1.50
2014.02.28 15:15:16.739,0.9219,0.92202,1.88,1.50
2014.02.28 15:15:16.890,0.9219,0.922,1.00,1.00
2014.02.28 15:15:17.226,0.92188,0.92197,1.13,1.00
2014.02.28 15:15:19.141,0.92187,0.92197,1.88,1.00
2014.02.28 15:15:20.784,0.92187,0.92192,1.00,1.00
2014.02.28 15:15:20.885,0.92185,0.92192,1.88,1.00
2014.02.28 15:15:21.238,0.92181,0.92187,1.00,1.00
2014.02.28 15:15:21.891,0.92179,0.92191,1.38,2.10
2014.02.28 15:15:21.992,0.92181,0.92191,1.38,2.10
2014.02.28 15:15:22.093,0.9218,0.92192,1.38,1.50
2014.02.28 15:15:22.194,0.9218,0.92192,1.88,1.00
2014.02.28 15:15:22.873,0.92183,0.92192,1.00,1.00
2014.02.28 15:15:23.276,0.92183,0.92192,4.73,1.00
2014.02.28 15:15:23.327,0.92183,0.92197,6.23,3.00
2014.02.28 15:15:26.363,0.92186,0.92197,1.13,1.50
2014.02.28 15:15:26.917,0.92185,0.92197,1.38,1.50
2014.02.28 15:15:27.363,0.92185,0.92197,1.00,1.88
2014.02.28 15:15:27.414,0.92185,0.92192,1.00,1.00
2014.02.28 15:15:27.615,0.92183,0.92192,1.00,1.00
2014.02.28 15:15:29.012,0.92181,0.92192,1.38,1.00
2014.02.28 15:15:29.566,0.9218,0.92192,2.63,1.00
2014.02.28 15:15:30.901,0.9218,0.92192,1.88,1.50
2014.02.28 15:15:31.501,0.9218,0.92192,1.88,1.50
2014.02.28 15:15:31.978,0.9218,0.92192,1.88,1.50
2014.02.28 15:15:32.624,0.9218,0.92192,1.88,1.50
2014.02.28 15:15:33.537,0.92182,0.92194,1.00,1.50
2014.02.28 15:15:33.650,0.92182,0.92192,1.50,1.00
2014.02.28 15:15:34.325,0.92183,0.92192,1.00,1.00
2014.02.28 15:15:34.476,0.92184,0.92196,1.00,3.83
2014.02.28 15:15:34.956,0.92186,0.92196,1.38,1.35
2014.02.28 15:15:35.158,0.92186,0.92197,1.00,1.00
2014.02.28 15:15:36.704,0.92186,0.92197,1.38,1.00
2014.02.28 15:15:37.007,0.92189,0.922,1.38,1.00
2014.02.28 15:15:37.057,0.92189,0.922,1.38,1.00
2014.02.28 15:15:37.209,0.92189,0.92197,1.00,1.00
2014.02.28 15:15:37.511,0.92188,0.922,1.13,1.13
2014.02.28 15:15:37.612,0.92188,0.922,1.38,1.00
2014.02.28 15:15:38.184,0.92191,0.92201,1.13,1.00
2014.02.28 15:15:38.894,0.92191,0.92202,1.13,1.00
2014.02.28 15:15:39.390,0.92191,0.922,1.13,1.00
2014.02.28 15:15:39.542,0.92191,0.92202,1.13,1.00
2014.02.28 15:15:39.592,0.92193,0.92199,1.00,1.00
2014.02.28 15:15:39.747,0.92195,0.92203,1.00,2.48
2014.02.28 15:15:40.251,0.92195,0.92204,1.00,1.00
2014.02.28 15:15:41.151,0.92195,0.92206,1.00,1.88
2014.02.28 15:15:41.749,0.92194,0.92206,1.13,1.50
2014.02.28 15:15:42.526,0.92194,0.92206,1.00,1.88
2014.02.28 15:15:43.051,0.92194,0.92206,1.13,1.50
2014.02.28 15:15:43.839,0.92194,0.92206,1.00,1.38
2014.02.28 15:15:44.498,0.92194,0.92206,1.13,1.00
2014.02.28 15:15:44.651,0.92194,0.92206,1.38,1.00
2014.02.28 15:15:45.002,0.92198,0.92207,1.00,1.00
2014.02.28 15:15:45.312,0.922,0.92207,1.00,1.00
2014.02.28 15:15:45.827,0.92201,0.92207,1.00,1.00
2014.02.28 15:15:46.328,0.92199,0.92207,1.13,1.00
2014.02.28 15:15:47.342,0.92195,0.92207,1.13,1.00
2014.02.28 15:15:47.392,0.92195,0.92207,1.00,1.38
2014.02.28 15:15:47.493,0.92194,0.92206,1.13,1.00
2014.02.28 15:15:47.912,0.92194,0.92206,1.00,1.38
2014.02.28 15:15:48.019,0.92194,0.92206,1.13,1.00
2014.02.28 15:15:49.011,0.92194,0.92206,1.38,1.00
2014.02.28 15:15:49.717,0.92194,0.92206,1.05,1.00
2014.02.28 15:15:49.843,0.92194,0.92206,3.15,1.00
2014.02.28 15:15:50.156,0.92199,0.92208,1.80,1.00
2014.02.28 15:15:50.770,0.92199,0.92208,1.88,1.00
2014.02.28 15:15:51.554,0.92199,0.92212,1.88,3.60
2014.02.28 15:15:52.837,0.92199,0.92207,1.88,1.00
2014.02.28 15:15:53.444,0.92198,0.92207,1.00,1.38
2014.02.28 15:15:53.847,0.92197,0.92201,1.00,1.00
2014.02.28 15:15:53.897,0.92195,0.92201,1.00,1.00
2014.02.28 15:15:53.948,0.92193,0.92201,1.00,1.50
2014.02.28 15:15:54.049,0.92193,0.92199,1.00,1.00
2014.02.28 15:15:54.100,0.9219,0.92197,1.00,1.50
2014.02.28 15:15:54.201,0.92188,0.92192,1.00,1.00
2014.02.28 15:15:54.302,0.92183,0.92192,1.88,1.00
2014.02.28 15:15:54.839,0.92182,0.92192,1.13,1.00
2014.02.28 15:15:55.927,0.92181,0.92192,2.25,1.00
2014.02.28 15:15:58.182,0.92181,0.92192,2.63,1.00
2014.02.28 15:15:58.384,0.92183,0.92192,1.38,1.00
2014.02.28 15:15:58.485,0.92183,0.92192,1.00,1.00
2014.02.28 15:15:58.687,0.92185,0.92192,1.00,1.00
2014.02.28 15:15:58.889,0.92181,0.92192,2.63,1.00
2014.02.28 15:16:00.461,0.92181,0.92191,1.88,1.00
2014.02.28 15:16:01.329,0.92181,0.92191,1.88,1.00
2014.02.28 15:16:02.193,0.92181,0.92187,1.88,1.00
2014.02.28 15:16:02.735,0.92181,0.9219,1.00,1.00
2014.02.28 15:16:03.319,0.92181,0.9219,1.38,1.00
2014.02.28 15:16:03.885,0.92181,0.9219,1.00,1.00
2014.02.28 15:16:04.976,0.92181,0.9219,1.38,1.00
2014.02.28 15:16:05.077,0.92181,0.92192,1.38,1.00
2014.02.28 15:16:05.179,0.92181,0.92192,1.00,1.00
2014.02.28 15:16:05.330,0.92181,0.92192,1.38,1.00
2014.02.28 15:16:05.431,0.92181,0.92191,1.00,1.00
2014.02.28 15:16:06.008,0.92181,0.92187,1.13,1.00
2014.02.28 15:16:06.160,0.92179,0.92187,1.88,1.50
2014.02.28 15:16:06.699,0.92179,0.92187,1.38,1.00
2014.02.28 15:16:11.089,0.9218,0.92191,1.00,3.23
2014.02.28 15:16:11.190,0.92178,0.92182,1.00,1.00
2014.02.28 15:16:11.291,0.92172,0.92178,1.00,1.00
2014.02.28 15:16:11.341,0.9217,0.92177,1.00,1.00
2014.02.28 15:16:11.773,0.92169,0.92179,1.13,1.00
2014.02.28 15:16:11.977,0.92169,0.92177,1.13,1.00
2014.02.28 15:16:12.498,0.92169,0.9218,1.13,1.00
2014.02.28 15:16:12.699,0.92169,0.92182,1.38,1.50
2014.02.28 15:16:12.800,0.92169,0.92182,1.13,1.50
2014.02.28 15:16:12.856,0.92172,0.92182,1.00,1.50
2014.02.28 15:16:13.209,0.92174,0.92182,1.00,1.00
2014.02.28 15:16:14.087,0.92172,0.92177,1.38,1.00
2014.02.28 15:16:14.389,0.92174,0.92182,1.00,1.88
2014.02.28 15:16:14.440,0.92169,0.92182,3.23,1.50
2014.02.28 15:16:14.642,0.92173,0.92182,1.00,1.50
2014.02.28 15:16:14.742,0.92171,0.92182,1.00,1.50
2014.02.28 15:16:14.843,0.92173,0.92182,1.00,1.50
2014.02.28 15:16:15.984,0.92171,0.92182,1.00,1.50
2014.02.28 15:16:16.186,0.92173,0.92182,1.00,1.50
2014.02.28 15:16:18.657,0.92173,0.92177,1.00,1.00
2014.02.28 15:16:22.976,0.92171,0.92177,1.00,1.00
2014.02.28 15:16:24.169,0.92171,0.9218,1.00,1.00
2014.02.28 15:16:29.987,0.92171,0.92177,1.13,1.00
2014.02.28 15:16:33.220,0.92169,0.92177,1.00,1.88
2014.02.28 15:16:33.270,0.92169,0.92174,1.00,1.00
2014.02.28 15:16:33.371,0.92165,0.92172,3.23,1.00
2014.02.28 15:16:33.523,0.92164,0.92176,1.38,1.00
