2007.11.30 17:00:00.142,1.10925,1.10955,1.90,1.60
2007.11.30 17:00:00.385,1.10925,1.10955,1.90,1.60
2007.11.30 17:00:00.627,1.10915,1.10945,4.30,1.60
2007.11.30 17:00:00.871,1.10915,1.10945,1.90,1.60
2007.11.30 17:00:01.138,1.10915,1.10945,1.90,1.60
2007.11.30 17:00:01.200,1.10905,1.10945,4.30,1.60
2007.11.30 17:00:01.406,1.10905,1.10945,4.30,1.60
2007.11.30 17:00:01.673,1.10915,1.10945,1.10,1.60
2007.11.30 17:00:01.940,1.10915,1.10945,1.30,1.60
2007.11.30 17:00:02.165,1.10915,1.10955,4.40,1.60
2007.11.30 17:00:02.388,1.10915,1.10955,4.40,1.60
2007.11.30 17:00:02.610,1.1091,1.10965,8.80,3.20
2007.11.30 17:00:02.835,1.10925,1.10965,0.80,3.20
2007.11.30 17:00:03.057,1.10905,1.10965,12.30,3.20
2007.11.30 17:00:03.390,1.10905,1.10965,14.70,1.60
2007.11.30 17:00:03.724,1.10905,1.10955,11.50,1.60
2007.11.30 17:00:04.059,1.10915,1.1095,9.10,0.10
2007.11.30 17:00:04.283,1.10905,1.1095,14.00,0.10
2007.11.30 17:00:04.506,1.10905,1.1095,6.80,0.10
2007.11.30 17:00:04.728,1.10905,1.1095,6.80,0.10
2007.11.30 17:00:04.951,1.10905,1.10955,6.80,3.20
2007.11.30 17:00:05.175,1.10925,1.10955,0.40,3.20
2007.11.30 17:00:05.495,1.10915,1.10955,4.30,3.20
2007.11.30 17:00:05.812,1.10925,1.10955,1.00,3.20
2007.11.30 17:00:06.129,1.10915,1.1095,4.30,0.10
2007.11.30 17:00:06.352,1.1091,1.1095,7.60,0.10
2007.11.30 17:00:06.575,1.10915,1.1095,0.40,0.10
2007.11.30 17:00:06.797,1.10905,1.1095,6.80,0.10
2007.11.30 17:00:07.021,1.10905,1.1095,6.80,0.10
2007.11.30 17:00:07.245,1.10915,1.1095,0.40,0.10
2007.11.30 17:00:07.543,1.10915,1.10955,2.00,3.20
2007.11.30 17:00:07.840,1.1092,1.10955,0.40,3.20
2007.11.30 17:00:08.138,1.10915,1.10955,2.00,3.20
2007.11.30 17:00:08.361,1.1092,1.10955,0.40,3.20
2007.11.30 17:00:08.583,1.1092,1.10955,0.40,3.20
2007.11.30 17:00:08.806,1.1092,1.10955,0.40,3.20
2007.11.30 17:00:09.028,1.10905,1.1095,11.50,0.10
2007.11.30 17:00:09.251,1.10915,1.1095,0.70,0.10
2007.11.30 17:00:09.534,1.10905,1.10945,11.50,1.60
2007.11.30 17:00:09.817,1.10905,1.10945,12.30,1.60
2007.11.30 17:00:10.101,1.10915,1.10945,0.80,1.60
2007.11.30 17:00:10.383,1.10905,1.10945,10.70,1.60
2007.11.30 17:00:10.682,1.10915,1.10945,0.90,1.60
2007.11.30 17:00:10.980,1.10905,1.10945,4.30,1.60
2007.11.30 17:00:11.333,1.10905,1.10945,4.30,1.60
2007.11.30 17:00:11.543,1.10905,1.10945,3.50,1.60
2007.11.30 17:00:11.750,1.10905,1.10945,3.50,1.60
2007.11.30 17:00:11.966,1.10905,1.10945,3.50,1.60
2007.11.30 17:00:12.173,1.10905,1.10945,3.50,1.60
2007.11.30 17:00:12.381,1.10905,1.10945,3.50,1.60
2007.11.30 17:00:12.715,1.10915,1.10945,0.90,1.60
2007.11.30 17:00:13.048,1.10905,1.10945,3.50,1.60
2007.11.30 17:00:13.381,1.10905,1.10945,3.50,1.60
2007.11.30 17:00:13.564,1.10905,1.10945,3.50,1.60
2007.11.30 17:00:13.746,1.10915,1.10945,0.70,1.60
2007.11.30 17:00:13.929,1.10915,1.10945,2.00,1.60
2007.11.30 17:00:14.112,1.10915,1.10955,5.90,1.60
2007.11.30 17:00:14.295,1.10915,1.10955,5.90,1.60
2007.11.30 17:00:14.478,1.10915,1.10955,5.90,1.60
2007.11.30 17:00:14.786,1.10915,1.10955,5.90,1.60
2007.11.30 17:00:15.093,1.10915,1.10955,5.90,1.60
2007.11.30 17:00:15.401,1.10925,1.10955,0.50,1.60
2007.11.30 17:00:15.604,1.10925,1.10955,1.10,1.60
2007.11.30 17:00:15.806,1.10925,1.10955,1.00,1.60
2007.11.30 17:00:16.010,1.10925,1.10955,1.10,1.60
2007.11.30 17:00:16.213,1.10915,1.10955,5.90,1.60
2007.11.30 17:00:16.415,1.10915,1.10955,5.90,1.60
2007.11.30 17:00:16.748,1.10915,1.10955,5.90,1.60
2007.11.30 17:00:17.081,1.10915,1.10955,5.90,1.60
2007.11.30 17:00:17.488,1.10925,1.10955,0.50,1.60
2007.11.30 17:00:17.650,1.10925,1.10955,0.60,1.60
2007.11.30 17:00:17.812,1.10925,1.10955,0.70,1.60
2007.11.30 17:00:17.975,1.10915,1.10955,5.90,1.60
2007.11.30 17:00:18.138,1.10915,1.10955,5.90,1.60
2007.11.30 17:00:18.301,1.10925,1.10955,0.80,1.60
2007.11.30 17:00:18.464,1.10925,1.10955,1.30,1.60
2007.11.30 17:00:18.630,1.10925,1.10955,1.10,1.60
2007.11.30 17:00:18.962,1.10915,1.10955,5.90,1.60
2007.11.30 17:00:19.295,1.10915,1.10955,5.90,1.60
2007.11.30 17:00:19.628,1.10925,1.10955,0.50,1.60
2007.11.30 17:00:19.840,1.10915,1.10955,5.90,1.60
2007.11.30 17:00:20.053,1.10915,1.10955,5.90,1.60
2007.11.30 17:00:20.265,1.10925,1.10955,1.10,1.60
2007.11.30 17:00:20.478,1.10915,1.10955,5.90,1.60
2007.11.30 17:00:20.689,1.10925,1.10955,0.80,1.60
2007.11.30 17:00:20.992,1.10915,1.10955,4.40,1.60
2007.11.30 17:00:21.294,1.10915,1.10955,4.40,1.60
2007.11.30 17:00:21.597,1.1092,1.10955,0.40,1.60
2007.11.30 17:00:21.846,1.10915,1.10955,4.40,1.60
2007.11.30 17:00:22.094,1.10925,1.10955,2.00,1.60
2007.11.30 17:00:22.342,1.1093,1.10955,0.40,1.60
2007.11.30 17:00:22.589,1.10925,1.10965,4.40,1.60
2007.11.30 17:00:22.857,1.1093,1.10965,0.40,1.60
2007.11.30 17:00:23.125,1.1093,1.10965,0.40,1.60
2007.11.30 17:00:23.393,1.10925,1.10965,4.40,1.60
2007.11.30 17:00:23.664,1.10925,1.10965,3.60,1.60
2007.11.30 17:00:23.886,1.10925,1.10965,3.60,1.60
2007.11.30 17:00:24.109,1.10925,1.10965,3.60,1.60
2007.11.30 17:00:24.332,1.10925,1.10965,3.60,1.60
2007.11.30 17:00:24.555,1.1092,1.1096,10.70,0.10
2007.11.30 17:00:24.780,1.10925,1.1096,0.40,0.10
2007.11.30 17:00:25.077,1.10925,1.1096,0.40,0.10
2007.11.30 17:00:25.365,1.10915,1.1096,11.60,0.10
2007.11.30 17:00:25.652,1.10915,1.1096,11.60,0.10
2007.11.30 17:00:25.941,1.10915,1.1096,11.60,0.10
2007.11.30 17:00:26.212,1.10925,1.1096,0.40,0.10
2007.11.30 17:00:26.474,1.10925,1.1096,0.40,0.10
2007.11.30 17:00:26.737,1.10925,1.1096,0.40,0.10
2007.11.30 17:00:26.974,1.10915,1.1096,11.60,0.10
2007.11.30 17:00:27.213,1.10925,1.1096,0.40,0.10
2007.11.30 17:00:27.450,1.10915,1.1096,11.60,0.10
2007.11.30 17:00:27.688,1.10915,1.1096,11.60,0.10
2007.11.30 17:00:27.925,1.10925,1.1096,0.40,0.10
2007.11.30 17:00:28.214,1.10915,1.1096,11.60,0.10
2007.11.30 17:00:28.502,1.10925,1.1096,0.60,0.10
2007.11.30 17:00:28.790,1.10925,1.1096,1.90,0.10
2007.11.30 17:00:29.078,1.1092,1.10955,0.40,0.10
2007.11.30 17:00:29.318,1.1092,1.10955,0.40,1.60
2007.11.30 17:00:29.558,1.1092,1.10955,0.40,1.60
2007.11.30 17:00:29.839,1.1092,1.10955,0.40,1.60
2007.11.30 17:00:30.076,1.10925,1.10955,0.80,1.60
2007.11.30 17:00:30.323,1.10925,1.10955,0.80,1.60
2007.11.30 17:00:30.571,1.10925,1.10955,0.80,1.60
2007.11.30 17:00:30.819,1.10925,1.10945,0.80,1.60
2007.11.30 17:00:31.074,1.10915,1.10945,4.30,1.60
2007.11.30 17:00:31.311,1.10915,1.10945,4.30,1.60
2007.11.30 17:00:31.548,1.10915,1.10945,4.30,1.60
2007.11.30 17:00:31.785,1.10915,1.10945,4.30,1.60
2007.11.30 17:00:32.023,1.10915,1.10945,4.30,1.60
2007.11.30 17:00:32.256,1.10915,1.1095,4.30,0.10
2007.11.30 17:00:32.490,1.10915,1.1095,4.30,0.10
2007.11.30 17:00:32.722,1.10925,1.10955,1.90,1.60
2007.11.30 17:00:32.955,1.10925,1.10955,1.90,1.60
2007.11.30 17:00:33.188,1.10925,1.10955,1.90,1.60
2007.11.30 17:00:33.471,1.10925,1.10955,3.50,1.60
2007.11.30 17:00:33.753,1.10925,1.10955,3.50,1.60
2007.11.30 17:00:34.035,1.10925,1.10955,3.50,1.60
2007.11.30 17:00:34.317,1.10925,1.10955,3.50,1.60
2007.11.30 17:00:34.595,1.10925,1.10955,3.50,1.60
2007.11.30 17:00:34.873,1.10925,1.10955,1.60,1.60
2007.11.30 17:00:35.151,1.10925,1.10955,1.60,1.60
2007.11.30 17:00:35.370,1.10925,1.10955,1.60,1.60
2007.11.30 17:00:35.588,1.10925,1.10955,1.60,1.60
2007.11.30 17:00:35.806,1.10925,1.10955,1.60,1.60
2007.11.30 17:00:36.024,1.10925,1.10955,1.60,1.60
2007.11.30 17:00:36.242,1.10925,1.10955,1.90,1.60
2007.11.30 17:00:36.510,1.1093,1.10955,0.40,1.60
2007.11.30 17:00:36.779,1.10925,1.1096,1.90,0.10
2007.11.30 17:00:37.047,1.10925,1.1096,1.90,0.10
2007.11.30 17:00:37.315,1.1093,1.10965,0.40,1.60
2007.11.30 17:00:37.578,1.1093,1.10965,0.40,1.60
2007.11.30 17:00:37.842,1.10925,1.10955,2.40,1.60
2007.11.30 17:00:38.104,1.10925,1.10955,2.40,1.60
2007.11.30 17:00:38.367,1.10925,1.10955,2.40,1.60
2007.11.30 17:00:38.670,1.10925,1.10955,2.40,1.60
2007.11.30 17:00:38.973,1.10945,1.10955,0.80,1.60
2007.11.30 17:00:39.275,1.10935,1.10955,0.80,1.60
2007.11.30 17:00:39.578,1.10935,1.10955,0.80,1.60
2007.11.30 17:00:39.826,1.10935,1.10955,0.80,1.60
2007.11.30 17:00:40.074,1.10925,1.10955,1.60,1.60
2007.11.30 17:00:40.321,1.10925,1.10955,1.60,1.60
2007.11.30 17:00:40.561,1.10925,1.10955,2.40,1.60
2007.11.30 17:00:40.794,1.10925,1.10955,2.40,1.60
2007.11.30 17:00:41.027,1.10925,1.10955,2.40,1.60
2007.11.30 17:00:41.260,1.10925,1.10955,2.40,1.60
2007.11.30 17:00:41.498,1.10925,1.10955,2.40,1.60
2007.11.30 17:00:41.720,1.10925,1.10945,0.80,1.60
2007.11.30 17:00:41.948,1.10925,1.10945,0.80,1.60
2007.11.30 17:00:42.177,1.10925,1.10945,2.40,1.60
2007.11.30 17:00:42.404,1.10925,1.10955,2.40,1.60
2007.11.30 17:00:42.632,1.10925,1.10955,2.40,1.60
2007.11.30 17:00:42.854,1.10925,1.10955,2.40,1.60
2007.11.30 17:00:43.076,1.10925,1.10955,2.40,1.60
2007.11.30 17:00:43.300,1.10925,1.10955,1.60,1.60
2007.11.30 17:00:43.524,1.10925,1.10955,1.60,1.60
2007.11.30 17:00:43.791,1.10925,1.10955,1.60,1.60
2007.11.30 17:00:44.058,1.1092,1.10955,0.40,1.60
2007.11.30 17:00:44.327,1.10915,1.10945,3.20,0.10
2007.11.30 17:00:44.595,1.10915,1.10945,1.60,1.60
2007.11.30 17:00:44.710,1.1091,1.10945,2.00,1.60
2007.11.30 17:00:44.833,1.10915,1.10945,1.60,1.60
2007.11.30 17:00:45.070,1.10915,1.10945,1.60,1.60
2007.11.30 17:00:45.308,1.10915,1.10945,1.60,1.60
2007.11.30 17:00:45.547,1.10915,1.10945,1.60,1.60
2007.11.30 17:00:45.785,1.10915,1.10945,1.60,1.60
2007.11.30 17:00:46.058,1.10915,1.10945,1.60,1.60
2007.11.30 17:00:46.331,1.1091,1.10945,0.40,1.60
2007.11.30 17:00:46.604,1.10915,1.10945,0.40,1.60
2007.11.30 17:00:46.827,1.10915,1.10945,1.90,1.60
2007.11.30 17:00:47.050,1.10915,1.10945,1.90,1.60
2007.11.30 17:00:47.273,1.10915,1.10945,3.50,1.60
2007.11.30 17:00:47.495,1.10915,1.10945,3.50,1.60
2007.11.30 17:00:47.719,1.10915,1.10945,1.90,1.60
2007.11.30 17:00:47.991,1.10915,1.10945,1.90,1.60
2007.11.30 17:00:48.344,1.10915,1.10945,3.50,1.60
2007.11.30 17:00:48.618,1.10915,1.10945,1.90,1.60
2007.11.30 17:00:48.895,1.10915,1.10945,1.90,1.60
2007.11.30 17:00:49.104,1.10915,1.10945,1.90,1.60
2007.11.30 17:00:49.312,1.10915,1.10945,1.90,1.60
2007.11.30 17:00:49.519,1.10915,1.10945,1.90,1.60
2007.11.30 17:00:49.727,1.10915,1.10945,1.60,1.60
2007.11.30 17:00:50.060,1.10915,1.10945,1.60,1.60
2007.11.30 17:00:50.400,1.10905,1.10935,8.30,1.60
2007.11.30 17:00:50.733,1.10905,1.10935,4.30,1.60
2007.11.30 17:00:50.925,1.10905,1.10935,4.30,1.60
2007.11.30 17:00:51.117,1.10905,1.10935,4.30,1.60
2007.11.30 17:00:51.310,1.10905,1.10935,4.30,1.60
2007.11.30 17:00:51.506,1.10905,1.10935,3.50,1.60
2007.11.30 17:00:51.699,1.10905,1.10935,3.50,1.60
2007.11.30 17:00:52.006,1.1091,1.10935,0.40,1.60
2007.11.30 17:00:52.314,1.1091,1.1095,0.40,0.10
2007.11.30 17:00:52.622,1.10915,1.10955,0.40,3.20
2007.11.30 17:00:52.932,1.10915,1.10955,1.90,3.20
2007.11.30 17:00:53.108,1.10915,1.1095,1.60,0.10
2007.11.30 17:00:53.281,1.1091,1.1095,0.40,0.10
2007.11.30 17:00:53.454,1.1091,1.1095,0.40,0.10
2007.11.30 17:00:53.627,1.1091,1.1095,0.40,0.10
2007.11.30 17:00:53.802,1.1091,1.1095,0.40,0.10
2007.11.30 17:00:54.120,1.1091,1.1095,0.40,0.10
2007.11.30 17:00:54.515,1.10905,1.1094,4.00,0.10
2007.11.30 17:00:54.843,1.109,1.1094,0.40,0.10
2007.11.30 17:00:55.051,1.109,1.1094,0.40,0.10
2007.11.30 17:00:55.258,1.109,1.1094,0.40,0.10
2007.11.30 17:00:55.469,1.109,1.1094,0.40,0.10
2007.11.30 17:00:55.677,1.109,1.1094,0.40,0.10
2007.11.30 17:00:55.885,1.109,1.1094,0.40,0.10
2007.11.30 17:00:56.218,1.109,1.1094,0.40,0.10
2007.11.30 17:00:56.551,1.109,1.1094,0.40,0.10
2007.11.30 17:00:56.885,1.109,1.1094,0.40,0.10
2007.11.30 17:00:57.057,1.109,1.1094,0.40,0.10
2007.11.30 17:00:57.230,1.109,1.1094,0.40,0.10
2007.11.30 17:00:57.403,1.109,1.1094,0.40,0.10
2007.11.30 17:00:57.580,1.109,1.1094,0.40,0.10
2007.11.30 17:00:57.751,1.109,1.1094,0.40,0.10
2007.11.30 17:00:57.923,1.109,1.1094,0.40,0.10
2007.11.30 17:00:58.256,1.109,1.1094,0.40,0.10
2007.11.30 17:00:58.589,1.109,1.1094,0.40,0.10
2007.11.30 17:00:58.923,1.1091,1.10945,0.40,1.60
2007.11.30 17:00:59.140,1.1091,1.10945,0.40,1.60
2007.11.30 17:00:59.359,1.1091,1.10945,0.40,1.60
2007.11.30 17:00:59.577,1.1091,1.10945,0.40,1.60
2007.11.30 17:00:59.795,1.1091,1.10945,0.40,1.60
2007.11.30 17:01:00.012,1.1091,1.10945,0.40,1.60
2007.11.30 17:01:00.310,1.1091,1.10945,0.40,1.60
2007.11.30 17:01:00.685,1.1091,1.10945,0.40,1.60
2007.11.30 17:01:00.983,1.1091,1.10945,0.40,1.60
2007.11.30 17:01:01.216,1.1091,1.10945,0.40,1.60
2007.11.30 17:01:01.456,1.1091,1.10945,0.40,1.60
2007.11.30 17:01:01.693,1.1091,1.10945,0.40,1.60
2007.11.30 17:01:01.924,1.1091,1.10945,0.40,1.60
2007.11.30 17:01:02.157,1.1091,1.10945,0.40,1.60
2007.11.30 17:01:02.415,1.1091,1.10945,0.40,1.60
2007.11.30 17:01:02.672,1.1091,1.10945,0.40,1.60
2007.11.30 17:01:02.929,1.1091,1.10945,0.40,1.60
2007.11.30 17:01:03.187,1.1091,1.10945,0.40,1.60
2007.11.30 17:01:03.390,1.1091,1.10945,0.40,1.60
2007.11.30 17:01:03.593,1.1091,1.10945,0.40,1.60
2007.11.30 17:01:03.795,1.1091,1.10945,0.40,1.60
2007.11.30 17:01:03.998,1.1091,1.10945,0.40,1.60
2007.11.30 17:01:04.200,1.1091,1.10945,0.40,1.60
2007.11.30 17:01:04.478,1.1091,1.10945,0.40,1.60
2007.11.30 17:01:04.751,1.1091,1.10945,0.40,1.60
2007.11.30 17:01:05.023,1.1091,1.10945,0.40,1.60
2007.11.30 17:01:05.296,1.1091,1.10945,0.40,1.60
2007.11.30 17:01:05.508,1.1091,1.10945,0.40,1.60
2007.11.30 17:01:05.721,1.1091,1.10945,0.40,1.60
2007.11.30 17:01:05.933,1.1091,1.10945,0.40,1.60
2007.11.30 17:01:06.146,1.1091,1.10945,0.40,1.60
2007.11.30 17:01:06.359,1.10905,1.1094,5.60,0.10
2007.11.30 17:01:06.597,1.1091,1.10945,0.40,1.60
2007.11.30 17:01:06.850,1.1091,1.1095,0.40,0.10
2007.11.30 17:01:07.089,1.1091,1.1095,0.40,0.10
2007.11.30 17:01:07.326,1.1091,1.1095,0.40,0.10
2007.11.30 17:01:07.563,1.1091,1.1095,0.40,0.10
2007.11.30 17:01:07.801,1.1091,1.1095,0.40,0.10
2007.11.30 17:01:08.038,1.1091,1.1095,0.40,0.10
2007.11.30 17:01:08.276,1.1091,1.1095,0.40,0.10
2007.11.30 17:01:08.523,1.1091,1.1095,0.40,0.10
2007.11.30 17:01:08.775,1.1091,1.1095,0.40,0.10
2007.11.30 17:01:09.028,1.1091,1.1095,0.40,0.10
2007.11.30 17:01:09.282,1.1091,1.1095,0.40,0.10
2007.11.30 17:01:09.534,1.1091,1.1095,0.40,0.10
2007.11.30 17:01:09.842,1.1091,1.1095,0.40,0.10
2007.11.30 17:01:10.150,1.1091,1.1095,0.40,0.10
2007.11.30 17:01:10.457,1.1091,1.1095,0.40,0.10
2007.11.30 17:01:10.659,1.1091,1.1095,0.40,0.10
2007.11.30 17:01:10.851,1.10905,1.1095,8.40,0.10
2007.11.30 17:01:10.862,1.1091,1.1095,0.40,0.10
2007.11.30 17:01:11.064,1.1091,1.1095,0.40,0.10
2007.11.30 17:01:11.267,1.1091,1.1095,0.40,0.10
2007.11.30 17:01:11.470,1.1091,1.1095,0.40,0.10
2007.11.30 17:01:11.802,1.1091,1.1095,0.40,0.10
2007.11.30 17:01:12.134,1.1091,1.1095,0.40,0.10
2007.11.30 17:01:12.466,1.1091,1.1095,0.40,0.10
2007.11.30 17:01:12.799,1.1091,1.1095,0.40,0.10
2007.11.30 17:01:13.027,1.1091,1.1095,0.40,0.10
2007.11.30 17:01:13.237,1.1091,1.1095,0.40,0.10
2007.11.30 17:01:13.439,1.1091,1.1095,0.40,0.10
2007.11.30 17:01:13.643,1.1091,1.1095,0.40,0.10
2007.11.30 17:01:13.945,1.1091,1.1095,0.40,0.10
2007.11.30 17:01:14.248,1.1091,1.1095,0.40,0.10
2007.11.30 17:01:14.551,1.1091,1.1095,0.40,0.10
2007.11.30 17:01:14.768,1.1091,1.1095,0.40,0.10
2007.11.30 17:01:14.986,1.10915,1.1095,0.80,0.10
2007.11.30 17:01:15.212,1.10915,1.1095,0.80,0.10
2007.11.30 17:01:15.422,1.10915,1.1095,0.80,0.10
2007.11.30 17:01:15.640,1.10915,1.1095,0.80,0.10
2007.11.30 17:01:15.923,1.10915,1.1095,0.80,0.10
2007.11.30 17:01:16.206,1.10915,1.1095,0.80,0.10
2007.11.30 17:01:16.489,1.10915,1.1095,0.80,0.10
2007.11.30 17:01:16.771,1.10915,1.1095,0.80,0.10
2007.11.30 17:01:16.974,1.10915,1.1095,0.80,0.10
2007.11.30 17:01:17.177,1.10915,1.1095,0.80,0.10
2007.11.30 17:01:17.381,1.10915,1.1095,0.80,0.10
2007.11.30 17:01:17.586,1.10915,1.1095,0.80,0.10
2007.11.30 17:01:17.789,1.10915,1.1095,0.80,0.10
2007.11.30 17:01:18.036,1.10915,1.1095,0.80,0.10
2007.11.30 17:01:18.285,1.10915,1.1095,0.80,0.10
2007.11.30 17:01:18.533,1.10915,1.1095,0.80,0.10
2007.11.30 17:01:18.780,1.10915,1.1095,0.80,0.10
2007.11.30 17:01:19.176,1.10915,1.1095,0.80,0.10
2007.11.30 17:01:19.382,1.10915,1.1095,0.80,0.10
2007.11.30 17:01:19.590,1.10915,1.1095,0.80,0.10
2007.11.30 17:01:19.798,1.10915,1.1095,0.80,0.10
2007.11.30 17:01:20.021,1.10915,1.1095,0.80,0.10
2007.11.30 17:01:20.243,1.10915,1.1095,0.80,0.10
2007.11.30 17:01:20.466,1.10915,1.1095,0.80,0.10
2007.11.30 17:01:20.689,1.10915,1.1095,0.80,0.10
2007.11.30 17:01:20.912,1.10915,1.1095,0.80,0.10
2007.11.30 17:01:21.170,1.10915,1.1095,0.80,0.10
2007.11.30 17:01:21.427,1.10915,1.1095,0.80,0.10
2007.11.30 17:01:21.686,1.10915,1.1095,0.80,0.10
2007.11.30 17:01:21.944,1.10915,1.1095,0.80,0.10
2007.11.30 17:01:22.221,1.10915,1.1095,0.80,0.10
2007.11.30 17:01:22.499,1.10915,1.1095,0.80,0.10
2007.11.30 17:01:22.777,1.10915,1.1095,0.80,0.10
2007.11.30 17:01:23.055,1.10915,1.1095,0.80,0.10
2007.11.30 17:01:23.310,1.10915,1.1095,0.80,0.10
2007.11.30 17:01:23.564,1.10915,1.1095,0.80,0.10
2007.11.30 17:01:23.817,1.10915,1.1095,0.80,0.10
2007.11.30 17:01:24.069,1.10915,1.1095,0.80,0.10
2007.11.30 17:01:24.356,1.10915,1.1095,0.80,0.10
2007.11.30 17:01:24.645,1.10915,1.1095,0.80,0.10
2007.11.30 17:01:24.932,1.10915,1.1095,0.80,0.10
2007.11.30 17:01:25.350,1.10915,1.1095,0.80,0.10
2007.11.30 17:01:25.609,1.10915,1.1095,0.80,0.10
2007.11.30 17:01:25.867,1.10915,1.1095,0.80,0.10
2007.11.30 17:01:26.127,1.10915,1.1095,0.80,0.10
2007.11.30 17:01:26.385,1.10915,1.1095,0.80,0.10
2007.11.30 17:01:26.580,1.10915,1.1095,0.80,0.10
2007.11.30 17:01:26.776,1.1091,1.1095,0.40,0.10
2007.11.30 17:01:26.968,1.1091,1.1095,0.40,0.10
2007.11.30 17:01:27.161,1.1091,1.1095,0.40,0.10
2007.11.30 17:01:27.361,1.1091,1.1095,0.40,0.10
2007.11.30 17:01:27.619,1.1091,1.1095,0.40,0.10
2007.11.30 17:01:27.877,1.1091,1.1095,0.40,0.10
2007.11.30 17:01:28.137,1.1091,1.1095,0.40,0.10
2007.11.30 17:01:28.396,1.1091,1.1095,0.40,0.10
2007.11.30 17:01:28.603,1.1091,1.1095,0.40,0.10
2007.11.30 17:01:28.812,1.1091,1.1095,0.40,0.10
2007.11.30 17:01:29.019,1.1091,1.1095,0.40,0.10
2007.11.30 17:01:29.227,1.10915,1.10955,0.40,3.20
2007.11.30 17:01:29.434,1.10925,1.10955,1.60,3.20
2007.11.30 17:01:29.718,1.10925,1.10955,1.60,3.20
2007.11.30 17:01:30.001,1.10925,1.10955,1.60,3.20
2007.11.30 17:01:30.284,1.10925,1.10955,1.60,3.20
2007.11.30 17:01:30.566,1.10925,1.10955,1.60,3.20
2007.11.30 17:01:30.759,1.10925,1.10955,1.60,3.20
2007.11.30 17:01:30.952,1.10925,1.10955,1.60,3.20
2007.11.30 17:01:31.144,1.10925,1.10955,1.60,3.20
2007.11.30 17:01:31.338,1.10925,1.10955,1.60,3.20
2007.11.30 17:01:31.531,1.10925,1.10955,1.60,3.20
2007.11.30 17:01:31.840,1.10925,1.10955,1.60,3.20
2007.11.30 17:01:32.142,1.10925,1.10955,1.60,3.20
2007.11.30 17:01:32.443,1.10925,1.10955,1.60,3.20
2007.11.30 17:01:32.746,1.10925,1.10955,1.60,3.20
2007.11.30 17:01:33.008,1.10925,1.10955,1.60,3.20
2007.11.30 17:01:33.267,1.10925,1.10955,1.60,3.20
2007.11.30 17:01:33.523,1.10925,1.10955,1.60,3.20
2007.11.30 17:01:33.782,1.10925,1.10955,1.60,3.20
2007.11.30 17:01:34.055,1.10925,1.10955,1.60,3.20
2007.11.30 17:01:34.328,1.10925,1.10955,1.60,3.20
2007.11.30 17:01:34.602,1.10925,1.10955,1.60,3.20
2007.11.30 17:01:34.874,1.10925,1.10955,1.60,3.20
2007.11.30 17:01:35.109,1.10925,1.10955,1.60,3.20
2007.11.30 17:01:35.332,1.10925,1.10955,1.60,3.20
2007.11.30 17:01:35.558,1.10925,1.10955,1.60,3.20
2007.11.30 17:01:35.782,1.10925,1.10955,1.60,3.20
2007.11.30 17:01:36.006,1.10925,1.10955,1.60,3.20
2007.11.30 17:01:36.229,1.10925,1.10955,1.60,3.20
2007.11.30 17:01:36.451,1.10925,1.10955,1.60,3.20
2007.11.30 17:01:36.674,1.10925,1.10955,1.60,3.20
2007.11.30 17:01:36.897,1.10925,1.10955,1.60,3.20
2007.11.30 17:01:37.126,1.10925,1.10955,1.60,3.20
2007.11.30 17:01:37.354,1.10925,1.10955,1.60,3.20
2007.11.30 17:01:37.367,1.10925,1.1096,1.60,3.30
2007.11.30 17:01:37.679,1.10925,1.1096,1.60,3.30
2007.11.30 17:01:37.906,1.10925,1.10955,1.60,0.80
2007.11.30 17:01:38.100,1.10925,1.1096,1.60,3.30
2007.11.30 17:01:38.293,1.10925,1.10955,1.60,0.50
2007.11.30 17:01:38.485,1.10925,1.10955,1.60,3.20
2007.11.30 17:01:38.679,1.10925,1.10955,1.60,3.20
2007.11.30 17:01:38.871,1.10925,1.10955,1.60,3.20
2007.11.30 17:01:39.065,1.10925,1.10955,1.60,3.20
2007.11.30 17:01:39.343,1.10925,1.10955,1.60,3.20
2007.11.30 17:01:39.622,1.10925,1.10955,1.60,3.20
2007.11.30 17:01:39.904,1.10925,1.10955,1.60,3.20
2007.11.30 17:01:40.181,1.10925,1.10955,1.60,3.20
2007.11.30 17:01:40.404,1.10925,1.10955,1.60,3.20
2007.11.30 17:01:40.626,1.10925,1.10955,1.60,3.20
2007.11.30 17:01:40.849,1.10925,1.10955,1.60,3.20
2007.11.30 17:01:41.072,1.10925,1.10955,1.60,3.20
2007.11.30 17:01:41.285,1.10925,1.10955,1.60,3.20
2007.11.30 17:01:41.498,1.10925,1.10955,1.60,3.20
2007.11.30 17:01:41.711,1.10925,1.10955,1.60,3.20
2007.11.30 17:01:41.925,1.10925,1.10955,1.60,3.20
2007.11.30 17:01:42.138,1.10925,1.10955,1.60,3.20
2007.11.30 17:01:42.357,1.10925,1.10955,1.60,3.20
2007.11.30 17:01:42.574,1.10925,1.10955,1.60,3.20
2007.11.30 17:01:42.793,1.10925,1.10955,1.60,3.20
2007.11.30 17:01:43.011,1.10925,1.10955,1.60,3.20
2007.11.30 17:01:43.229,1.10925,1.10955,1.60,3.20
2007.11.30 17:01:43.451,1.10925,1.10955,1.60,3.20
2007.11.30 17:01:43.674,1.10925,1.10955,1.60,3.20
2007.11.30 17:01:43.897,1.10925,1.10955,1.60,3.20
2007.11.30 17:01:44.127,1.10925,1.10945,1.60,0.10
2007.11.30 17:01:44.348,1.10915,1.10945,1.60,1.60
2007.11.30 17:01:44.621,1.10905,1.10945,0.40,3.20
2007.11.30 17:01:44.894,1.109,1.1094,0.40,0.10
2007.11.30 17:01:45.167,1.109,1.1094,0.40,0.10
2007.11.30 17:01:45.440,1.109,1.1094,0.40,0.10
2007.11.30 17:01:45.683,1.109,1.1094,0.40,0.10
2007.11.30 17:01:45.925,1.109,1.1094,0.40,0.10
2007.11.30 17:01:46.167,1.109,1.1094,0.40,0.10
2007.11.30 17:01:46.411,1.109,1.1094,0.40,0.10
2007.11.30 17:01:46.609,1.109,1.1094,0.40,0.10
2007.11.30 17:01:46.806,1.109,1.1094,0.40,0.10
2007.11.30 17:01:47.004,1.109,1.1094,0.40,0.10
2007.11.30 17:01:47.201,1.109,1.1094,7.50,0.10
2007.11.30 17:01:47.398,1.109,1.1094,7.50,0.10
2007.11.30 17:01:47.651,1.109,1.1094,7.50,0.10
2007.11.30 17:01:47.904,1.109,1.1094,7.50,0.10
2007.11.30 17:01:48.157,1.109,1.1094,7.50,0.10
2007.11.30 17:01:48.409,1.109,1.1094,7.50,0.10
2007.11.30 17:01:48.612,1.109,1.1094,7.50,0.10
2007.11.30 17:01:48.810,1.109,1.1094,7.50,0.10
2007.11.30 17:01:49.007,1.109,1.1094,7.50,0.10
2007.11.30 17:01:49.205,1.109,1.1094,7.50,0.10
2007.11.30 17:01:49.402,1.109,1.1094,7.50,0.10
2007.11.30 17:01:49.666,1.10905,1.10945,0.40,3.20
2007.11.30 17:01:50.022,1.10905,1.10945,9.10,0.10
2007.11.30 17:01:50.286,1.10905,1.10945,9.10,0.10
2007.11.30 17:01:50.550,1.10905,1.10945,9.10,0.10
2007.11.30 17:01:50.753,1.10905,1.10945,9.10,0.10
2007.11.30 17:01:50.956,1.10905,1.10945,9.10,0.10
2007.11.30 17:01:51.159,1.10905,1.10945,9.10,0.10
2007.11.30 17:01:51.363,1.10905,1.10945,9.10,0.10
2007.11.30 17:01:51.567,1.10905,1.10945,9.10,0.10
2007.11.30 17:01:51.844,1.10905,1.10945,9.10,0.10
2007.11.30 17:01:52.123,1.10905,1.10945,9.10,0.10
2007.11.30 17:01:52.401,1.10905,1.1094,7.20,0.10
2007.11.30 17:01:52.679,1.109,1.1094,7.50,0.10
2007.11.30 17:01:52.916,1.109,1.1094,7.50,0.10
2007.11.30 17:01:53.154,1.109,1.1094,7.50,0.10
2007.11.30 17:01:53.393,1.109,1.1094,7.50,0.10
2007.11.30 17:01:53.631,1.109,1.1094,7.50,0.10
2007.11.30 17:01:53.833,1.109,1.1094,7.50,0.10
2007.11.30 17:01:54.036,1.109,1.1094,7.50,0.10
2007.11.30 17:01:54.239,1.109,1.1094,7.50,0.10
2007.11.30 17:01:54.441,1.109,1.1094,7.50,0.10
2007.11.30 17:01:54.650,1.109,1.1094,7.50,0.10
2007.11.30 17:01:54.887,1.109,1.1094,7.50,0.10
2007.11.30 17:01:55.125,1.109,1.1094,7.50,0.10
2007.11.30 17:01:55.363,1.109,1.1094,7.50,0.10
2007.11.30 17:01:55.600,1.109,1.1094,7.50,0.10
2007.11.30 17:01:55.839,1.109,1.1094,7.50,0.10
2007.11.30 17:01:56.186,1.109,1.1094,7.50,0.10
2007.11.30 17:01:56.447,1.109,1.1094,7.50,0.10
2007.11.30 17:01:56.710,1.109,1.1094,7.50,0.10
2007.11.30 17:01:56.899,1.109,1.1094,7.50,0.10
2007.11.30 17:01:57.087,1.109,1.1094,7.50,0.10
2007.11.30 17:01:57.277,1.109,1.1094,7.50,0.10
2007.11.30 17:01:57.462,1.109,1.1094,7.50,0.10
2007.11.30 17:01:57.650,1.109,1.1094,7.50,0.10
2007.11.30 17:01:57.838,1.10905,1.10945,1.90,3.20
2007.11.30 17:01:58.116,1.10905,1.10945,1.90,3.20
2007.11.30 17:01:58.393,1.10905,1.10945,4.30,1.60
2007.11.30 17:01:58.671,1.10905,1.10945,11.50,1.60
2007.11.30 17:01:58.949,1.10905,1.10945,11.50,1.60
2007.11.30 17:01:59.187,1.10905,1.10945,11.50,1.60
2007.11.30 17:01:59.425,1.10905,1.10945,11.50,1.60
2007.11.30 17:01:59.663,1.10905,1.10945,11.50,1.60
2007.11.30 17:01:59.901,1.10905,1.10945,11.50,1.60
2007.11.30 17:02:00.150,1.10905,1.10945,11.50,1.60
2007.11.30 17:02:00.386,1.10905,1.10945,11.50,1.60
2007.11.30 17:02:00.628,1.10905,1.10945,11.50,1.60
2007.11.30 17:02:00.870,1.10905,1.10945,11.50,1.60
2007.11.30 17:02:01.158,1.10905,1.10945,11.50,1.60
2007.11.30 17:02:01.446,1.10905,1.10945,11.50,1.60
2007.11.30 17:02:01.734,1.10905,1.10945,11.50,1.60
2007.11.30 17:02:02.022,1.10905,1.10945,11.50,1.60
2007.11.30 17:02:02.343,1.10905,1.10945,11.50,1.60
2007.11.30 17:02:02.570,1.10905,1.10945,11.50,1.60
2007.11.30 17:02:02.797,1.10905,1.10945,11.50,1.60
2007.11.30 17:02:03.025,1.10905,1.10945,11.50,1.60
2007.11.30 17:02:03.254,1.10905,1.10945,11.50,1.60
2007.11.30 17:02:03.467,1.10905,1.10945,11.50,1.60
2007.11.30 17:02:03.685,1.10905,1.10945,11.50,1.60
2007.11.30 17:02:03.898,1.10905,1.10945,11.50,1.60
2007.11.30 17:02:04.110,1.10905,1.10945,11.50,1.60
2007.11.30 17:02:04.395,1.1091,1.1095,0.40,0.10
2007.11.30 17:02:04.685,1.1091,1.1095,7.50,0.10
2007.11.30 17:02:04.961,1.1091,1.1095,7.50,0.10
2007.11.30 17:02:05.244,1.1091,1.1095,7.50,0.10
2007.11.30 17:02:05.496,1.1091,1.1095,7.50,0.10
2007.11.30 17:02:05.750,1.1091,1.1095,7.50,0.10
2007.11.30 17:02:06.003,1.1091,1.1095,7.50,0.10
2007.11.30 17:02:06.257,1.1091,1.1095,7.50,0.10
2007.11.30 17:02:06.511,1.1091,1.1095,7.50,0.10
2007.11.30 17:02:06.752,1.1091,1.1095,7.50,0.10
2007.11.30 17:02:07.000,1.1091,1.1095,7.50,0.10
2007.11.30 17:02:07.247,1.1091,1.10945,7.20,1.60
2007.11.30 17:02:07.465,1.10905,1.10945,10.70,1.60
2007.11.30 17:02:07.683,1.10905,1.10945,10.70,1.60
2007.11.30 17:02:07.901,1.10905,1.10945,10.70,1.60
2007.11.30 17:02:08.119,1.10905,1.10945,10.70,1.60
2007.11.30 17:02:08.336,1.10905,1.10945,10.70,1.60
2007.11.30 17:02:08.627,1.10905,1.10945,10.70,1.60
2007.11.30 17:02:08.913,1.10905,1.10945,10.70,1.60
2007.11.30 17:02:09.201,1.10905,1.10945,10.70,1.60
2007.11.30 17:02:09.488,1.10905,1.10945,10.70,1.60
2007.11.30 17:02:09.725,1.10905,1.10945,10.70,1.60
2007.11.30 17:02:09.962,1.10905,1.10945,9.10,0.10
2007.11.30 17:02:10.199,1.10905,1.10945,1.90,0.10
2007.11.30 17:02:10.437,1.10905,1.10945,9.10,0.10
2007.11.30 17:02:10.715,1.1091,1.1095,0.40,0.10
2007.11.30 17:02:10.993,1.10915,1.1095,1.60,0.10
2007.11.30 17:02:11.271,1.10915,1.1095,1.60,0.10
2007.11.30 17:02:11.549,1.10915,1.1095,1.60,0.10
2007.11.30 17:02:11.768,1.10915,1.1095,1.60,0.10
2007.11.30 17:02:11.981,1.10915,1.1095,1.60,0.10
2007.11.30 17:02:12.193,1.10915,1.10945,1.60,0.10
2007.11.30 17:02:12.405,1.1091,1.10945,7.20,0.10
2007.11.30 17:02:12.618,1.10905,1.10945,9.10,0.10
2007.11.30 17:02:12.860,1.10905,1.10945,9.10,0.10
2007.11.30 17:02:13.104,1.10905,1.10945,9.10,0.10
2007.11.30 17:02:13.353,1.1093,1.10955,0.40,7.20
2007.11.30 17:02:13.595,1.1093,1.10955,0.40,5.60
2007.11.30 17:02:13.853,1.10935,1.10955,1.60,4.00
2007.11.30 17:02:14.111,1.10915,1.10955,7.50,1.60
2007.11.30 17:02:14.372,1.10915,1.1095,7.20,0.10
2007.11.30 17:02:14.685,1.10915,1.1095,7.20,0.10
2007.11.30 17:02:14.976,1.10915,1.1095,7.20,0.10
2007.11.30 17:02:15.270,1.10915,1.10955,7.50,1.60
2007.11.30 17:02:15.571,1.10915,1.10955,7.50,1.60
2007.11.30 17:02:15.778,1.10915,1.10955,7.50,1.60
2007.11.30 17:02:15.986,1.10915,1.10955,7.50,1.60
2007.11.30 17:02:16.196,1.10915,1.10955,7.50,1.60
2007.11.30 17:02:16.403,1.10915,1.10955,7.50,1.60
2007.11.30 17:02:16.611,1.10915,1.10955,7.50,1.60
2007.11.30 17:02:16.917,1.10915,1.1095,7.20,0.10
2007.11.30 17:02:17.216,1.1091,1.1095,7.50,0.10
2007.11.30 17:02:17.512,1.1091,1.1095,7.50,0.10
2007.11.30 17:02:17.776,1.10915,1.10955,0.40,3.20
2007.11.30 17:02:18.039,1.10915,1.10955,9.10,0.10
2007.11.30 17:02:18.302,1.10915,1.10955,9.10,0.10
2007.11.30 17:02:18.564,1.10915,1.10955,7.50,1.60
2007.11.30 17:02:18.842,1.10915,1.1094,1.60,0.10
2007.11.30 17:02:19.120,1.1091,1.1094,7.20,0.10
2007.11.30 17:02:19.398,1.1091,1.1094,7.20,0.10
2007.11.30 17:02:19.675,1.10905,1.1094,1.60,0.10
2007.11.30 17:02:19.923,1.10905,1.1094,1.60,0.10
2007.11.30 17:02:20.171,1.10905,1.1094,1.60,0.10
2007.11.30 17:02:20.418,1.10905,1.1094,1.60,0.10
2007.11.30 17:02:20.667,1.10905,1.1094,1.60,0.10
2007.11.30 17:02:20.890,1.10905,1.1094,1.60,0.10
2007.11.30 17:02:21.113,1.10905,1.1094,1.60,0.10
2007.11.30 17:02:21.335,1.10905,1.1094,1.60,0.10
2007.11.30 17:02:21.558,1.10905,1.1094,1.60,0.10
2007.11.30 17:02:21.782,1.10905,1.1094,1.60,0.10
2007.11.30 17:02:22.014,1.10905,1.1094,1.60,0.10
2007.11.30 17:02:22.247,1.10905,1.1094,1.60,0.10
2007.11.30 17:02:22.480,1.10905,1.1094,1.60,0.10
2007.11.30 17:02:22.712,1.10905,1.1094,1.60,0.10
2007.11.30 17:02:22.965,1.10905,1.1094,1.60,0.10
2007.11.30 17:02:23.222,1.10905,1.1094,1.60,0.10
2007.11.30 17:02:23.475,1.10905,1.1094,1.60,0.10
2007.11.30 17:02:23.728,1.10905,1.10945,1.90,1.60
2007.11.30 17:02:23.940,1.10905,1.10945,1.90,0.10
2007.11.30 17:02:24.153,1.10905,1.10945,9.10,0.10
2007.11.30 17:02:24.366,1.10905,1.10945,9.10,0.10
2007.11.30 17:02:24.578,1.10905,1.10945,9.10,0.10
2007.11.30 17:02:24.791,1.10905,1.10945,9.10,0.10
2007.11.30 17:02:25.054,1.10905,1.10945,9.10,0.10
2007.11.30 17:02:25.317,1.10905,1.10945,9.10,0.10
2007.11.30 17:02:25.583,1.10905,1.10945,9.10,0.10
2007.11.30 17:02:25.845,1.10905,1.10945,9.10,0.10
2007.11.30 17:02:26.098,1.10905,1.10945,9.10,0.10
2007.11.30 17:02:26.351,1.10905,1.10945,9.10,0.10
2007.11.30 17:02:26.604,1.10905,1.10945,9.10,0.10
2007.11.30 17:02:26.858,1.10905,1.1094,8.80,0.10
2007.11.30 17:02:27.081,1.10905,1.1094,1.60,0.10
2007.11.30 17:02:27.304,1.10905,1.1094,1.60,0.10
2007.11.30 17:02:27.527,1.10905,1.1094,1.60,0.10
2007.11.30 17:02:27.750,1.10905,1.1094,1.60,0.10
2007.11.30 17:02:27.973,1.10905,1.1094,1.60,0.10
2007.11.30 17:02:28.235,1.10905,1.1094,1.60,0.10
2007.11.30 17:02:28.498,1.10905,1.1094,1.60,0.10
2007.11.30 17:02:28.761,1.10905,1.1094,1.60,0.10
2007.11.30 17:02:28.882,1.10905,1.1094,1.10,0.10
2007.11.30 17:02:29.023,1.10905,1.1094,1.60,0.10
2007.11.30 17:02:29.297,1.10905,1.1094,1.60,0.10
2007.11.30 17:02:29.570,1.10905,1.1094,1.60,0.10
2007.11.30 17:02:29.843,1.10905,1.1094,1.60,0.10
2007.11.30 17:02:30.115,1.10905,1.1094,1.60,0.10
2007.11.30 17:02:30.334,1.10905,1.10945,1.90,0.10
2007.11.30 17:02:30.552,1.10905,1.10945,9.10,0.10
2007.11.30 17:02:30.770,1.10905,1.10945,9.10,0.10
2007.11.30 17:02:30.992,1.10905,1.10945,9.10,0.10
2007.11.30 17:02:31.210,1.10905,1.10945,9.10,0.10
2007.11.30 17:02:31.502,1.10905,1.10945,9.10,0.10
2007.11.30 17:02:31.795,1.10905,1.10945,9.10,0.10
2007.11.30 17:02:32.088,1.10905,1.10945,9.10,0.10
2007.11.30 17:02:32.320,1.10905,1.10945,9.10,0.10
2007.11.30 17:02:32.554,1.10905,1.10945,9.10,0.10
2007.11.30 17:02:32.787,1.10905,1.10945,9.10,0.10
2007.11.30 17:02:33.020,1.10905,1.10945,9.10,0.10
2007.11.30 17:02:33.252,1.10905,1.10945,9.10,0.10
2007.11.30 17:02:33.510,1.10905,1.10945,9.10,0.10
2007.11.30 17:02:33.768,1.10905,1.1094,8.80,0.10
2007.11.30 17:02:34.026,1.10905,1.1094,1.60,0.10
2007.11.30 17:02:34.284,1.10905,1.1094,1.60,0.10
2007.11.30 17:02:34.547,1.10905,1.1094,1.60,0.10
2007.11.30 17:02:34.810,1.10905,1.1094,1.60,0.10
2007.11.30 17:02:35.072,1.10905,1.1094,1.60,0.10
2007.11.30 17:02:35.336,1.10905,1.1094,1.60,0.10
2007.11.30 17:02:35.558,1.10905,1.1094,1.60,0.10
2007.11.30 17:02:35.781,1.10905,1.1094,1.60,0.10
2007.11.30 17:02:36.004,1.10905,1.1094,1.60,0.10
2007.11.30 17:02:36.227,1.10905,1.1094,1.60,0.10
2007.11.30 17:02:36.450,1.10905,1.1094,1.60,0.10
2007.11.30 17:02:36.754,1.10905,1.1094,1.60,0.10
2007.11.30 17:02:37.058,1.10905,1.1094,1.60,0.10
2007.11.30 17:02:37.361,1.10905,1.1094,1.60,0.10
2007.11.30 17:02:37.664,1.10905,1.10935,1.60,0.10
2007.11.30 17:02:37.912,1.10905,1.10935,1.60,1.60
2007.11.30 17:02:38.165,1.10905,1.10935,1.60,1.60
2007.11.30 17:02:38.412,1.10905,1.10935,1.60,1.60
2007.11.30 17:02:38.664,1.10905,1.10935,1.60,1.60
2007.11.30 17:02:38.918,1.10905,1.1094,1.60,0.10
2007.11.30 17:02:39.170,1.10905,1.1094,1.60,0.10
2007.11.30 17:02:39.426,1.109,1.1094,0.40,0.10
2007.11.30 17:02:39.677,1.109,1.1094,0.40,0.10
2007.11.30 17:02:39.929,1.109,1.1094,0.40,0.10
2007.11.30 17:02:40.182,1.109,1.1094,0.40,0.10
2007.11.30 17:02:40.436,1.109,1.1094,0.40,0.10
2007.11.30 17:02:40.749,1.109,1.10935,0.40,1.60
2007.11.30 17:02:41.061,1.109,1.10935,0.40,1.60
2007.11.30 17:02:41.375,1.109,1.1093,7.20,0.10
2007.11.30 17:02:41.688,1.109,1.1093,7.20,0.10
2007.11.30 17:02:41.931,1.109,1.1093,7.20,0.10
2007.11.30 17:02:42.174,1.109,1.1093,7.20,0.10
2007.11.30 17:02:42.417,1.109,1.1093,7.20,0.10
2007.11.30 17:02:42.661,1.10895,1.1093,9.60,0.10
2007.11.30 17:02:42.913,1.10895,1.1093,9.60,0.10
2007.11.30 17:02:43.166,1.10895,1.1093,9.60,0.10
2007.11.30 17:02:43.418,1.10895,1.1093,9.60,0.10
2007.11.30 17:02:43.671,1.10895,1.1093,9.60,0.10
2007.11.30 17:02:43.889,1.10895,1.1093,9.60,0.10
2007.11.30 17:02:44.107,1.10895,1.1093,9.60,0.10
2007.11.30 17:02:44.324,1.10895,1.1093,9.60,0.10
2007.11.30 17:02:44.541,1.10895,1.1093,9.60,0.10
2007.11.30 17:02:44.760,1.10895,1.1093,9.60,0.10
2007.11.30 17:02:44.977,1.10895,1.1093,9.60,0.10
2007.11.30 17:02:45.196,1.10895,1.10935,9.90,1.60
2007.11.30 17:02:46.673,1.109,1.10935,7.20,1.60
2007.11.30 17:02:46.734,1.109,1.10935,7.20,0.10
2007.11.30 17:02:46.803,1.109,1.10935,7.20,0.10
2007.11.30 17:02:46.870,1.109,1.10935,7.20,0.10
2007.11.30 17:02:46.939,1.109,1.10935,7.20,0.10
2007.11.30 17:02:47.007,1.109,1.10935,7.20,0.10
2007.11.30 17:02:47.075,1.109,1.10935,7.20,0.10
2007.11.30 17:02:47.143,1.109,1.10935,7.20,0.10
2007.11.30 17:02:47.212,1.109,1.10935,7.20,0.10
2007.11.30 17:02:47.278,1.109,1.10935,7.20,0.10
2007.11.30 17:02:47.346,1.109,1.10935,7.20,0.10
2007.11.30 17:02:47.414,1.109,1.10935,7.20,0.10
2007.11.30 17:02:47.481,1.109,1.10935,7.20,0.10
2007.11.30 17:02:47.816,1.109,1.10935,7.20,0.10
2007.11.30 17:02:48.149,1.109,1.1094,7.50,0.10
2007.11.30 17:02:48.481,1.109,1.1094,7.50,0.10
2007.11.30 17:02:48.704,1.109,1.1094,7.50,0.10
2007.11.30 17:02:48.927,1.109,1.1094,7.50,0.10
2007.11.30 17:02:49.150,1.109,1.1094,7.50,0.10
2007.11.30 17:02:49.373,1.109,1.1094,7.50,0.10
2007.11.30 17:02:49.595,1.109,1.1094,7.50,0.10
2007.11.30 17:02:49.903,1.109,1.1094,7.50,0.10
2007.11.30 17:02:50.210,1.109,1.1094,7.50,0.10
2007.11.30 17:02:50.518,1.109,1.1094,7.50,0.10
2007.11.30 17:02:50.826,1.109,1.1094,7.50,0.10
2007.11.30 17:02:51.034,1.109,1.1094,7.50,0.10
2007.11.30 17:02:51.257,1.109,1.1094,7.50,0.10
2007.11.30 17:02:51.454,1.109,1.1094,7.50,0.10
2007.11.30 17:02:51.663,1.109,1.10935,7.20,0.10
2007.11.30 17:02:51.946,1.109,1.10935,7.20,0.10
2007.11.30 17:02:52.228,1.109,1.10935,7.20,0.10
2007.11.30 17:02:52.511,1.109,1.10935,7.20,0.10
2007.11.30 17:02:52.853,1.109,1.10935,7.20,0.10
2007.11.30 17:02:53.051,1.109,1.10935,7.20,0.10
2007.11.30 17:02:53.249,1.109,1.1094,7.50,0.10
2007.11.30 17:02:53.448,1.109,1.1094,7.50,0.10
2007.11.30 17:02:53.646,1.109,1.1094,7.50,0.10
2007.11.30 17:02:53.843,1.109,1.1094,7.50,0.10
2007.11.30 17:02:54.041,1.109,1.1094,7.50,0.10
2007.11.30 17:02:54.340,1.109,1.1094,7.50,0.10
2007.11.30 17:02:54.638,1.109,1.1094,7.50,0.10
2007.11.30 17:02:54.936,1.109,1.1094,7.50,0.10
2007.11.30 17:02:55.139,1.109,1.1094,7.50,0.10
2007.11.30 17:02:55.348,1.109,1.1094,7.50,0.10
2007.11.30 17:02:55.551,1.109,1.1094,7.50,0.10
2007.11.30 17:02:55.753,1.109,1.1094,7.50,0.10
2007.11.30 17:02:55.956,1.109,1.1094,7.50,0.10
2007.11.30 17:02:56.249,1.109,1.1094,7.50,0.10
2007.11.30 17:02:56.531,1.109,1.1094,7.50,0.10
2007.11.30 17:02:56.813,1.109,1.1094,7.50,0.10
2007.11.30 17:02:57.095,1.109,1.1094,7.50,0.10
2007.11.30 17:02:57.303,1.109,1.1094,7.50,0.10
2007.11.30 17:02:57.511,1.109,1.1094,7.50,0.10
2007.11.30 17:02:57.719,1.109,1.1094,7.50,0.10
2007.11.30 17:02:57.927,1.109,1.1094,7.50,0.10
2007.11.30 17:02:58.135,1.109,1.1094,7.50,0.10
2007.11.30 17:02:58.393,1.109,1.1094,7.50,0.10
2007.11.30 17:02:58.651,1.109,1.1094,7.50,0.10
2007.11.30 17:02:59.025,1.109,1.1094,7.50,0.10
2007.11.30 17:02:59.281,1.109,1.1094,7.50,0.10
2007.11.30 17:02:59.459,1.109,1.1094,7.50,0.10
2007.11.30 17:02:59.637,1.109,1.1094,7.50,0.10
2007.11.30 17:02:59.815,1.109,1.1094,7.50,0.10
2007.11.30 17:02:59.993,1.109,1.1094,7.50,0.10
2007.11.30 17:03:00.171,1.109,1.10935,7.20,0.10
2007.11.30 17:03:00.503,1.109,1.10935,7.20,0.10
2007.11.30 17:03:00.835,1.109,1.10935,7.20,0.10
2007.11.30 17:03:01.167,1.109,1.1094,7.50,0.10
2007.11.30 17:03:01.375,1.10905,1.10945,0.40,3.20
2007.11.30 17:03:01.582,1.10915,1.10945,1.60,1.60
2007.11.30 17:03:01.791,1.10915,1.10945,1.60,1.60
2007.11.30 17:03:01.999,1.10915,1.10945,1.60,1.60
2007.11.30 17:03:02.206,1.10915,1.1094,1.60,0.10
2007.11.30 17:03:02.509,1.10915,1.1094,0.80,0.10
2007.11.30 17:03:02.533,1.10905,1.1094,10.40,0.10
2007.11.30 17:03:02.862,1.10915,1.1094,1.10,0.10
2007.11.30 17:03:03.189,1.10905,1.1094,10.40,0.10
2007.11.30 17:03:03.377,1.10905,1.1094,10.40,0.10
2007.11.30 17:03:03.566,1.10915,1.1094,0.70,0.10
2007.11.30 17:03:03.754,1.10905,1.1094,10.40,0.10
2007.11.30 17:03:03.940,1.10915,1.1094,0.50,0.10
2007.11.30 17:03:04.128,1.10905,1.1094,10.40,0.10
2007.11.30 17:03:04.316,1.10905,1.10945,10.70,1.60
2007.11.30 17:03:04.569,1.10905,1.10945,10.70,1.60
2007.11.30 17:03:04.821,1.10905,1.10945,10.70,1.60
2007.11.30 17:03:05.192,1.10905,1.10945,10.70,1.60
2007.11.30 17:03:05.433,1.10905,1.10945,10.70,0.10
2007.11.30 17:03:05.672,1.10905,1.10955,10.70,7.20
2007.11.30 17:03:05.911,1.10915,1.10955,2.00,7.20
2007.11.30 17:03:06.154,1.10915,1.10955,2.00,7.20
2007.11.30 17:03:06.392,1.10915,1.10955,9.10,3.20
2007.11.30 17:03:06.725,1.10925,1.10955,0.80,3.20
2007.11.30 17:03:07.058,1.10915,1.10955,9.10,3.20
2007.11.30 17:03:07.391,1.10915,1.10955,11.50,1.60
2007.11.30 17:03:07.590,1.10925,1.10955,0.90,1.60
2007.11.30 17:03:07.789,1.10915,1.10955,11.50,1.60
2007.11.30 17:03:07.986,1.10925,1.10955,0.60,1.60
2007.11.30 17:03:08.185,1.10925,1.10955,0.60,1.60
2007.11.30 17:03:08.383,1.10925,1.1096,0.60,0.10
2007.11.30 17:03:08.640,1.10925,1.1096,0.90,0.10
2007.11.30 17:03:08.898,1.1092,1.1096,9.10,0.10
2007.11.30 17:03:09.156,1.1092,1.1096,9.10,0.10
2007.11.30 17:03:09.415,1.10925,1.1096,0.90,0.10
2007.11.30 17:03:09.647,1.1092,1.1096,9.10,0.10
2007.11.30 17:03:09.880,1.1092,1.1096,9.10,0.10
2007.11.30 17:03:10.112,1.10925,1.1096,0.70,0.10
2007.11.30 17:03:10.345,1.1093,1.10965,0.40,3.20
2007.11.30 17:03:10.578,1.1093,1.10965,0.40,0.10
2007.11.30 17:03:10.861,1.10925,1.10965,10.80,0.10
2007.11.30 17:03:11.144,1.1093,1.10965,0.40,0.10
2007.11.30 17:03:11.427,1.10925,1.10965,10.80,0.10
2007.11.30 17:03:11.710,1.10925,1.10965,10.80,0.10
2007.11.30 17:03:11.918,1.10925,1.10965,10.80,0.10
2007.11.30 17:03:12.126,1.1093,1.10965,0.40,0.10
2007.11.30 17:03:12.334,1.10925,1.10965,10.80,0.10
2007.11.30 17:03:12.541,1.10925,1.10965,10.80,0.10
2007.11.30 17:03:12.794,1.1093,1.10965,0.40,0.10
2007.11.30 17:03:13.046,1.10925,1.10965,10.80,0.10
2007.11.30 17:03:13.299,1.10925,1.10965,10.80,0.10
2007.11.30 17:03:13.553,1.10925,1.10965,10.80,0.10
2007.11.30 17:03:13.806,1.10925,1.10965,10.80,0.10
2007.11.30 17:03:14.059,1.10925,1.10965,10.80,0.10
2007.11.30 17:03:14.312,1.1093,1.10965,0.40,0.10
2007.11.30 17:03:14.565,1.10925,1.10965,10.80,0.10
2007.11.30 17:03:14.793,1.1093,1.10965,0.40,0.10
2007.11.30 17:03:15.019,1.10925,1.10965,10.80,0.10
2007.11.30 17:03:15.247,1.10925,1.10965,10.80,0.10
2007.11.30 17:03:15.475,1.10925,1.10965,10.80,0.10
2007.11.30 17:03:15.703,1.1093,1.10965,0.40,0.10
2007.11.30 17:03:15.976,1.1093,1.10965,0.40,0.10
2007.11.30 17:03:16.249,1.1093,1.10965,0.40,0.10
2007.11.30 17:03:16.523,1.10925,1.10965,10.80,0.10
2007.11.30 17:03:16.796,1.1093,1.10965,0.40,0.10
2007.11.30 17:03:16.978,1.10925,1.10965,10.80,0.10
2007.11.30 17:03:17.161,1.10925,1.10965,10.80,0.10
2007.11.30 17:03:17.344,1.10925,1.10965,10.80,0.10
2007.11.30 17:03:17.530,1.1093,1.10965,0.40,0.10
2007.11.30 17:03:17.713,1.10925,1.10965,10.80,0.10
2007.11.30 17:03:17.903,1.1093,1.10965,0.40,0.10
2007.11.30 17:03:18.148,1.1093,1.10965,0.40,0.10
2007.11.30 17:03:18.406,1.1093,1.10965,0.40,0.10
2007.11.30 17:03:18.659,1.1093,1.10965,0.40,0.10
2007.11.30 17:03:18.912,1.1093,1.10965,0.40,0.10
2007.11.30 17:03:19.136,1.10915,1.10965,14.70,1.60
2007.11.30 17:03:19.359,1.10925,1.10965,3.60,1.60
2007.11.30 17:03:19.581,1.10925,1.10965,2.90,1.60
2007.11.30 17:03:19.803,1.10925,1.10965,3.70,1.60
2007.11.30 17:03:20.078,1.10915,1.10965,14.70,1.60
2007.11.30 17:03:20.350,1.1092,1.10965,3.80,1.60
2007.11.30 17:03:20.623,1.1092,1.10965,3.40,1.60
2007.11.30 17:03:20.896,1.10915,1.10965,14.70,1.60
2007.11.30 17:03:21.102,1.1092,1.10965,2.20,1.60
2007.11.30 17:03:21.310,1.1092,1.10965,8.80,1.60
2007.11.30 17:03:21.518,1.1092,1.10965,8.80,1.60
2007.11.30 17:03:21.725,1.10915,1.10965,10.70,1.60
2007.11.30 17:03:21.933,1.10915,1.10965,10.70,1.60
2007.11.30 17:03:22.215,1.10915,1.10965,10.70,1.60
2007.11.30 17:03:22.498,1.10915,1.10965,10.70,1.60
2007.11.30 17:03:22.780,1.10915,1.10965,10.70,1.60
2007.11.30 17:03:23.063,1.10915,1.10965,10.70,1.60
2007.11.30 17:03:23.257,1.10915,1.10965,10.70,1.60
2007.11.30 17:03:23.450,1.10915,1.10965,10.70,1.60
2007.11.30 17:03:23.701,1.10925,1.10965,2.10,1.60
2007.11.30 17:03:23.893,1.10915,1.10965,10.70,1.60
2007.11.30 17:03:24.086,1.10925,1.10965,1.10,3.20
2007.11.30 17:03:24.278,1.1092,1.10965,8.80,3.20
2007.11.30 17:03:24.565,1.10925,1.10965,1.00,3.20
2007.11.30 17:03:24.852,1.1092,1.10965,8.80,3.20
2007.11.30 17:03:25.141,1.1092,1.10965,8.80,3.20
2007.11.30 17:03:25.429,1.1092,1.10965,8.80,3.20
2007.11.30 17:03:25.608,1.1092,1.10965,8.80,3.20
2007.11.30 17:03:25.785,1.10925,1.10965,1.00,3.20
2007.11.30 17:03:25.962,1.1092,1.10965,8.80,3.20
2007.11.30 17:03:26.140,1.1092,1.1096,9.10,0.10
2007.11.30 17:03:26.318,1.1092,1.1096,9.10,0.10
2007.11.30 17:03:26.571,1.1092,1.1096,9.10,0.10
2007.11.30 17:03:26.824,1.1092,1.1096,9.10,0.10
2007.11.30 17:03:27.077,1.10925,1.1096,0.90,0.10
2007.11.30 17:03:27.330,1.10925,1.1096,0.60,0.10
2007.11.30 17:03:27.523,1.1092,1.1096,9.10,0.10
2007.11.30 17:03:27.717,1.10925,1.1096,1.00,0.10
2007.11.30 17:03:27.910,1.1092,1.1096,9.10,0.10
2007.11.30 17:03:28.101,1.10925,1.1096,0.60,0.10
2007.11.30 17:03:28.295,1.10925,1.10955,0.50,1.60
2007.11.30 17:03:28.560,1.10915,1.10955,14.70,1.60
2007.11.30 17:03:28.818,1.10925,1.10955,0.60,1.60
2007.11.30 17:03:29.076,1.10925,1.10955,0.70,1.60
2007.11.30 17:03:29.334,1.10925,1.10955,1.20,1.60
2007.11.30 17:03:29.624,1.10915,1.10955,14.70,1.60
2007.11.30 17:03:29.906,1.10925,1.1095,1.10,0.10
2007.11.30 17:03:30.190,1.1091,1.1095,9.10,0.10
2007.11.30 17:03:30.472,1.10915,1.1095,0.50,0.10
2007.11.30 17:03:30.710,1.1091,1.1095,9.10,0.10
2007.11.30 17:03:30.947,1.1091,1.1095,9.10,0.10
2007.11.30 17:03:31.184,1.1091,1.1095,9.10,0.10
2007.11.30 17:03:31.421,1.1091,1.1095,9.10,0.10
2007.11.30 17:03:31.628,1.10915,1.1095,0.60,0.10
2007.11.30 17:03:31.831,1.10915,1.1095,0.70,0.10
2007.11.30 17:03:32.033,1.10915,1.1095,1.60,0.10
2007.11.30 17:03:32.235,1.10915,1.1095,1.60,0.10
2007.11.30 17:03:32.438,1.10915,1.1095,1.60,0.10
2007.11.30 17:03:32.671,1.10915,1.1095,1.60,0.10
2007.11.30 17:03:32.904,1.10915,1.1095,1.60,0.10
2007.11.30 17:03:33.137,1.10915,1.10955,1.90,1.60
2007.11.30 17:03:33.370,1.10915,1.1095,3.20,0.10
2007.11.30 17:03:33.603,1.10915,1.10945,10.70,1.60
2007.11.30 17:03:33.865,1.10915,1.10955,3.50,1.60
2007.11.30 17:03:34.128,1.10915,1.10955,10.70,1.60
2007.11.30 17:03:34.391,1.10915,1.10955,10.70,1.60
2007.11.30 17:03:34.653,1.10915,1.10955,10.70,1.60
2007.11.30 17:03:34.876,1.10915,1.10955,10.70,1.60
2007.11.30 17:03:35.098,1.10915,1.10955,10.70,1.60
2007.11.30 17:03:35.322,1.10915,1.10955,10.70,1.60
2007.11.30 17:03:35.545,1.10915,1.10955,10.70,1.60
2007.11.30 17:03:35.793,1.10915,1.10955,10.70,1.60
2007.11.30 17:03:36.041,1.10915,1.10955,10.70,1.60
2007.11.30 17:03:36.289,1.10915,1.10955,10.70,1.60
2007.11.30 17:03:36.538,1.10915,1.10955,10.70,1.60
2007.11.30 17:03:36.740,1.10915,1.10955,10.70,1.60
2007.11.30 17:03:36.942,1.10915,1.10955,10.70,1.60
2007.11.30 17:03:37.146,1.10915,1.10955,10.70,1.60
2007.11.30 17:03:37.354,1.10915,1.10955,10.70,1.60
2007.11.30 17:03:37.555,1.10925,1.10955,1.60,0.10
2007.11.30 17:03:37.819,1.10925,1.10965,1.90,7.20
2007.11.30 17:03:38.082,1.10925,1.10965,1.90,3.20
2007.11.30 17:03:38.344,1.10925,1.10965,1.90,3.20
2007.11.30 17:03:38.607,1.10925,1.10965,9.10,3.20
2007.11.30 17:03:38.869,1.10925,1.10965,9.10,3.20
2007.11.30 17:03:39.092,1.10925,1.10965,9.10,3.20
2007.11.30 17:03:39.315,1.10925,1.10965,9.10,3.20
2007.11.30 17:03:39.538,1.10925,1.10965,9.10,3.20
2007.11.30 17:03:39.764,1.10925,1.10965,9.10,3.20
2007.11.30 17:03:40.022,1.10925,1.10965,9.10,3.20
2007.11.30 17:03:40.280,1.10925,1.10965,9.10,3.20
2007.11.30 17:03:40.537,1.10925,1.10965,9.10,3.20
2007.11.30 17:03:40.795,1.10925,1.10965,9.10,3.20
2007.11.30 17:03:40.982,1.10925,1.10965,9.10,3.20
2007.11.30 17:03:41.170,1.10925,1.10965,9.10,3.20
2007.11.30 17:03:41.358,1.10925,1.10965,9.10,3.20
2007.11.30 17:03:41.546,1.10925,1.10965,9.10,3.20
2007.11.30 17:03:41.733,1.10925,1.10965,9.10,3.20
2007.11.30 17:03:41.921,1.10925,1.10965,9.10,3.20
2007.11.30 17:03:42.218,1.10925,1.10965,9.10,3.20
2007.11.30 17:03:42.501,1.10925,1.10965,9.10,3.20
2007.11.30 17:03:42.784,1.10925,1.10965,9.10,3.20
2007.11.30 17:03:42.981,1.10925,1.10965,9.10,3.20
2007.11.30 17:03:43.179,1.10925,1.10965,9.10,3.20
2007.11.30 17:03:43.376,1.10925,1.10965,9.10,3.20
2007.11.30 17:03:43.574,1.10925,1.10965,9.10,3.20
2007.11.30 17:03:43.772,1.10935,1.10965,0.40,1.60
2007.11.30 17:03:43.970,1.10935,1.10975,1.90,3.20
2007.11.30 17:03:44.273,1.10935,1.10975,1.90,3.20
2007.11.30 17:03:44.575,1.10935,1.10975,1.90,3.20
2007.11.30 17:03:44.877,1.10935,1.10975,9.10,3.20
2007.11.30 17:03:45.126,1.10935,1.10975,1.90,3.20
2007.11.30 17:03:45.374,1.10935,1.10975,1.90,3.20
2007.11.30 17:03:45.621,1.10935,1.10975,9.10,3.20
2007.11.30 17:03:45.868,1.10935,1.10975,9.10,3.20
2007.11.30 17:03:46.141,1.10935,1.10975,9.10,3.20
2007.11.30 17:03:46.414,1.10935,1.10975,9.10,3.20
2007.11.30 17:03:46.686,1.10935,1.10975,9.10,3.20
2007.11.30 17:03:46.958,1.10935,1.10975,9.10,3.20
2007.11.30 17:03:47.136,1.10935,1.10975,9.10,3.20
2007.11.30 17:03:47.216,1.10935,1.10975,1.50,3.20
2007.11.30 17:03:47.314,1.10925,1.10975,14.70,3.20
2007.11.30 17:03:47.492,1.10925,1.10975,14.70,3.20
2007.11.30 17:03:47.669,1.10935,1.10975,3.10,3.20
2007.11.30 17:03:47.847,1.10925,1.10965,15.50,1.60
2007.11.30 17:03:48.170,1.10915,1.10965,15.50,1.60
2007.11.30 17:03:48.493,1.10915,1.10965,15.50,1.60
2007.11.30 17:03:48.822,1.10925,1.1096,1.20,0.10
2007.11.30 17:03:49.020,1.1092,1.1096,8.30,0.10
2007.11.30 17:03:49.218,1.10925,1.1096,0.80,0.10
2007.11.30 17:03:49.416,1.10925,1.10965,0.60,3.20
2007.11.30 17:03:49.614,1.10915,1.10965,15.50,1.60
2007.11.30 17:03:49.811,1.10925,1.10965,1.70,1.60
2007.11.30 17:03:50.075,1.10915,1.10965,15.50,1.60
2007.11.30 17:03:50.338,1.10925,1.10965,3.40,1.60
2007.11.30 17:03:50.606,1.10915,1.10965,15.50,1.60
2007.11.30 17:03:50.869,1.10915,1.10965,15.50,1.60
2007.11.30 17:03:51.056,1.10925,1.10965,2.30,1.60
2007.11.30 17:03:51.245,1.10925,1.10965,3.60,1.60
2007.11.30 17:03:51.432,1.10925,1.10965,2.60,1.60
2007.11.30 17:03:51.620,1.10915,1.10965,15.50,1.60
2007.11.30 17:03:51.808,1.10925,1.10965,1.50,1.60
2007.11.30 17:03:51.995,1.10925,1.10965,1.30,1.60
2007.11.30 17:03:52.282,1.10915,1.10965,15.50,1.60
2007.11.30 17:03:52.569,1.10925,1.10965,2.90,1.60
2007.11.30 17:03:52.857,1.10915,1.10965,15.50,1.60
2007.11.30 17:03:53.146,1.10925,1.10965,1.80,1.60
2007.11.30 17:03:53.359,1.10915,1.10965,15.50,1.60
2007.11.30 17:03:53.571,1.10925,1.10965,1.60,1.60
2007.11.30 17:03:53.785,1.1092,1.1096,8.40,0.10
2007.11.30 17:03:53.998,1.10925,1.1096,1.50,0.10
2007.11.30 17:03:54.221,1.1092,1.10955,8.00,0.10
2007.11.30 17:03:54.551,1.10915,1.10955,15.50,1.60
2007.11.30 17:03:54.774,1.10915,1.10955,15.50,1.60
2007.11.30 17:03:54.998,1.10915,1.10955,15.50,1.60
2007.11.30 17:03:55.225,1.10925,1.10955,0.80,1.60
2007.11.30 17:03:55.454,1.1092,1.10955,2.80,1.60
2007.11.30 17:03:55.683,1.1092,1.1096,9.90,0.10
2007.11.30 17:03:55.916,1.1092,1.1096,8.30,0.10
2007.11.30 17:03:56.146,1.1092,1.1096,8.30,0.10
2007.11.30 17:03:56.365,1.1092,1.1096,8.30,0.10
2007.11.30 17:03:56.582,1.10925,1.1096,0.80,0.10
2007.11.30 17:03:56.801,1.1092,1.1096,8.30,0.10
2007.11.30 17:03:57.020,1.1092,1.1096,8.30,0.10
2007.11.30 17:03:57.238,1.1092,1.1096,8.30,0.10
2007.11.30 17:03:57.556,1.10925,1.1096,0.80,0.10
2007.11.30 17:03:57.875,1.10925,1.1096,0.80,0.10
2007.11.30 17:03:58.201,1.1093,1.10965,0.40,1.60
2007.11.30 17:03:58.406,1.10925,1.1097,4.40,0.10
2007.11.30 17:03:58.620,1.1093,1.1097,1.80,0.10
2007.11.30 17:03:58.832,1.10925,1.1097,15.50,0.10
2007.11.30 17:03:59.045,1.1093,1.1097,3.80,0.10
2007.11.30 17:03:59.260,1.10925,1.1097,15.50,0.10
2007.11.30 17:03:59.553,1.1093,1.10965,3.00,1.60
2007.11.30 17:03:59.846,1.10915,1.10965,15.50,3.20
2007.11.30 17:04:00.144,1.10915,1.10965,15.50,3.20
2007.11.30 17:04:00.435,1.10915,1.10965,15.50,3.20
2007.11.30 17:04:00.702,1.10915,1.10965,15.50,3.20
2007.11.30 17:04:00.946,1.10925,1.10965,4.90,3.20
2007.11.30 17:04:01.189,1.10915,1.10965,15.50,1.60
2007.11.30 17:04:01.431,1.10915,1.10965,15.50,1.60
2007.11.30 17:04:01.653,1.10915,1.10965,15.50,1.60
2007.11.30 17:04:01.876,1.10915,1.10965,15.50,1.60
2007.11.30 17:04:02.099,1.10925,1.10965,5.40,1.60
2007.11.30 17:04:02.322,1.10915,1.10965,15.50,3.20
2007.11.30 17:04:02.575,1.10915,1.10965,15.50,3.20
2007.11.30 17:04:02.827,1.10925,1.10965,4.60,3.20
2007.11.30 17:04:03.079,1.10915,1.10965,15.50,3.20
2007.11.30 17:04:03.332,1.10915,1.10965,15.50,3.20
2007.11.30 17:04:03.589,1.10915,1.10965,15.50,3.20
2007.11.30 17:04:03.847,1.10915,1.10965,15.50,3.20
2007.11.30 17:04:04.105,1.10915,1.10965,15.50,3.20
2007.11.30 17:04:04.363,1.10925,1.10965,5.30,3.20
2007.11.30 17:04:04.591,1.10915,1.10965,15.50,3.20
2007.11.30 17:04:04.818,1.10915,1.10965,15.50,3.20
2007.11.30 17:04:05.046,1.10925,1.10965,4.60,3.20
2007.11.30 17:04:05.274,1.10925,1.10965,1.10,3.20
2007.11.30 17:04:05.503,1.10915,1.10965,15.50,3.20
2007.11.30 17:04:05.781,1.10925,1.10965,2.20,3.20
2007.11.30 17:04:06.059,1.10925,1.10965,4.00,3.20
2007.11.30 17:04:06.336,1.10925,1.10965,3.30,3.20
2007.11.30 17:04:06.613,1.10925,1.10965,5.10,3.20
2007.11.30 17:04:06.876,1.10915,1.10965,15.50,3.20
2007.11.30 17:04:07.097,1.10915,1.10965,15.50,3.20
2007.11.30 17:04:07.319,1.10915,1.10965,15.50,3.20
2007.11.30 17:04:07.542,1.10915,1.10965,15.50,3.20
2007.11.30 17:04:07.716,1.10915,1.10965,15.50,3.20
2007.11.30 17:04:07.889,1.10925,1.10965,3.70,3.20
2007.11.30 17:04:08.062,1.10915,1.10965,15.50,3.20
2007.11.30 17:04:08.235,1.10915,1.10965,15.50,3.20
2007.11.30 17:04:08.408,1.10925,1.10965,0.90,3.20
2007.11.30 17:04:08.588,1.10925,1.10965,3.50,3.20
2007.11.30 17:04:08.921,1.10915,1.10965,15.50,3.20
2007.11.30 17:04:09.253,1.10915,1.10965,15.50,3.20
2007.11.30 17:04:09.586,1.10915,1.10965,15.50,3.20
2007.11.30 17:04:09.768,1.10915,1.10965,15.50,3.20
2007.11.30 17:04:09.951,1.10915,1.10965,15.50,3.20
2007.11.30 17:04:10.134,1.10925,1.10965,4.30,3.20
2007.11.30 17:04:10.316,1.10915,1.10965,15.50,3.20
2007.11.30 17:04:10.499,1.10915,1.10965,15.50,3.20
2007.11.30 17:04:10.682,1.10915,1.10965,15.50,3.20
2007.11.30 17:04:10.969,1.10915,1.10965,15.50,3.20
2007.11.30 17:04:11.257,1.10915,1.10965,15.50,3.20
2007.11.30 17:04:11.545,1.10915,1.10965,15.50,3.20
2007.11.30 17:04:11.832,1.10915,1.10965,15.50,3.20
2007.11.30 17:04:12.009,1.10915,1.10965,15.50,3.20
2007.11.30 17:04:12.187,1.10925,1.10965,4.20,3.20
2007.11.30 17:04:12.364,1.10915,1.10965,15.50,3.20
2007.11.30 17:04:12.542,1.10925,1.10965,3.30,3.20
2007.11.30 17:04:12.720,1.10915,1.10965,15.50,3.20
2007.11.30 17:04:13.041,1.10915,1.10965,15.50,3.20
2007.11.30 17:04:13.327,1.10925,1.10965,2.90,3.20
2007.11.30 17:04:13.610,1.10915,1.10965,15.50,3.20
2007.11.30 17:04:13.893,1.10915,1.10965,15.50,3.20
2007.11.30 17:04:14.053,1.10915,1.10965,15.50,3.20
2007.11.30 17:04:14.205,1.10915,1.10965,15.50,3.20
2007.11.30 17:04:14.358,1.10925,1.10965,9.90,3.20
2007.11.30 17:04:14.510,1.10925,1.10965,9.90,3.20
2007.11.30 17:04:14.663,1.10925,1.10965,9.90,3.20
2007.11.30 17:04:14.816,1.10925,1.10965,9.90,3.20
2007.11.30 17:04:14.968,1.10925,1.10965,9.90,3.20
2007.11.30 17:04:15.281,1.10925,1.10965,9.90,3.20
2007.11.30 17:04:15.593,1.10925,1.10965,9.90,3.20
2007.11.30 17:04:15.906,1.10925,1.10965,9.90,3.20
2007.11.30 17:04:16.219,1.10925,1.10965,9.90,3.20
2007.11.30 17:04:16.432,1.10925,1.10965,9.90,3.20
2007.11.30 17:04:16.645,1.10925,1.10965,9.90,3.20
2007.11.30 17:04:16.857,1.10925,1.10965,9.90,3.20
2007.11.30 17:04:17.069,1.10925,1.10965,9.90,3.20
2007.11.30 17:04:17.271,1.10925,1.10965,9.90,3.20
2007.11.30 17:04:17.473,1.10925,1.10965,9.90,3.20
2007.11.30 17:04:17.676,1.10925,1.10965,9.90,3.20
2007.11.30 17:04:17.879,1.10925,1.10965,9.90,3.20
2007.11.30 17:04:18.082,1.10925,1.10965,9.90,3.20
2007.11.30 17:04:18.315,1.10925,1.10965,9.90,3.20
2007.11.30 17:04:18.548,1.10925,1.10965,9.90,3.20
2007.11.30 17:04:18.781,1.10925,1.10965,9.90,3.20
2007.11.30 17:04:19.014,1.10925,1.10965,9.90,3.20
2007.11.30 17:04:19.246,1.10925,1.10965,9.90,3.20
2007.11.30 17:04:19.514,1.10925,1.10965,9.90,3.20
2007.11.30 17:04:19.782,1.10925,1.10965,9.90,3.20
2007.11.30 17:04:20.050,1.10925,1.10965,9.90,3.20
2007.11.30 17:04:20.318,1.10925,1.10965,9.90,3.20
2007.11.30 17:04:20.561,1.10925,1.10965,9.90,3.20
2007.11.30 17:04:20.803,1.10925,1.10965,9.90,3.20
2007.11.30 17:04:21.045,1.10925,1.10965,9.90,3.20
2007.11.30 17:04:21.287,1.10925,1.10965,9.90,3.20
2007.11.30 17:04:21.529,1.10925,1.10965,9.90,3.20
2007.11.30 17:04:21.807,1.10925,1.10965,9.90,3.20
2007.11.30 17:04:22.084,1.10925,1.10965,9.90,3.20
2007.11.30 17:04:22.304,1.10925,1.10965,9.90,0.90
2007.11.30 17:04:22.363,1.10925,1.1097,9.90,3.30
2007.11.30 17:04:22.591,1.10925,1.1097,9.90,3.30
2007.11.30 17:04:22.819,1.10925,1.10965,9.90,0.50
2007.11.30 17:04:23.047,1.10925,1.1097,9.90,3.30
2007.11.30 17:04:23.274,1.10925,1.1097,9.90,3.30
2007.11.30 17:04:23.509,1.10925,1.1097,9.90,3.30
2007.11.30 17:04:23.766,1.10925,1.1097,9.90,3.30
2007.11.30 17:04:24.023,1.10925,1.10965,9.90,0.60
2007.11.30 17:04:24.280,1.10925,1.1097,9.90,3.30
2007.11.30 17:04:24.539,1.10925,1.1097,9.90,3.30
2007.11.30 17:04:24.801,1.10925,1.10965,9.90,0.50
2007.11.30 17:04:25.064,1.10925,1.1097,9.90,3.30
2007.11.30 17:04:25.377,1.10925,1.10965,9.90,0.50
2007.11.30 17:04:25.583,1.1093,1.1097,0.40,1.70
2007.11.30 17:04:25.787,1.1093,1.1097,0.40,0.10
2007.11.30 17:04:25.995,1.1093,1.10975,7.50,3.30
2007.11.30 17:04:26.189,1.1093,1.10975,7.50,3.30
2007.11.30 17:04:26.393,1.1093,1.10975,7.50,3.30
2007.11.30 17:04:26.697,1.1093,1.1097,7.50,0.10
2007.11.30 17:04:27.002,1.1093,1.1097,7.50,0.10
2007.11.30 17:04:27.305,1.1093,1.1097,7.50,0.10
2007.11.30 17:04:27.607,1.1093,1.10975,7.50,3.30
2007.11.30 17:04:27.814,1.1093,1.10975,7.50,3.30
2007.11.30 17:04:28.022,1.1093,1.10975,7.50,3.30
2007.11.30 17:04:28.230,1.1093,1.10975,7.50,3.30
2007.11.30 17:04:28.437,1.1093,1.10975,7.50,3.30
2007.11.30 17:04:28.670,1.1093,1.10975,7.50,3.30
2007.11.30 17:04:28.903,1.1093,1.1097,7.50,0.10
2007.11.30 17:04:29.136,1.1093,1.1097,7.50,0.10
2007.11.30 17:04:29.368,1.1093,1.10975,7.50,3.30
2007.11.30 17:04:29.602,1.1093,1.10975,7.50,3.30
2007.11.30 17:04:29.880,1.1093,1.10975,7.50,3.30
2007.11.30 17:04:30.158,1.1093,1.1097,7.50,0.10
2007.11.30 17:04:30.435,1.1093,1.10975,7.50,3.30
2007.11.30 17:04:30.689,1.1093,1.1097,7.50,0.10
2007.11.30 17:04:30.942,1.1093,1.1097,7.50,0.10
2007.11.30 17:04:31.195,1.1093,1.10975,7.50,3.30
2007.11.30 17:04:31.547,1.1093,1.1097,7.50,0.10
2007.11.30 17:04:31.769,1.1093,1.10975,7.50,3.30
2007.11.30 17:04:31.992,1.10925,1.10965,10.70,0.10
2007.11.30 17:04:32.222,1.10925,1.1097,9.10,0.20
2007.11.30 17:04:32.446,1.10925,1.10965,9.10,0.10
2007.11.30 17:04:32.668,1.10925,1.10965,9.10,0.10
2007.11.30 17:04:32.972,1.10925,1.1097,9.10,0.20
2007.11.30 17:04:33.275,1.10925,1.10965,9.10,0.10
2007.11.30 17:04:33.577,1.10925,1.10965,9.10,0.10
2007.11.30 17:04:33.817,1.10925,1.10965,9.10,0.10
2007.11.30 17:04:34.042,1.10925,1.10965,9.10,0.10
2007.11.30 17:04:34.275,1.10925,1.10965,9.10,0.10
2007.11.30 17:04:34.508,1.10925,1.1097,9.10,0.20
2007.11.30 17:04:34.741,1.10925,1.10965,9.10,0.10
2007.11.30 17:04:35.049,1.10925,1.1097,9.10,0.20
2007.11.30 17:04:35.357,1.10925,1.1097,9.10,0.20
2007.11.30 17:04:35.663,1.10925,1.1097,9.10,0.20
2007.11.30 17:04:35.827,1.10925,1.10965,9.10,0.10
2007.11.30 17:04:35.995,1.10925,1.10965,9.10,0.10
2007.11.30 17:04:36.159,1.10925,1.1097,9.10,0.20
2007.11.30 17:04:36.321,1.10925,1.1097,9.10,0.20
2007.11.30 17:04:36.486,1.10925,1.10965,9.10,0.10
2007.11.30 17:04:36.648,1.10925,1.1097,9.10,0.20
2007.11.30 17:04:36.811,1.10925,1.1097,9.10,0.20
2007.11.30 17:04:37.143,1.10925,1.10965,9.10,0.10
2007.11.30 17:04:37.476,1.10925,1.10965,9.10,0.10
2007.11.30 17:04:37.808,1.10925,1.1097,9.10,0.20
2007.11.30 17:04:38.011,1.10925,1.1097,9.10,0.20
2007.11.30 17:04:38.214,1.10925,1.1097,9.10,0.20
2007.11.30 17:04:38.417,1.10925,1.1097,9.10,0.20
2007.11.30 17:04:38.620,1.10925,1.1097,9.10,0.20
2007.11.30 17:04:38.822,1.10925,1.10965,9.10,0.10
2007.11.30 17:04:39.124,1.10925,1.10965,9.10,0.10
2007.11.30 17:04:39.427,1.10925,1.1097,9.10,0.20
2007.11.30 17:04:39.729,1.10925,1.1097,9.10,0.20
2007.11.30 17:04:40.031,1.10925,1.10965,9.10,0.10
2007.11.30 17:04:40.250,1.10925,1.1096,7.20,0.10
2007.11.30 17:04:40.468,1.10925,1.1096,7.20,0.10
2007.11.30 17:04:40.687,1.1092,1.10965,7.50,3.30
2007.11.30 17:04:40.903,1.1092,1.10965,7.50,3.30
2007.11.30 17:04:41.226,1.1092,1.10965,7.50,3.30
2007.11.30 17:04:41.549,1.1092,1.1096,7.50,0.10
2007.11.30 17:04:41.872,1.1092,1.10965,7.50,3.30
2007.11.30 17:04:42.099,1.1092,1.1096,7.50,0.10
2007.11.30 17:04:42.326,1.1092,1.10965,7.50,3.30
2007.11.30 17:04:42.554,1.1092,1.10965,7.50,3.30
2007.11.30 17:04:42.783,1.1092,1.1096,7.50,0.10
2007.11.30 17:04:43.071,1.1092,1.1096,7.50,0.10
2007.11.30 17:04:43.359,1.1092,1.1096,7.50,0.10
2007.11.30 17:04:43.646,1.1092,1.10965,7.50,3.30
2007.11.30 17:04:43.933,1.1092,1.10965,7.50,3.30
2007.11.30 17:04:44.111,1.1092,1.10965,7.50,3.30
2007.11.30 17:04:44.288,1.1092,1.10965,7.50,3.30
2007.11.30 17:04:44.466,1.1092,1.1096,7.50,0.10
2007.11.30 17:04:44.644,1.1092,1.10965,7.50,3.30
2007.11.30 17:04:44.822,1.1092,1.10965,7.50,3.30
2007.11.30 17:04:44.999,1.1092,1.10965,7.50,3.30
2007.11.30 17:04:45.326,1.1092,1.1096,7.50,0.10
2007.11.30 17:04:45.653,1.1092,1.10965,7.50,3.30
2007.11.30 17:04:45.980,1.1092,1.10965,7.50,3.30
2007.11.30 17:04:46.173,1.1092,1.1096,7.50,0.10
2007.11.30 17:04:46.366,1.1092,1.1096,7.50,0.10
2007.11.30 17:04:46.558,1.1092,1.1096,7.50,0.10
2007.11.30 17:04:46.751,1.1092,1.10965,7.50,3.30
2007.11.30 17:04:46.944,1.1092,1.10965,7.50,3.30
2007.11.30 17:04:47.137,1.1092,1.1096,7.50,0.10
2007.11.30 17:04:47.424,1.1092,1.10965,7.50,3.30
2007.11.30 17:04:47.711,1.10915,1.1096,15.50,0.20
2007.11.30 17:04:47.999,1.10915,1.10955,15.50,0.10
2007.11.30 17:04:48.224,1.10915,1.10955,15.50,0.10
2007.11.30 17:04:48.447,1.10915,1.10955,15.50,0.10
2007.11.30 17:04:48.670,1.10915,1.10955,9.90,0.10
2007.11.30 17:04:48.893,1.10915,1.1096,9.90,0.20
2007.11.30 17:04:49.116,1.10915,1.10955,9.90,0.10
2007.11.30 17:04:49.383,1.10915,1.10955,9.90,0.10
2007.11.30 17:04:49.650,1.10915,1.1097,9.60,5.70
2007.11.30 17:04:50.055,1.1092,1.10965,7.20,1.60
2007.11.30 17:04:50.258,1.1092,1.10965,7.20,1.60
2007.11.30 17:04:50.465,1.1092,1.10965,7.20,1.60
2007.11.30 17:04:50.680,1.1092,1.10965,7.20,1.60
2007.11.30 17:04:50.873,1.1092,1.10965,7.20,1.60
2007.11.30 17:04:51.090,1.1092,1.10965,7.20,1.60
2007.11.30 17:04:51.384,1.1092,1.10965,7.20,1.60
2007.11.30 17:04:51.672,1.1092,1.10965,7.20,1.60
2007.11.30 17:04:51.962,1.1092,1.10965,7.20,1.60
2007.11.30 17:04:52.248,1.1092,1.10965,7.20,1.60
2007.11.30 17:04:52.506,1.1092,1.10965,7.20,1.60
2007.11.30 17:04:52.764,1.1092,1.10965,7.20,1.60
2007.11.30 17:04:53.023,1.1092,1.10965,7.20,1.60
2007.11.30 17:04:53.282,1.1092,1.10965,7.20,1.60
2007.11.30 17:04:53.510,1.1092,1.10965,7.20,1.60
2007.11.30 17:04:53.739,1.1092,1.10965,7.20,1.60
2007.11.30 17:04:53.966,1.1092,1.10965,7.20,1.60
2007.11.30 17:04:54.194,1.10915,1.10965,9.60,3.20
2007.11.30 17:04:54.423,1.10915,1.10965,9.60,7.20
2007.11.30 17:04:54.661,1.10915,1.10965,9.60,7.20
2007.11.30 17:04:54.899,1.10915,1.10965,9.60,7.20
2007.11.30 17:04:55.137,1.10915,1.10965,9.60,7.20
2007.11.30 17:04:55.376,1.10915,1.10965,9.60,7.20
2007.11.30 17:04:55.623,1.10915,1.10965,9.60,7.20
2007.11.30 17:04:55.872,1.10915,1.10965,9.60,7.20
2007.11.30 17:04:56.221,1.10915,1.10965,9.60,7.20
2007.11.30 17:04:56.477,1.10915,1.10965,9.60,7.20
2007.11.30 17:04:56.705,1.10915,1.10965,9.60,7.20
2007.11.30 17:04:56.931,1.10915,1.10965,8.80,7.20
2007.11.30 17:04:57.160,1.10915,1.1095,8.80,0.10
2007.11.30 17:04:57.394,1.10915,1.10945,8.80,0.10
2007.11.30 17:04:57.615,1.10915,1.10945,8.80,0.10
2007.11.30 17:04:57.948,1.10915,1.10945,1.60,0.10
2007.11.30 17:04:58.281,1.10915,1.10945,1.60,0.10
2007.11.30 17:04:58.615,1.10915,1.10945,1.60,0.10
2007.11.30 17:04:58.812,1.10915,1.10945,1.60,0.10
2007.11.30 17:04:59.010,1.10915,1.10945,1.60,0.10
2007.11.30 17:04:59.209,1.10915,1.10945,1.60,0.10
2007.11.30 17:04:59.407,1.10915,1.10945,1.60,0.10
2007.11.30 17:04:59.605,1.10915,1.10945,1.60,0.10
2007.11.30 17:04:59.902,1.10915,1.10945,1.60,0.10
2007.11.30 17:05:00.201,1.10915,1.10945,1.60,0.10
2007.11.30 17:05:00.498,1.10915,1.10945,1.60,0.10
2007.11.30 17:05:00.795,1.10915,1.10945,1.60,0.10
2007.11.30 17:05:01.013,1.10915,1.10945,1.60,0.10
2007.11.30 17:05:01.231,1.10915,1.10945,1.60,0.10
2007.11.30 17:05:01.449,1.10915,1.10945,1.60,0.10
2007.11.30 17:05:01.668,1.10915,1.10945,1.60,0.10
2007.11.30 17:05:01.885,1.10915,1.10945,1.60,0.10
2007.11.30 17:05:02.138,1.10915,1.10945,1.60,0.10
2007.11.30 17:05:02.392,1.10915,1.10945,1.60,0.10
2007.11.30 17:05:02.644,1.10915,1.10945,1.60,0.10
2007.11.30 17:05:02.896,1.10915,1.10945,1.60,0.10
2007.11.30 17:05:03.139,1.10915,1.10945,1.60,0.10
2007.11.30 17:05:03.382,1.10915,1.10945,1.60,0.10
2007.11.30 17:05:03.624,1.10915,1.10945,1.60,0.10
2007.11.30 17:05:03.867,1.10915,1.10945,1.60,0.10
2007.11.30 17:05:04.145,1.10915,1.10945,1.60,0.10
2007.11.30 17:05:04.423,1.10915,1.10945,1.60,0.10
2007.11.30 17:05:04.701,1.10915,1.10945,1.60,0.10
2007.11.30 17:05:04.980,1.10915,1.1095,1.60,0.10
2007.11.30 17:05:05.213,1.10915,1.1095,1.60,0.10
2007.11.30 17:05:05.453,1.10915,1.1095,1.60,0.10
2007.11.30 17:05:05.685,1.10915,1.1095,1.60,0.10
2007.11.30 17:05:05.918,1.10915,1.1095,1.60,0.10
2007.11.30 17:05:06.151,1.10915,1.1095,1.60,0.10
2007.11.30 17:05:06.409,1.10915,1.1095,1.60,0.10
2007.11.30 17:05:06.666,1.10915,1.1095,1.60,0.10
2007.11.30 17:05:06.925,1.10915,1.1095,1.60,0.10
2007.11.30 17:05:07.182,1.10915,1.1095,1.60,0.10
2007.11.30 17:05:07.414,1.10915,1.1095,1.60,0.10
2007.11.30 17:05:07.647,1.10915,1.1095,1.60,0.10
2007.11.30 17:05:07.878,1.10915,1.1095,1.60,0.10
2007.11.30 17:05:08.111,1.10915,1.1095,1.60,0.10
2007.11.30 17:05:08.363,1.10915,1.1095,1.60,0.10
2007.11.30 17:05:08.616,1.10915,1.1095,1.60,0.10
2007.11.30 17:05:08.869,1.10915,1.1095,1.60,0.10
2007.11.30 17:05:09.123,1.10915,1.10955,1.90,1.60
2007.11.30 17:05:09.360,1.10915,1.10955,9.10,0.10
2007.11.30 17:05:09.598,1.10915,1.10955,9.10,0.10
2007.11.30 17:05:09.836,1.10915,1.10955,9.10,0.10
2007.11.30 17:05:10.074,1.10915,1.10955,9.10,0.10
2007.11.30 17:05:10.339,1.10915,1.10955,9.10,0.10
2007.11.30 17:05:10.590,1.10915,1.10955,9.10,0.10
2007.11.30 17:05:10.847,1.10915,1.10955,9.10,0.10
2007.11.30 17:05:11.105,1.10915,1.10955,9.10,0.10
2007.11.30 17:05:11.351,1.10915,1.10955,9.10,0.10
2007.11.30 17:05:11.599,1.10915,1.10955,9.10,0.10
2007.11.30 17:05:11.847,1.10915,1.10955,9.10,0.10
2007.11.30 17:05:12.095,1.10915,1.10955,9.10,0.10
2007.11.30 17:05:12.358,1.10915,1.10955,9.10,0.10
2007.11.30 17:05:12.621,1.10915,1.10955,9.10,0.10
2007.11.30 17:05:12.883,1.10915,1.10955,9.10,0.10
2007.11.30 17:05:13.146,1.10915,1.10955,9.10,0.10
2007.11.30 17:05:13.358,1.10915,1.10955,9.10,0.10
2007.11.30 17:05:13.570,1.1093,1.10965,0.40,7.20
2007.11.30 17:05:13.783,1.10935,1.10965,1.60,5.60
2007.11.30 17:05:13.996,1.10935,1.10965,1.60,1.60
2007.11.30 17:05:14.209,1.10935,1.10965,1.60,3.20
2007.11.30 17:05:14.502,1.10935,1.10965,1.60,3.20
2007.11.30 17:05:14.795,1.10935,1.10965,1.60,3.20
2007.11.30 17:05:15.088,1.10935,1.10965,1.60,3.20
2007.11.30 17:05:15.381,1.10935,1.10965,1.60,3.20
2007.11.30 17:05:15.584,1.10935,1.10965,1.60,3.20
2007.11.30 17:05:15.786,1.10935,1.10965,1.60,3.20
2007.11.30 17:05:15.989,1.10935,1.10965,1.60,3.20
2007.11.30 17:05:16.191,1.10935,1.10965,1.60,3.20
2007.11.30 17:05:16.434,1.10935,1.10965,1.60,3.20
2007.11.30 17:05:16.678,1.10935,1.10965,1.60,3.20
2007.11.30 17:05:16.922,1.10935,1.10965,1.60,3.20
2007.11.30 17:05:17.164,1.10935,1.10965,1.60,3.20
2007.11.30 17:05:17.417,1.10935,1.10965,1.60,3.20
2007.11.30 17:05:17.668,1.10935,1.10965,1.60,3.20
2007.11.30 17:05:17.920,1.10935,1.10965,1.60,3.20
2007.11.30 17:05:18.172,1.10935,1.10965,1.60,3.20
2007.11.30 17:05:18.409,1.10935,1.10965,1.60,3.20
2007.11.30 17:05:18.647,1.10935,1.1096,1.60,0.10
2007.11.30 17:05:18.885,1.10925,1.1096,1.90,0.10
2007.11.30 17:05:19.123,1.10925,1.10955,1.60,0.10
2007.11.30 17:05:19.361,1.10915,1.10955,9.10,0.10
2007.11.30 17:05:19.645,1.10915,1.10955,7.20,1.60
2007.11.30 17:05:19.927,1.1091,1.10955,7.20,1.60
2007.11.30 17:05:20.210,1.1091,1.10955,7.20,1.60
2007.11.30 17:05:20.419,1.1091,1.10955,7.20,1.60
2007.11.30 17:05:20.621,1.1091,1.10955,7.20,1.60
2007.11.30 17:05:20.878,1.1091,1.10955,7.20,1.60
2007.11.30 17:05:21.079,1.1091,1.10955,7.20,1.60
2007.11.30 17:05:21.262,1.1091,1.10955,2.20,1.60
2007.11.30 17:05:21.281,1.1091,1.10955,1.30,1.60
2007.11.30 17:05:21.523,1.1091,1.10955,0.50,1.60
2007.11.30 17:05:21.766,1.1091,1.10955,2.60,1.60
2007.11.30 17:05:22.008,1.10905,1.10955,9.60,1.60
2007.11.30 17:05:22.250,1.1091,1.10955,0.90,1.60
2007.11.30 17:05:22.493,1.1091,1.10955,4.00,1.60
2007.11.30 17:05:22.721,1.10905,1.10955,9.60,1.60
2007.11.30 17:05:22.948,1.10905,1.10955,9.60,1.60
2007.11.30 17:05:23.176,1.10905,1.10955,9.60,1.60
2007.11.30 17:05:23.404,1.10915,1.10955,3.70,1.60
2007.11.30 17:05:23.660,1.10905,1.10955,15.20,1.60
2007.11.30 17:05:23.906,1.10905,1.10955,15.20,1.60
2007.11.30 17:05:24.154,1.10905,1.10955,15.20,1.60
2007.11.30 17:05:24.402,1.10905,1.10955,15.20,1.60
2007.11.30 17:05:24.629,1.10905,1.10955,15.20,1.60
2007.11.30 17:05:24.859,1.10915,1.10955,3.00,1.60
2007.11.30 17:05:25.086,1.10915,1.10955,3.60,1.60
2007.11.30 17:05:25.314,1.10915,1.10955,2.90,1.60
2007.11.30 17:05:25.542,1.10905,1.10955,15.20,1.60
2007.11.30 17:05:25.875,1.10905,1.10955,15.20,1.60
2007.11.30 17:05:26.209,1.10915,1.10955,1.00,1.60
2007.11.30 17:05:26.542,1.10905,1.10955,15.20,1.60
2007.11.30 17:05:26.755,1.10905,1.10955,15.20,1.60
2007.11.30 17:05:27.046,1.10915,1.10955,1.10,1.60
2007.11.30 17:05:27.257,1.10905,1.10955,15.20,1.60
2007.11.30 17:05:27.469,1.10905,1.10955,15.20,1.60
2007.11.30 17:05:27.722,1.10915,1.10955,2.30,1.60
2007.11.30 17:05:27.975,1.10905,1.10955,15.20,1.60
2007.11.30 17:05:28.228,1.10905,1.10955,15.20,1.60
2007.11.30 17:05:28.481,1.10915,1.10955,0.80,1.60
2007.11.30 17:05:28.714,1.10915,1.10955,0.80,1.60
2007.11.30 17:05:28.947,1.10915,1.10955,1.70,1.60
2007.11.30 17:05:29.180,1.10905,1.10955,15.20,1.60
2007.11.30 17:05:29.413,1.10905,1.10955,15.20,1.60
2007.11.30 17:05:29.646,1.10915,1.10955,1.10,1.60
2007.11.30 17:05:29.910,1.10905,1.10955,15.20,1.60
2007.11.30 17:05:30.172,1.10905,1.10955,15.20,1.60
2007.11.30 17:05:30.436,1.10905,1.10955,15.20,1.60
2007.11.30 17:05:30.699,1.10915,1.10955,2.30,1.60
2007.11.30 17:05:30.942,1.10915,1.10955,1.10,1.60
2007.11.30 17:05:31.192,1.10905,1.10955,15.20,1.60
2007.11.30 17:05:31.427,1.10905,1.10955,15.20,1.60
2007.11.30 17:05:31.670,1.10905,1.10955,15.20,1.60
2007.11.30 17:05:31.898,1.10915,1.10955,3.80,1.60
2007.11.30 17:05:32.126,1.10905,1.10955,15.20,1.60
2007.11.30 17:05:32.354,1.10915,1.10955,3.10,3.20
2007.11.30 17:05:32.581,1.10905,1.10955,15.20,3.20
2007.11.30 17:05:32.785,1.10915,1.10955,1.10,3.20
2007.11.30 17:05:32.988,1.10915,1.10955,0.60,7.20
2007.11.30 17:05:33.208,1.10895,1.10945,15.50,0.10
2007.11.30 17:05:33.410,1.10905,1.10945,5.10,0.10
2007.11.30 17:05:33.613,1.10905,1.10945,2.80,0.10
2007.11.30 17:05:33.885,1.10905,1.10945,4.00,0.10
2007.11.30 17:05:34.158,1.10895,1.10945,15.50,0.10
2007.11.30 17:05:34.430,1.10895,1.10945,15.50,0.10
2007.11.30 17:05:34.704,1.10895,1.10945,15.50,0.10
2007.11.30 17:05:34.899,1.10895,1.10945,15.50,0.10
2007.11.30 17:05:35.092,1.10905,1.10945,0.70,0.10
2007.11.30 17:05:35.285,1.10895,1.10945,15.50,0.10
2007.11.30 17:05:35.477,1.10895,1.10945,15.50,0.10
2007.11.30 17:05:35.672,1.10895,1.10945,15.50,0.10
2007.11.30 17:05:35.863,1.10895,1.10945,15.50,0.10
2007.11.30 17:05:36.151,1.10905,1.10945,4.30,0.10
2007.11.30 17:05:36.439,1.10895,1.10945,15.50,0.10
2007.11.30 17:05:36.727,1.10905,1.10945,0.70,0.10
2007.11.30 17:05:36.956,1.10895,1.10945,15.50,0.10
2007.11.30 17:05:37.184,1.10905,1.10945,5.20,0.10
2007.11.30 17:05:37.411,1.10905,1.10945,1.60,0.10
2007.11.30 17:05:37.639,1.10895,1.10945,15.50,0.10
2007.11.30 17:05:37.866,1.10905,1.10945,4.80,0.10
2007.11.30 17:05:38.095,1.10905,1.10945,1.10,0.10
2007.11.30 17:05:38.332,1.10905,1.10945,1.50,0.10
2007.11.30 17:05:38.570,1.109,1.1094,10.00,0.10
2007.11.30 17:05:38.809,1.10905,1.1094,0.80,0.10
2007.11.30 17:05:39.047,1.109,1.1094,8.30,0.10
2007.11.30 17:05:39.374,1.10905,1.1094,0.80,0.10
2007.11.30 17:05:39.606,1.109,1.1094,8.30,0.10
2007.11.30 17:05:39.840,1.109,1.1094,8.30,0.10
2007.11.30 17:05:40.073,1.10905,1.1094,0.80,0.10
2007.11.30 17:05:40.270,1.109,1.1094,8.30,0.10
2007.11.30 17:05:40.468,1.109,1.1094,8.30,0.10
2007.11.30 17:05:40.666,1.109,1.1094,8.30,0.10
2007.11.30 17:05:40.863,1.10905,1.1094,0.80,0.10
2007.11.30 17:05:41.061,1.109,1.1094,8.30,0.10
2007.11.30 17:05:41.258,1.109,1.1094,8.30,0.10
2007.11.30 17:05:41.521,1.109,1.1094,8.30,0.10
2007.11.30 17:05:41.785,1.10905,1.1094,0.80,0.10
2007.11.30 17:05:42.047,1.109,1.1094,8.30,0.10
2007.11.30 17:05:42.310,1.10905,1.1094,0.80,0.10
2007.11.30 17:05:42.487,1.10905,1.1094,0.80,0.10
2007.11.30 17:05:42.664,1.109,1.1094,8.30,0.10
2007.11.30 17:05:42.842,1.109,1.1094,8.30,0.10
2007.11.30 17:05:43.020,1.10905,1.1094,0.80,0.10
2007.11.30 17:05:43.197,1.109,1.1094,8.30,0.10
2007.11.30 17:05:43.456,1.109,1.1094,8.30,0.10
2007.11.30 17:05:43.715,1.109,1.1094,8.30,0.10
2007.11.30 17:05:43.972,1.10905,1.1094,0.80,0.10
2007.11.30 17:05:44.229,1.10905,1.1094,0.80,0.10
2007.11.30 17:05:44.407,1.109,1.1094,8.30,0.10
2007.11.30 17:05:44.585,1.109,1.1094,8.30,0.10
2007.11.30 17:05:44.764,1.10905,1.1094,0.80,0.10
2007.11.30 17:05:44.941,1.10905,1.1094,0.80,0.10
2007.11.30 17:05:45.120,1.109,1.1094,8.30,0.10
2007.11.30 17:05:45.298,1.109,1.1094,8.30,0.10
2007.11.30 17:05:45.591,1.109,1.1094,3.20,0.10
2007.11.30 17:05:45.884,1.10895,1.10935,14.70,0.10
2007.11.30 17:05:46.176,1.10885,1.10935,15.50,0.10
2007.11.30 17:05:46.470,1.10895,1.10935,4.20,0.10
2007.11.30 17:05:46.767,1.10885,1.10935,15.50,0.10
2007.11.30 17:05:47.066,1.10895,1.1094,9.20,0.10
2007.11.30 17:05:47.364,1.109,1.1094,2.00,0.10
2007.11.30 17:05:47.593,1.10905,1.1094,1.20,0.10
2007.11.30 17:05:47.815,1.109,1.10935,8.80,1.60
2007.11.30 17:05:48.038,1.10895,1.10935,14.70,1.60
2007.11.30 17:05:48.261,1.10895,1.10935,14.70,1.60
2007.11.30 17:05:48.483,1.10905,1.10935,1.20,1.60
2007.11.30 17:05:48.721,1.10905,1.10935,0.70,1.60
2007.11.30 17:05:48.959,1.10905,1.10935,0.70,1.60
2007.11.30 17:05:49.197,1.10905,1.10935,1.00,1.60
2007.11.30 17:05:49.435,1.10905,1.10935,0.90,1.60
2007.11.30 17:05:49.673,1.10905,1.10935,0.60,1.60
2007.11.30 17:05:49.891,1.10905,1.10935,0.50,1.60
2007.11.30 17:05:50.109,1.10895,1.1093,14.40,0.10
2007.11.30 17:05:50.327,1.10895,1.1093,0.90,0.10
2007.11.30 17:05:50.545,1.1089,1.1093,9.10,0.10
2007.11.30 17:05:50.763,1.10895,1.1093,1.60,0.10
2007.11.30 17:05:50.981,1.10895,1.1093,1.60,0.10
2007.11.30 17:05:51.198,1.10895,1.1093,1.60,0.10
2007.11.30 17:05:51.415,1.10895,1.1093,1.60,0.10
2007.11.30 17:05:51.716,1.10895,1.1093,1.60,0.10
2007.11.30 17:05:51.969,1.10895,1.1093,1.60,0.10
2007.11.30 17:05:52.222,1.10895,1.1093,1.60,0.10
2007.11.30 17:05:52.475,1.10895,1.1093,1.60,0.10
2007.11.30 17:05:52.728,1.109,1.1094,0.40,0.10
2007.11.30 17:05:53.002,1.109,1.1094,0.40,0.10
2007.11.30 17:05:53.277,1.109,1.1094,7.50,0.10
2007.11.30 17:05:53.549,1.109,1.1094,7.50,0.10
2007.11.30 17:05:53.821,1.109,1.1094,7.50,0.10
2007.11.30 17:05:54.044,1.109,1.1094,7.50,0.10
2007.11.30 17:05:54.267,1.109,1.1094,7.50,0.10
2007.11.30 17:05:54.490,1.109,1.1094,7.50,0.10
2007.11.30 17:05:54.713,1.109,1.1094,7.50,0.10
2007.11.30 17:05:54.937,1.109,1.1094,7.50,0.10
2007.11.30 17:05:55.159,1.109,1.1094,7.50,0.10
2007.11.30 17:05:55.383,1.109,1.1094,7.50,0.10
2007.11.30 17:05:55.605,1.109,1.1094,7.50,0.10
2007.11.30 17:05:55.828,1.109,1.1094,7.50,0.10
2007.11.30 17:05:56.051,1.109,1.1094,7.50,0.10
2007.11.30 17:05:56.323,1.109,1.1094,7.50,0.10
2007.11.30 17:05:56.595,1.109,1.1094,7.50,0.10
2007.11.30 17:05:56.868,1.109,1.1094,7.50,0.10
2007.11.30 17:05:57.140,1.109,1.1094,7.50,0.10
2007.11.30 17:05:57.408,1.109,1.10935,7.20,0.10
2007.11.30 17:05:57.675,1.109,1.10935,7.20,0.10
2007.11.30 17:05:57.943,1.10895,1.10935,9.10,0.10
2007.11.30 17:05:58.212,1.10895,1.1093,8.80,0.10
2007.11.30 17:05:58.436,1.10895,1.1093,1.60,0.10
2007.11.30 17:05:58.659,1.10895,1.10935,1.90,1.60
2007.11.30 17:05:58.881,1.10895,1.10935,1.90,1.60
2007.11.30 17:05:59.103,1.10905,1.10935,1.60,1.60
2007.11.30 17:05:59.438,1.10905,1.10935,1.60,1.60
2007.11.30 17:05:59.769,1.10905,1.10935,1.60,1.60
2007.11.30 17:06:00.102,1.10905,1.10935,1.60,1.60
2007.11.30 17:06:00.269,1.10905,1.10935,1.60,1.60
2007.11.30 17:06:00.432,1.10905,1.10935,1.60,1.60
2007.11.30 17:06:00.601,1.10905,1.10935,1.60,1.60
2007.11.30 17:06:00.764,1.10905,1.10935,1.60,1.60
2007.11.30 17:06:00.936,1.10905,1.10935,1.60,1.60
2007.11.30 17:06:01.089,1.10905,1.10935,1.60,1.60
2007.11.30 17:06:01.421,1.10905,1.10935,1.60,1.60
2007.11.30 17:06:01.753,1.10905,1.10935,1.60,1.60
2007.11.30 17:06:02.086,1.10905,1.10935,1.60,1.60
2007.11.30 17:06:02.243,1.10905,1.10935,1.60,1.60
2007.11.30 17:06:02.408,1.10905,1.10935,1.60,1.60
2007.11.30 17:06:02.565,1.10905,1.10935,1.60,1.60
2007.11.30 17:06:02.723,1.10905,1.10935,1.60,1.60
2007.11.30 17:06:02.881,1.10905,1.10935,1.60,1.60
2007.11.30 17:06:03.039,1.10905,1.10935,1.60,1.60
2007.11.30 17:06:03.198,1.10905,1.10925,1.60,0.10
2007.11.30 17:06:03.491,1.10885,1.10925,11.50,1.60
2007.11.30 17:06:03.784,1.10885,1.10925,11.50,1.60
2007.11.30 17:06:04.079,1.10885,1.10925,11.50,1.60
2007.11.30 17:06:04.371,1.10885,1.10925,11.50,1.60
2007.11.30 17:06:04.584,1.10885,1.10925,11.50,1.60
2007.11.30 17:06:04.802,1.10885,1.10925,11.50,1.60
2007.11.30 17:06:05.014,1.10885,1.10925,11.50,1.60
2007.11.30 17:06:05.227,1.10885,1.10925,11.50,1.60
2007.11.30 17:06:05.445,1.10885,1.10925,11.50,1.60
2007.11.30 17:06:05.663,1.10885,1.10925,11.50,1.60
2007.11.30 17:06:05.879,1.10885,1.10925,11.50,1.60
2007.11.30 17:06:06.097,1.10885,1.10925,11.50,1.60
2007.11.30 17:06:06.315,1.10885,1.10925,11.50,1.60
2007.11.30 17:06:06.543,1.10885,1.10925,11.50,1.60
2007.11.30 17:06:06.771,1.10885,1.10925,11.50,1.60
2007.11.30 17:06:06.999,1.10885,1.10925,11.50,1.60
2007.11.30 17:06:07.227,1.10885,1.10925,11.50,1.60
2007.11.30 17:06:07.457,1.10885,1.10925,11.50,1.60
2007.11.30 17:06:07.700,1.10885,1.10925,11.50,1.60
2007.11.30 17:06:07.943,1.10885,1.10925,11.50,1.60
2007.11.30 17:06:08.186,1.10895,1.10925,1.60,1.60
2007.11.30 17:06:08.430,1.10895,1.1093,1.60,0.10
2007.11.30 17:06:08.642,1.10895,1.1093,1.60,0.10
2007.11.30 17:06:08.856,1.1089,1.10925,7.20,1.60
2007.11.30 17:06:09.069,1.10885,1.10925,11.50,1.60
2007.11.30 17:06:09.282,1.10885,1.10925,11.50,1.60
2007.11.30 17:06:09.494,1.10885,1.10925,11.50,1.60
2007.11.30 17:06:09.782,1.10885,1.10925,11.50,1.60
2007.11.30 17:06:10.215,1.10885,1.10925,11.50,1.60
2007.11.30 17:06:10.504,1.10885,1.10925,11.50,1.60
2007.11.30 17:06:10.656,1.10885,1.10925,11.50,1.60
2007.11.30 17:06:10.809,1.10885,1.10925,11.50,1.60
2007.11.30 17:06:10.962,1.10885,1.10925,11.50,1.60
2007.11.30 17:06:11.114,1.10885,1.10925,11.50,1.60
2007.11.30 17:06:11.268,1.10885,1.10925,11.50,1.60
2007.11.30 17:06:11.422,1.10885,1.10925,11.50,1.60
2007.11.30 17:06:11.573,1.10885,1.10925,11.50,1.60
2007.11.30 17:06:11.906,1.10885,1.10925,11.50,1.60
2007.11.30 17:06:12.239,1.10885,1.10925,11.50,1.60
2007.11.30 17:06:12.572,1.10885,1.10925,11.50,1.60
2007.11.30 17:06:12.735,1.1089,1.10925,0.40,1.60
2007.11.30 17:06:12.898,1.10895,1.1093,1.60,0.10
2007.11.30 17:06:13.061,1.10895,1.1093,1.60,0.10
2007.11.30 17:06:13.226,1.109,1.10935,0.40,1.60
2007.11.30 17:06:13.388,1.10915,1.1094,1.60,0.10
2007.11.30 17:06:13.551,1.10915,1.1094,1.60,0.10
2007.11.30 17:06:13.885,1.10905,1.1094,1.60,0.10
2007.11.30 17:06:14.218,1.10905,1.1094,1.60,0.10
2007.11.30 17:06:14.558,1.10905,1.1094,1.60,0.10
2007.11.30 17:06:14.884,1.10905,1.1094,1.60,0.10
2007.11.30 17:06:15.102,1.10905,1.1094,1.60,0.10
2007.11.30 17:06:15.319,1.10905,1.1094,1.60,0.10
2007.11.30 17:06:15.537,1.10905,1.1094,1.60,0.10
2007.11.30 17:06:15.755,1.10905,1.1094,1.60,0.10
2007.11.30 17:06:16.023,1.10905,1.1094,1.60,0.10
2007.11.30 17:06:16.381,1.10905,1.1094,1.60,0.10
2007.11.30 17:06:16.650,1.10905,1.1094,1.60,0.10
2007.11.30 17:06:16.838,1.10905,1.1094,1.60,0.10
2007.11.30 17:06:17.026,1.10905,1.1094,1.60,0.10
2007.11.30 17:06:17.214,1.10905,1.1094,1.60,0.10
2007.11.30 17:06:17.402,1.10905,1.1094,1.60,0.10
2007.11.30 17:06:17.591,1.10905,1.1094,1.60,0.10
2007.11.30 17:06:17.779,1.10905,1.1094,1.60,0.10
2007.11.30 17:06:18.058,1.10905,1.1094,1.60,0.10
2007.11.30 17:06:18.336,1.10905,1.1094,1.60,0.10
2007.11.30 17:06:18.614,1.10905,1.1094,1.60,0.10
2007.11.30 17:06:18.892,1.10905,1.1094,1.60,0.10
2007.11.30 17:06:19.110,1.10905,1.1094,8.80,0.10
2007.11.30 17:06:19.328,1.10905,1.1094,8.80,0.10
2007.11.30 17:06:19.546,1.10905,1.1094,1.60,0.10
2007.11.30 17:06:19.764,1.10905,1.1094,1.60,0.10
2007.11.30 17:06:20.040,1.10905,1.1094,1.60,0.10
2007.11.30 17:06:20.317,1.10905,1.1094,1.60,0.10
2007.11.30 17:06:20.595,1.10905,1.1094,1.60,0.10
2007.11.30 17:06:20.873,1.10905,1.1094,1.60,0.10
2007.11.30 17:06:21.126,1.10905,1.1094,1.60,0.10
2007.11.30 17:06:21.379,1.10905,1.1094,1.60,0.10
2007.11.30 17:06:21.632,1.10905,1.1094,1.60,0.10
2007.11.30 17:06:21.885,1.10905,1.1094,1.60,0.10
2007.11.30 17:06:22.164,1.10905,1.1094,1.60,0.10
2007.11.30 17:06:22.542,1.10905,1.1094,1.60,0.10
2007.11.30 17:06:22.819,1.10905,1.1094,1.60,0.10
2007.11.30 17:06:23.059,1.10905,1.1093,1.60,0.10
2007.11.30 17:06:23.297,1.10905,1.1093,1.60,0.10
2007.11.30 17:06:23.536,1.10895,1.1093,1.60,0.10
2007.11.30 17:06:23.772,1.10895,1.1093,1.60,0.10
2007.11.30 17:06:24.019,1.10895,1.1093,1.60,0.10
2007.11.30 17:06:24.268,1.10895,1.1093,1.60,0.10
2007.11.30 17:06:24.515,1.10895,1.1093,1.60,0.10
2007.11.30 17:06:24.769,1.10895,1.1093,1.60,0.10
2007.11.30 17:06:24.775,1.10895,1.1093,1.60,0.10
2007.11.30 17:06:25.011,1.10895,1.10935,1.60,0.20
2007.11.30 17:06:25.219,1.10895,1.1093,1.60,0.10
2007.11.30 17:06:25.428,1.10895,1.1093,1.60,0.10
2007.11.30 17:06:25.635,1.10895,1.10935,1.60,0.20
2007.11.30 17:06:25.843,1.10895,1.10935,1.60,0.20
2007.11.30 17:06:26.060,1.10895,1.10935,1.60,0.20
2007.11.30 17:06:26.279,1.10895,1.10935,1.60,0.20
2007.11.30 17:06:26.497,1.10895,1.10935,1.60,0.20
2007.11.30 17:06:26.715,1.10895,1.1093,1.60,0.10
2007.11.30 17:06:26.932,1.10895,1.10935,1.60,0.20
2007.11.30 17:06:27.180,1.10895,1.1093,1.60,0.10
2007.11.30 17:06:27.428,1.10895,1.10935,1.60,0.20
2007.11.30 17:06:27.675,1.10895,1.10935,1.60,0.20
2007.11.30 17:06:27.923,1.10895,1.1093,1.60,0.10
2007.11.30 17:06:28.120,1.10895,1.10935,1.60,0.20
2007.11.30 17:06:28.324,1.10895,1.10935,1.60,0.20
2007.11.30 17:06:28.521,1.10895,1.1093,1.60,0.10
2007.11.30 17:06:28.720,1.10895,1.1093,1.60,0.10
2007.11.30 17:06:28.918,1.10895,1.10935,1.60,0.20
2007.11.30 17:06:29.151,1.10895,1.10935,1.60,0.20
2007.11.30 17:06:29.384,1.10895,1.10935,1.60,0.20
2007.11.30 17:06:29.617,1.10895,1.1093,1.60,0.10
2007.11.30 17:06:29.851,1.10895,1.10935,1.60,0.20
2007.11.30 17:06:30.084,1.10895,1.10935,1.60,0.20
2007.11.30 17:06:30.281,1.10895,1.10935,1.60,0.20
2007.11.30 17:06:30.479,1.10895,1.10935,1.60,0.20
2007.11.30 17:06:30.677,1.10895,1.1093,1.60,0.10
2007.11.30 17:06:30.874,1.10895,1.1093,1.60,0.10
2007.11.30 17:06:31.073,1.10895,1.10935,1.60,0.20
2007.11.30 17:06:31.321,1.10895,1.10935,1.60,0.20
2007.11.30 17:06:31.568,1.10895,1.10935,1.60,0.20
2007.11.30 17:06:31.816,1.10895,1.1093,1.60,0.10
2007.11.30 17:06:32.063,1.10895,1.10935,1.60,0.20
2007.11.30 17:06:32.321,1.10895,1.10935,1.60,0.20
2007.11.30 17:06:32.579,1.10895,1.1093,1.60,0.10
2007.11.30 17:06:32.836,1.10895,1.10935,1.60,0.20
2007.11.30 17:06:33.094,1.10895,1.1093,1.60,0.10
2007.11.30 17:06:33.287,1.10895,1.10935,1.60,0.20
2007.11.30 17:06:33.480,1.1089,1.1093,7.50,0.10
2007.11.30 17:06:33.672,1.1089,1.10935,7.50,1.70
2007.11.30 17:06:33.865,1.1089,1.1093,7.50,0.10
2007.11.30 17:06:34.057,1.1089,1.10935,7.50,1.70
2007.11.30 17:06:34.250,1.1089,1.10935,7.50,1.70
2007.11.30 17:06:34.573,1.1089,1.10935,7.50,1.70
2007.11.30 17:06:34.896,1.1089,1.10935,7.50,1.70
2007.11.30 17:06:35.219,1.1089,1.10935,7.50,1.70
2007.11.30 17:06:35.396,1.1089,1.1093,7.50,0.10
2007.11.30 17:06:35.575,1.1089,1.10935,7.50,1.70
2007.11.30 17:06:35.753,1.1089,1.1093,7.50,0.10
2007.11.30 17:06:35.931,1.1089,1.10935,7.50,1.70
2007.11.30 17:06:36.109,1.1089,1.10935,7.50,1.70
2007.11.30 17:06:36.367,1.1089,1.1093,7.50,0.10
2007.11.30 17:06:36.626,1.1089,1.10935,7.50,1.70
2007.11.30 17:06:36.884,1.1089,1.10935,7.50,1.70
2007.11.30 17:06:37.143,1.1089,1.1093,7.50,0.10
2007.11.30 17:06:37.380,1.1089,1.1094,7.20,1.70
2007.11.30 17:06:37.606,1.10885,1.10935,2.40,5.60
2007.11.30 17:06:37.834,1.10885,1.10925,2.40,0.70
2007.11.30 17:06:38.061,1.10885,1.10925,2.40,0.50
2007.11.30 17:06:38.288,1.10885,1.10935,2.40,13.60
2007.11.30 17:06:38.611,1.10885,1.10935,0.80,13.60
2007.11.30 17:06:38.940,1.10885,1.10935,0.80,13.60
2007.11.30 17:06:39.266,1.10885,1.1093,2.70,0.20
2007.11.30 17:06:39.455,1.10885,1.10925,2.70,0.10
2007.11.30 17:06:39.644,1.10885,1.1092,2.40,0.10
2007.11.30 17:06:39.831,1.10885,1.10925,2.40,0.20
2007.11.30 17:06:40.020,1.10885,1.10925,2.40,0.20
2007.11.30 17:06:40.209,1.10885,1.1092,9.60,0.10
2007.11.30 17:06:40.542,1.10885,1.1092,9.60,0.10
2007.11.30 17:06:40.876,1.10885,1.1092,9.60,0.10
2007.11.30 17:06:41.208,1.10885,1.10915,2.40,0.10
2007.11.30 17:06:41.413,1.1088,1.1092,7.20,0.20
2007.11.30 17:06:41.610,1.1088,1.10915,7.20,0.10
2007.11.30 17:06:41.810,1.1088,1.10915,7.20,0.10
2007.11.30 17:06:42.009,1.10875,1.10915,9.90,0.10
2007.11.30 17:06:42.041,1.10865,1.1092,15.50,0.20
2007.11.30 17:06:42.206,1.10875,1.10915,0.80,0.10
2007.11.30 17:06:42.404,1.10875,1.10915,0.70,0.10
2007.11.30 17:06:42.732,1.10875,1.10915,0.80,0.10
2007.11.30 17:06:43.062,1.10865,1.1092,15.50,0.20
2007.11.30 17:06:43.389,1.1087,1.1093,10.00,7.30
2007.11.30 17:06:43.603,1.1087,1.1093,10.00,7.30
2007.11.30 17:06:43.815,1.1087,1.1093,10.00,5.70
2007.11.30 17:06:44.029,1.10875,1.1093,9.60,1.70
2007.11.30 17:06:44.241,1.10875,1.1093,9.60,1.70
2007.11.30 17:06:44.454,1.10885,1.1093,0.80,0.10
2007.11.30 17:06:44.771,1.1088,1.10935,8.80,7.30
2007.11.30 17:06:45.091,1.1088,1.1093,8.80,1.70
2007.11.30 17:06:45.410,1.10885,1.1093,0.50,0.10
2007.11.30 17:06:45.653,1.10885,1.1093,0.50,0.10
2007.11.30 17:06:45.895,1.1088,1.10935,8.80,7.30
2007.11.30 17:06:46.145,1.1088,1.10935,8.80,7.30
2007.11.30 17:06:46.382,1.10885,1.10925,0.60,0.10
2007.11.30 17:06:46.654,1.10875,1.1093,15.50,0.20
2007.11.30 17:06:46.926,1.10885,1.10925,0.90,0.10
2007.11.30 17:06:47.227,1.10885,1.10925,0.80,0.10
2007.11.30 17:06:47.505,1.10885,1.10925,0.60,0.10
2007.11.30 17:06:47.743,1.10875,1.1093,16.30,0.20
2007.11.30 17:06:47.981,1.10875,1.1093,16.30,0.20
2007.11.30 17:06:48.218,1.10875,1.1093,16.30,0.20
2007.11.30 17:06:48.457,1.10875,1.1093,16.30,0.20
2007.11.30 17:06:48.695,1.10875,1.1093,16.30,0.20
2007.11.30 17:06:48.997,1.10875,1.1093,16.30,0.20
2007.11.30 17:06:49.300,1.10885,1.10925,0.70,0.10
2007.11.30 17:06:49.603,1.10885,1.10925,0.60,0.10
2007.11.30 17:06:49.775,1.10875,1.1093,16.30,0.20
2007.11.30 17:06:49.961,1.10875,1.1093,16.30,0.20
2007.11.30 17:06:50.120,1.10875,1.1093,16.30,0.20
2007.11.30 17:06:50.294,1.10875,1.1093,16.30,0.20
2007.11.30 17:06:50.465,1.10885,1.10925,0.50,0.10
2007.11.30 17:06:50.638,1.10875,1.1093,16.30,0.20
2007.11.30 17:06:50.980,1.10875,1.1093,16.30,0.20
2007.11.30 17:06:51.319,1.10875,1.1093,16.30,0.20
2007.11.30 17:06:51.652,1.10875,1.1093,16.30,0.20
2007.11.30 17:06:51.845,1.10885,1.10925,0.60,0.10
2007.11.30 17:06:52.038,1.10885,1.10925,0.60,0.10
2007.11.30 17:06:52.230,1.10875,1.10925,16.30,0.10
2007.11.30 17:06:52.423,1.10875,1.10925,16.30,0.10
2007.11.30 17:06:52.616,1.10885,1.10925,3.10,0.10
2007.11.30 17:06:52.809,1.10875,1.10925,16.30,0.10
2007.11.30 17:06:53.072,1.10885,1.10925,5.20,0.10
2007.11.30 17:06:53.387,1.10885,1.10925,0.90,0.10
2007.11.30 17:06:53.644,1.10875,1.10925,16.30,0.10
2007.11.30 17:06:53.903,1.10885,1.10925,1.10,0.10
2007.11.30 17:06:54.166,1.10885,1.10925,2.20,0.10
2007.11.30 17:06:54.430,1.10885,1.10925,3.10,0.10
2007.11.30 17:06:54.693,1.10885,1.10925,5.20,0.10
2007.11.30 17:06:54.955,1.10875,1.10925,16.30,0.10
2007.11.30 17:06:55.209,1.10875,1.10925,16.30,0.10
2007.11.30 17:06:55.468,1.10875,1.10925,16.30,0.10
2007.11.30 17:06:55.721,1.10875,1.10925,16.30,0.10
2007.11.30 17:06:55.974,1.10885,1.10925,3.90,0.10
2007.11.30 17:06:56.198,1.10885,1.10925,4.10,0.10
2007.11.30 17:06:56.421,1.10875,1.10925,16.30,0.10
2007.11.30 17:06:56.643,1.10875,1.10925,16.30,0.10
2007.11.30 17:06:56.872,1.10875,1.10925,16.30,0.10
2007.11.30 17:06:57.076,1.10875,1.10925,16.30,0.10
2007.11.30 17:06:57.279,1.10875,1.10925,16.30,0.10
2007.11.30 17:06:57.488,1.10875,1.10925,16.30,0.10
2007.11.30 17:06:57.683,1.10875,1.10925,16.30,0.10
2007.11.30 17:06:57.891,1.10875,1.10925,16.30,0.10
2007.11.30 17:06:58.178,1.10875,1.10925,16.30,0.10
2007.11.30 17:06:58.465,1.10885,1.10925,1.30,1.60
2007.11.30 17:06:58.761,1.1088,1.1092,10.00,0.10
2007.11.30 17:06:59.041,1.1088,1.1092,9.90,0.10
2007.11.30 17:06:59.269,1.10885,1.1092,1.50,0.10
2007.11.30 17:06:59.557,1.1088,1.1092,8.30,0.10
2007.11.30 17:06:59.787,1.10885,1.1091,0.80,0.10
2007.11.30 17:07:00.016,1.10875,1.1091,1.50,0.10
2007.11.30 17:07:00.263,1.10875,1.1091,0.70,0.10
2007.11.30 17:07:00.505,1.1087,1.1091,9.90,0.10
2007.11.30 17:07:00.749,1.10875,1.10915,0.50,1.60
2007.11.30 17:07:00.992,1.10865,1.10915,15.50,0.10
2007.11.30 17:07:01.235,1.10865,1.10915,15.50,0.10
2007.11.30 17:07:01.529,1.10875,1.10915,2.10,0.10
2007.11.30 17:07:01.810,1.10865,1.10915,15.50,0.10
2007.11.30 17:07:02.094,1.10865,1.10915,15.50,0.10
2007.11.30 17:07:02.299,1.10875,1.10915,3.40,0.10
2007.11.30 17:07:02.497,1.10875,1.10915,1.80,0.10
2007.11.30 17:07:02.696,1.10865,1.10915,15.50,0.10
2007.11.30 17:07:02.893,1.10875,1.10915,2.60,0.10
2007.11.30 17:07:03.092,1.10865,1.10915,15.50,0.10
2007.11.30 17:07:03.383,1.10865,1.10915,15.50,1.60
2007.11.30 17:07:03.676,1.10865,1.10915,15.50,1.60
2007.11.30 17:07:03.969,1.1087,1.1091,8.30,0.10
2007.11.30 17:07:04.262,1.10865,1.10905,15.50,0.10
2007.11.30 17:07:04.500,1.10865,1.10905,9.90,0.10
2007.11.30 17:07:04.738,1.10855,1.10905,15.50,0.10
2007.11.30 17:07:04.978,1.10855,1.10905,15.50,0.10
2007.11.30 17:07:05.218,1.10855,1.10905,15.50,0.10
2007.11.30 17:07:05.522,1.10855,1.10905,15.50,1.60
2007.11.30 17:07:05.825,1.10855,1.10905,15.50,1.60
2007.11.30 17:07:06.133,1.10855,1.10905,15.50,1.60
2007.11.30 17:07:06.436,1.10855,1.10905,15.50,1.60
2007.11.30 17:07:06.659,1.10865,1.10905,2.90,1.60
2007.11.30 17:07:06.881,1.10865,1.10905,1.90,1.60
2007.11.30 17:07:07.103,1.10865,1.10905,3.30,1.60
2007.11.30 17:07:07.326,1.10855,1.10905,15.50,1.60
2007.11.30 17:07:07.579,1.10865,1.10905,3.30,1.60
2007.11.30 17:07:07.834,1.1086,1.109,8.40,0.10
2007.11.30 17:07:08.089,1.1086,1.109,8.30,0.10
2007.11.30 17:07:08.342,1.10855,1.10895,9.90,0.10
2007.11.30 17:07:08.575,1.10845,1.10895,15.50,0.10
2007.11.30 17:07:08.808,1.10845,1.10895,15.50,0.10
2007.11.30 17:07:09.042,1.10845,1.10895,15.50,0.10
2007.11.30 17:07:09.281,1.10845,1.10895,15.50,0.10
2007.11.30 17:07:09.530,1.10845,1.10895,15.50,0.10
2007.11.30 17:07:09.777,1.10845,1.10895,15.50,0.10
2007.11.30 17:07:10.025,1.10845,1.10895,15.50,0.10
2007.11.30 17:07:10.272,1.10855,1.10895,1.10,0.10
2007.11.30 17:07:10.520,1.1085,1.10895,9.10,0.10
2007.11.30 17:07:10.733,1.10855,1.10895,1.90,0.10
2007.11.30 17:07:10.951,1.10855,1.10895,0.40,1.60
2007.11.30 17:07:11.157,1.10855,1.10895,0.40,1.60
2007.11.30 17:07:11.371,1.10855,1.10895,0.40,1.60
2007.11.30 17:07:11.622,1.10855,1.10895,0.40,1.60
2007.11.30 17:07:11.885,1.10855,1.10895,0.40,1.60
2007.11.30 17:07:12.140,1.10855,1.10895,0.40,1.60
2007.11.30 17:07:12.392,1.10855,1.10895,0.40,1.60
2007.11.30 17:07:12.580,1.10855,1.10895,0.40,1.60
2007.11.30 17:07:12.770,1.1085,1.1089,7.50,0.10
2007.11.30 17:07:12.956,1.1085,1.1089,7.50,0.10
2007.11.30 17:07:13.145,1.1085,1.1089,7.50,0.10
2007.11.30 17:07:13.333,1.1085,1.1089,7.50,0.10
2007.11.30 17:07:13.521,1.1085,1.1089,7.50,0.10
2007.11.30 17:07:13.835,1.1085,1.10885,7.20,1.60
2007.11.30 17:07:14.146,1.10845,1.10885,8.30,1.60
2007.11.30 17:07:14.460,1.10845,1.10885,8.30,1.60
2007.11.30 17:07:14.651,1.10845,1.10885,8.30,1.60
2007.11.30 17:07:14.852,1.10845,1.10885,8.30,1.60
2007.11.30 17:07:15.040,1.10845,1.10885,8.30,1.60
2007.11.30 17:07:15.227,1.10845,1.10885,8.30,1.60
2007.11.30 17:07:15.416,1.10845,1.10885,8.30,1.60
2007.11.30 17:07:15.603,1.10845,1.10885,8.30,1.60
2007.11.30 17:07:15.923,1.10845,1.10885,8.30,1.60
2007.11.30 17:07:16.235,1.10845,1.10885,8.30,1.60
2007.11.30 17:07:16.547,1.10845,1.10885,8.30,1.60
2007.11.30 17:07:16.859,1.10845,1.10885,8.30,1.60
2007.11.30 17:07:17.072,1.10845,1.10885,1.10,1.60
2007.11.30 17:07:17.290,1.10845,1.10885,1.10,1.60
2007.11.30 17:07:17.503,1.10845,1.10885,0.40,1.60
2007.11.30 17:07:17.716,1.1084,1.1088,7.50,0.10
2007.11.30 17:07:18.052,1.1084,1.1088,7.50,0.10
2007.11.30 17:07:18.319,1.1084,1.10875,7.20,1.60
2007.11.30 17:07:18.562,1.10835,1.10875,5.10,1.60
2007.11.30 17:07:18.819,1.10835,1.10875,1.10,1.60
2007.11.30 17:07:19.053,1.10835,1.10875,1.10,1.60
2007.11.30 17:07:19.287,1.10835,1.10875,1.10,1.60
2007.11.30 17:07:19.517,1.10835,1.10875,1.10,1.60
2007.11.30 17:07:19.750,1.1083,1.10865,7.20,0.10
2007.11.30 17:07:19.992,1.1083,1.10865,7.20,0.10
2007.11.30 17:07:20.225,1.10825,1.10865,4.30,0.10
2007.11.30 17:07:20.468,1.10825,1.10865,2.70,0.10
2007.11.30 17:07:20.711,1.1083,1.1087,0.40,0.10
2007.11.30 17:07:20.954,1.1083,1.1087,0.40,0.10
2007.11.30 17:07:21.261,1.1083,1.1087,0.40,0.10
2007.11.30 17:07:21.550,1.1083,1.1087,0.40,0.10
2007.11.30 17:07:21.848,1.1083,1.1087,0.40,0.10
2007.11.30 17:07:22.047,1.1083,1.1087,0.40,0.10
2007.11.30 17:07:22.246,1.1083,1.1087,0.40,0.10
2007.11.30 17:07:22.444,1.1083,1.1087,0.40,0.10
2007.11.30 17:07:22.642,1.1083,1.1087,0.40,0.10
2007.11.30 17:07:22.841,1.10835,1.10875,0.40,1.60
2007.11.30 17:07:23.053,1.10835,1.10875,0.40,1.60
2007.11.30 17:07:23.075,1.10835,1.10875,7.50,1.60
2007.11.30 17:07:23.308,1.10835,1.10875,0.40,1.60
2007.11.30 17:07:23.541,1.10835,1.10875,0.40,1.60
2007.11.30 17:07:23.775,1.1084,1.10875,0.40,1.60
2007.11.30 17:07:24.008,1.1084,1.10875,0.40,1.60
2007.11.30 17:07:24.275,1.10835,1.10875,13.10,1.60
2007.11.30 17:07:24.542,1.10835,1.10875,13.10,1.60
2007.11.30 17:07:24.817,1.10835,1.1087,11.20,0.10
2007.11.30 17:07:25.078,1.10835,1.1087,7.20,0.10
2007.11.30 17:07:25.365,1.10835,1.1087,7.20,0.10
2007.11.30 17:07:25.652,1.10835,1.1087,7.20,0.10
2007.11.30 17:07:25.940,1.10835,1.1087,7.20,0.10
2007.11.30 17:07:26.163,1.10835,1.1087,7.20,0.10
2007.11.30 17:07:26.394,1.10835,1.1087,7.20,0.10
2007.11.30 17:07:26.617,1.1083,1.10865,7.50,1.60
2007.11.30 17:07:26.841,1.1083,1.10865,7.50,1.60
2007.11.30 17:07:27.064,1.1083,1.10865,7.50,1.60
2007.11.30 17:07:27.397,1.1083,1.10865,7.50,1.60
2007.11.30 17:07:27.730,1.1083,1.10865,7.50,1.60
2007.11.30 17:07:28.062,1.1083,1.10865,7.50,1.60
2007.11.30 17:07:28.280,1.1083,1.1086,7.20,0.10
2007.11.30 17:07:28.498,1.1082,1.1086,7.50,0.10
2007.11.30 17:07:28.716,1.1082,1.1086,7.50,0.10
2007.11.30 17:07:28.934,1.1082,1.1086,7.50,0.10
2007.11.30 17:07:29.192,1.1082,1.1086,7.50,0.10
2007.11.30 17:07:29.449,1.1082,1.1086,7.50,0.10
2007.11.30 17:07:29.707,1.1082,1.1086,7.50,0.10
2007.11.30 17:07:29.965,1.1082,1.1086,7.50,0.10
2007.11.30 17:07:30.209,1.1082,1.1086,7.50,0.10
2007.11.30 17:07:30.452,1.1082,1.1086,7.50,0.10
2007.11.30 17:07:30.695,1.1082,1.1086,7.50,0.10
2007.11.30 17:07:30.938,1.1082,1.1086,7.50,0.10
2007.11.30 17:07:31.189,1.1082,1.1086,7.50,0.10
2007.11.30 17:07:31.413,1.1082,1.1086,7.50,0.10
2007.11.30 17:07:31.647,1.1082,1.1086,7.50,0.10
2007.11.30 17:07:31.880,1.1082,1.1086,7.50,0.10
2007.11.30 17:07:32.113,1.1082,1.1086,7.50,0.10
2007.11.30 17:07:32.386,1.1082,1.10855,7.20,0.10
2007.11.30 17:07:32.660,1.1082,1.10855,7.20,0.10
2007.11.30 17:07:32.933,1.10815,1.10855,1.90,0.10
2007.11.30 17:07:33.205,1.10815,1.10855,1.90,0.10
2007.11.30 17:07:33.484,1.10815,1.10855,1.90,0.10
2007.11.30 17:07:33.762,1.10815,1.10855,1.90,0.10
2007.11.30 17:07:34.040,1.10815,1.10855,1.90,0.10
2007.11.30 17:07:34.318,1.10815,1.10855,1.90,0.10
2007.11.30 17:07:34.585,1.10815,1.10855,1.90,0.10
2007.11.30 17:07:34.854,1.10815,1.10855,1.90,0.10
2007.11.30 17:07:35.121,1.10815,1.10855,1.90,0.10
2007.11.30 17:07:35.379,1.10815,1.10855,1.90,0.10
2007.11.30 17:07:35.637,1.10815,1.10855,1.90,0.10
2007.11.30 17:07:35.895,1.10815,1.10855,1.90,0.10
2007.11.30 17:07:36.153,1.10815,1.10855,1.90,0.10
2007.11.30 17:07:36.361,1.10815,1.10855,1.90,0.10
2007.11.30 17:07:36.572,1.10815,1.10855,1.90,0.10
2007.11.30 17:07:36.788,1.10815,1.10855,1.90,0.10
2007.11.30 17:07:36.988,1.10815,1.10855,1.90,0.10
2007.11.30 17:07:37.198,1.10815,1.10855,1.90,0.10
2007.11.30 17:07:37.532,1.10815,1.10855,1.90,0.10
2007.11.30 17:07:37.861,1.10815,1.10855,1.90,0.10
2007.11.30 17:07:38.190,1.10815,1.10855,1.90,0.10
2007.11.30 17:07:38.422,1.10815,1.10855,1.90,0.10
2007.11.30 17:07:38.656,1.10815,1.10855,1.90,0.10
2007.11.30 17:07:38.906,1.10815,1.10855,1.90,0.10
2007.11.30 17:07:39.122,1.10815,1.10855,1.90,0.10
2007.11.30 17:07:39.355,1.1081,1.1085,0.40,0.10
2007.11.30 17:07:39.625,1.1081,1.1085,0.40,0.10
2007.11.30 17:07:39.894,1.10805,1.10835,5.60,0.10
2007.11.30 17:07:40.163,1.10805,1.10835,5.60,1.60
2007.11.30 17:07:40.431,1.10805,1.10835,5.60,1.60
2007.11.30 17:07:40.742,1.10805,1.10835,1.60,1.60
2007.11.30 17:07:41.051,1.10795,1.10825,3.50,1.60
2007.11.30 17:07:41.364,1.108,1.10825,0.40,1.60
2007.11.30 17:07:41.582,1.108,1.10835,0.40,1.60
2007.11.30 17:07:41.801,1.108,1.10835,0.40,1.60
2007.11.30 17:07:42.021,1.108,1.10835,0.40,1.60
2007.11.30 17:07:42.238,1.108,1.10835,0.40,1.60
2007.11.30 17:07:42.455,1.108,1.10835,0.40,1.60
2007.11.30 17:07:42.768,1.108,1.10835,0.40,1.60
2007.11.30 17:07:43.086,1.108,1.10835,0.40,1.60
2007.11.30 17:07:43.398,1.108,1.10835,0.40,1.60
2007.11.30 17:07:43.630,1.108,1.10835,0.40,1.60
2007.11.30 17:07:43.863,1.108,1.10835,0.40,1.60
2007.11.30 17:07:44.097,1.108,1.10835,0.40,1.60
2007.11.30 17:07:44.330,1.108,1.10835,0.40,1.60
2007.11.30 17:07:44.564,1.108,1.10835,0.40,1.60
2007.11.30 17:07:44.852,1.108,1.10835,0.40,1.60
2007.11.30 17:07:45.140,1.1081,1.10835,0.40,1.60
2007.11.30 17:07:45.427,1.1081,1.10845,0.40,1.60
2007.11.30 17:07:45.727,1.10805,1.1084,5.90,0.10
2007.11.30 17:07:45.991,1.10805,1.1084,5.90,0.10
2007.11.30 17:07:46.264,1.10805,1.1084,5.90,0.10
2007.11.30 17:07:46.537,1.10805,1.1084,1.90,0.10
2007.11.30 17:07:46.810,1.10805,1.1084,1.90,0.10
2007.11.30 17:07:47.078,1.10805,1.1084,1.90,0.10
2007.11.30 17:07:47.346,1.10805,1.1084,0.40,0.10
2007.11.30 17:07:47.615,1.10805,1.1084,0.40,0.10
2007.11.30 17:07:47.887,1.10805,1.1084,0.40,0.10
2007.11.30 17:07:48.159,1.10805,1.1084,0.40,0.10
2007.11.30 17:07:48.435,1.108,1.10835,0.40,1.60
2007.11.30 17:07:48.708,1.108,1.10835,0.40,1.60
2007.11.30 17:07:49.006,1.10805,1.10835,1.90,1.60
2007.11.30 17:07:49.304,1.1081,1.10835,0.40,1.60
2007.11.30 17:07:49.602,1.1081,1.10835,0.40,1.60
2007.11.30 17:07:49.901,1.10805,1.10845,1.90,1.60
2007.11.30 17:07:50.158,1.10805,1.10845,0.40,1.60
2007.11.30 17:07:50.417,1.10805,1.10845,0.40,1.60
2007.11.30 17:07:50.681,1.10805,1.10845,0.40,1.60
2007.11.30 17:07:50.939,1.10805,1.10845,0.40,1.60
2007.11.30 17:07:51.201,1.10805,1.10845,0.40,1.60
2007.11.30 17:07:51.463,1.10805,1.10845,0.40,1.60
2007.11.30 17:07:51.726,1.10805,1.10845,0.40,1.60
2007.11.30 17:07:52.014,1.10805,1.10845,0.40,1.60
2007.11.30 17:07:52.301,1.10805,1.10845,0.40,1.60
2007.11.30 17:07:52.588,1.10805,1.10845,0.40,1.60
2007.11.30 17:07:52.875,1.10805,1.10845,0.40,1.60
2007.11.30 17:07:53.129,1.10815,1.10845,0.40,1.60
2007.11.30 17:07:53.382,1.10815,1.10855,0.40,8.00
2007.11.30 17:07:53.643,1.10805,1.1084,0.40,0.10
2007.11.30 17:07:53.895,1.10805,1.1084,0.40,0.10
2007.11.30 17:07:54.183,1.10805,1.1084,0.40,0.10
2007.11.30 17:07:54.471,1.10805,1.1084,0.40,0.10
2007.11.30 17:07:54.759,1.10805,1.1084,0.40,0.10
2007.11.30 17:07:55.076,1.10805,1.1084,0.40,0.10
2007.11.30 17:07:55.360,1.10805,1.1084,0.40,0.10
2007.11.30 17:07:55.646,1.10805,1.1084,0.40,0.10
2007.11.30 17:07:55.936,1.10805,1.1084,0.40,0.10
2007.11.30 17:07:56.115,1.10805,1.1084,1.90,0.10
2007.11.30 17:07:56.294,1.10805,1.1084,1.90,0.10
2007.11.30 17:07:56.472,1.10805,1.1084,1.90,0.10
2007.11.30 17:07:56.649,1.10805,1.1084,1.90,0.10
2007.11.30 17:07:56.827,1.10805,1.1084,1.90,0.10
2007.11.30 17:07:57.004,1.10805,1.1084,1.90,0.10
2007.11.30 17:07:57.345,1.10805,1.1084,1.90,0.10
2007.11.30 17:07:57.673,1.10805,1.1084,1.90,0.10
2007.11.30 17:07:58.007,1.10805,1.1084,1.90,0.10
2007.11.30 17:07:58.164,1.10805,1.1084,1.90,0.10
2007.11.30 17:07:58.321,1.10805,1.1084,1.90,0.10
2007.11.30 17:07:58.478,1.10805,1.1084,1.90,0.10
2007.11.30 17:07:58.636,1.10805,1.1084,1.90,0.10
