2016.05.18 12:00:00.263,0.84311,0.84319,2.25,1.00
2016.05.18 12:00:00.314,0.84312,0.84322,1.00,2.25
2016.05.18 12:00:00.416,0.84315,0.84322,1.00,1.50
2016.05.18 12:00:00.467,0.84313,0.84322,1.00,1.00
2016.05.18 12:00:00.670,0.84316,0.84322,1.00,1.00
2016.05.18 12:00:01.484,0.84316,0.84323,1.00,1.00
2016.05.18 12:00:01.985,0.84315,0.84323,1.00,1.00
2016.05.18 12:00:02.520,0.84316,0.84323,1.00,1.00
2016.05.18 12:00:02.874,0.84316,0.84325,1.00,1.00
2016.05.18 12:00:03.404,0.84317,0.84324,1.00,1.00
2016.05.18 12:00:03.908,0.84318,0.84324,1.00,1.00
2016.05.18 12:00:04.111,0.84319,0.84327,1.00,1.12
2016.05.18 12:00:04.249,0.84319,0.84327,1.00,1.87
2016.05.18 12:00:04.351,0.8432,0.84327,1.00,1.00
2016.05.18 12:00:04.809,0.84318,0.84327,1.00,1.00
2016.05.18 12:00:04.961,0.84318,0.84327,1.00,1.75
2016.05.18 12:00:05.825,0.84319,0.84326,1.00,1.50
2016.05.18 12:00:06.027,0.84316,0.84326,1.50,1.50
2016.05.18 12:00:06.230,0.84315,0.84323,1.37,1.00
2016.05.18 12:00:06.281,0.84314,0.84323,1.50,1.00
2016.05.18 12:00:06.850,0.84314,0.84324,1.00,1.00
2016.05.18 12:00:07.356,0.84314,0.84325,1.50,1.12
2016.05.18 12:00:08.268,0.84315,0.84325,1.00,1.12
2016.05.18 12:00:10.156,0.84316,0.84324,1.00,1.00
2016.05.18 12:00:10.432,0.84314,0.84323,1.00,1.00
2016.05.18 12:00:11.440,0.84313,0.84323,1.50,1.00
2016.05.18 12:00:11.748,0.84315,0.84323,1.00,1.00
2016.05.18 12:00:12.555,0.84313,0.84323,1.12,1.00
2016.05.18 12:00:12.612,0.84313,0.8432,1.50,1.00
2016.05.18 12:00:12.714,0.84311,0.8432,1.00,1.00
2016.05.18 12:00:12.968,0.84311,0.84318,1.00,1.00
2016.05.18 12:00:13.372,0.84311,0.8432,1.00,1.00
2016.05.18 12:00:13.474,0.84312,0.8432,1.50,1.00
2016.05.18 12:00:13.833,0.84314,0.84322,1.00,1.00
2016.05.18 12:00:14.289,0.84314,0.84322,1.75,1.00
2016.05.18 12:00:14.681,0.84313,0.84322,1.50,1.00
2016.05.18 12:00:14.732,0.84313,0.8432,1.50,1.00
2016.05.18 12:00:15.037,0.84314,0.84321,1.12,1.00
2016.05.18 12:00:15.582,0.84314,0.84321,1.00,1.00
2016.05.18 12:00:15.777,0.84314,0.84322,1.75,1.00
2016.05.18 12:00:15.828,0.84316,0.84324,1.12,1.00
2016.05.18 12:00:16.081,0.84316,0.84325,5.62,1.00
2016.05.18 12:00:16.879,0.84318,0.84324,1.37,1.00
2016.05.18 12:00:17.414,0.84318,0.84323,1.37,1.00
2016.05.18 12:00:19.545,0.84318,0.84324,1.37,1.00
2016.05.18 12:00:20.092,0.84318,0.84323,1.37,1.00
2016.05.18 12:00:20.397,0.84315,0.84319,1.00,1.12
2016.05.18 12:00:22.039,0.8431,0.84319,1.00,1.12
2016.05.18 12:00:22.477,0.84308,0.84317,1.00,1.00
2016.05.18 12:00:22.983,0.84308,0.84316,1.00,1.00
2016.05.18 12:00:23.509,0.84308,0.84317,1.00,1.00
2016.05.18 12:00:24.664,0.84309,0.84317,1.00,1.00
2016.05.18 12:00:24.970,0.84311,0.84317,1.00,1.00
2016.05.18 12:00:25.267,0.84311,0.84319,1.00,1.00
2016.05.18 12:00:25.773,0.8431,0.84319,1.00,1.00
2016.05.18 12:00:26.150,0.84309,0.84317,1.00,1.00
2016.05.18 12:00:26.742,0.8431,0.84317,1.00,1.12
2016.05.18 12:00:26.894,0.84308,0.84317,1.00,1.12
2016.05.18 12:00:27.046,0.8431,0.84318,1.00,1.37
2016.05.18 12:00:27.148,0.8431,0.8432,1.00,1.12
2016.05.18 12:00:27.668,0.84311,0.8432,1.00,1.12
2016.05.18 12:00:28.441,0.8431,0.84318,1.00,1.00
2016.05.18 12:00:29.142,0.8431,0.84319,1.00,1.00
2016.05.18 12:00:29.647,0.84309,0.84317,1.00,1.00
2016.05.18 12:00:30.309,0.84308,0.84317,1.12,1.00
2016.05.18 12:00:30.613,0.84307,0.84314,1.12,1.00
2016.05.18 12:00:31.085,0.84308,0.84316,1.00,1.00
2016.05.18 12:00:31.812,0.84307,0.84316,1.12,1.00
2016.05.18 12:00:32.761,0.84308,0.84316,1.00,1.00
2016.05.18 12:00:34.144,0.84309,0.84316,1.00,1.00
2016.05.18 12:00:34.472,0.84309,0.84319,1.00,1.50
2016.05.18 12:00:34.876,0.84309,0.84317,1.00,1.00
2016.05.18 12:00:35.591,0.8431,0.84317,1.00,1.00
2016.05.18 12:00:36.353,0.84309,0.84318,1.00,1.12
2016.05.18 12:00:39.822,0.8431,0.8432,1.00,1.87
2016.05.18 12:00:41.440,0.8431,0.8432,1.00,1.12
2016.05.18 12:00:42.025,0.84311,0.8432,1.00,1.00
2016.05.18 12:00:42.576,0.8431,0.8432,1.00,1.50
2016.05.18 12:00:43.088,0.8431,0.84319,1.00,1.00
2016.05.18 12:00:43.615,0.84308,0.84319,1.87,1.50
2016.05.18 12:00:43.717,0.84308,0.84317,1.50,1.50
2016.05.18 12:00:44.324,0.84307,0.84317,1.00,1.50
2016.05.18 12:00:44.873,0.84306,0.84316,1.12,1.00
2016.05.18 12:00:45.406,0.84307,0.84316,1.00,1.50
2016.05.18 12:00:46.519,0.84306,0.84315,1.87,1.00
2016.05.18 12:00:47.025,0.84306,0.84315,1.12,1.00
2016.05.18 12:00:47.530,0.84306,0.84316,1.12,1.12
2016.05.18 12:00:48.268,0.84307,0.84317,1.00,2.25
2016.05.18 12:00:49.636,0.84308,0.84318,1.00,2.62
2016.05.18 12:00:49.893,0.84309,0.84318,1.00,1.00
2016.05.18 12:00:49.950,0.84309,0.8432,1.00,2.25
2016.05.18 12:00:50.455,0.84309,0.84319,1.00,1.00
2016.05.18 12:00:51.299,0.84309,0.8432,1.00,2.25
2016.05.18 12:00:51.891,0.8431,0.8432,1.00,1.50
2016.05.18 12:00:52.397,0.84309,0.84319,1.00,1.00
2016.05.18 12:00:53.353,0.84309,0.8432,1.50,2.25
2016.05.18 12:00:53.764,0.84311,0.84319,1.00,1.00
2016.05.18 12:00:54.296,0.8431,0.8432,1.00,2.25
2016.05.18 12:00:54.802,0.84311,0.8432,1.12,1.00
2016.05.18 12:00:55.655,0.84312,0.8432,1.00,1.00
2016.05.18 12:00:55.756,0.84314,0.84323,1.00,1.00
2016.05.18 12:00:55.808,0.84316,0.84323,1.00,1.00
2016.05.18 12:00:56.058,0.84318,0.84328,1.50,1.00
2016.05.18 12:00:56.563,0.84318,0.84327,1.50,1.00
2016.05.18 12:00:57.297,0.84318,0.84326,1.00,1.00
2016.05.18 12:00:59.225,0.84318,0.84325,1.00,1.00
2016.05.18 12:01:02.586,0.84318,0.84328,2.25,1.00
2016.05.18 12:01:02.687,0.84319,0.84327,1.75,1.00
2016.05.18 12:01:02.788,0.84321,0.84329,1.37,1.00
2016.05.18 12:01:03.307,0.84322,0.8433,1.37,1.00
2016.05.18 12:01:05.191,0.84322,0.84331,1.37,1.00
2016.05.18 12:01:05.293,0.84322,0.84333,1.87,1.00
2016.05.18 12:01:06.525,0.84322,0.84328,1.87,1.00
2016.05.18 12:01:06.828,0.84318,0.84323,1.00,1.00
2016.05.18 12:01:07.233,0.84316,0.8432,1.12,1.00
2016.05.18 12:01:07.689,0.84314,0.84321,1.00,1.00
2016.05.18 12:01:08.296,0.84312,0.84321,1.37,1.00
2016.05.18 12:01:08.416,0.84312,0.84316,1.12,1.00
2016.05.18 12:01:08.756,0.84308,0.84316,3.75,1.12
2016.05.18 12:01:08.807,0.84307,0.84311,1.50,1.00
2016.05.18 12:01:08.858,0.84305,0.8431,1.50,1.00
2016.05.18 12:01:09.363,0.84306,0.8431,1.00,1.00
2016.05.18 12:01:09.566,0.84301,0.8431,1.00,1.00
2016.05.18 12:01:10.102,0.84302,0.8431,1.00,1.00
2016.05.18 12:01:10.405,0.84302,0.84312,1.37,1.50
2016.05.18 12:01:10.913,0.84302,0.84311,1.37,1.00
2016.05.18 12:01:11.419,0.84302,0.84312,2.62,1.00
2016.05.18 12:01:11.970,0.84303,0.84313,1.50,1.00
2016.05.18 12:01:12.324,0.84302,0.84311,1.87,1.00
2016.05.18 12:01:12.864,0.84302,0.84312,2.62,1.00
2016.05.18 12:01:13.704,0.84302,0.84311,1.87,1.00
2016.05.18 12:01:13.805,0.84302,0.84311,1.00,1.00
2016.05.18 12:01:14.356,0.84302,0.84312,1.00,1.00
2016.05.18 12:01:14.870,0.84302,0.84312,1.50,1.00
2016.05.18 12:01:15.023,0.84302,0.8431,1.00,1.00
2016.05.18 12:01:15.376,0.84301,0.84308,1.37,1.00
2016.05.18 12:01:15.428,0.84299,0.84308,1.87,1.00
2016.05.18 12:01:16.547,0.84299,0.84309,1.37,1.00
2016.05.18 12:01:18.564,0.84299,0.84307,1.37,1.00
2016.05.18 12:01:18.868,0.843,0.84309,1.00,1.12
2016.05.18 12:01:19.020,0.843,0.84308,1.87,1.00
2016.05.18 12:01:19.546,0.843,0.84309,1.87,1.00
2016.05.18 12:01:20.241,0.843,0.8431,1.87,1.00
2016.05.18 12:01:24.417,0.84301,0.84311,1.50,1.00
2016.05.18 12:01:24.721,0.84305,0.84315,1.37,1.50
2016.05.18 12:01:25.024,0.84308,0.84315,1.00,1.00
2016.05.18 12:01:25.322,0.84308,0.84318,1.00,2.25
2016.05.18 12:01:28.591,0.84307,0.84318,1.50,2.25
2016.05.18 12:01:28.794,0.84309,0.84318,1.00,1.50
2016.05.18 12:01:28.946,0.84309,0.8432,1.00,2.62
2016.05.18 12:01:29.470,0.84306,0.84316,1.37,1.00
2016.05.18 12:01:29.774,0.84302,0.84312,1.13,1.87
2016.05.18 12:01:30.349,0.84302,0.84311,1.00,1.12
2016.05.18 12:01:31.702,0.84303,0.84311,1.00,1.12
2016.05.18 12:01:32.220,0.84302,0.84311,1.00,1.12
2016.05.18 12:01:32.747,0.84303,0.84311,1.00,1.12
2016.05.18 12:01:33.281,0.84302,0.84311,1.00,1.12
2016.05.18 12:01:33.808,0.84303,0.84311,1.00,1.87
2016.05.18 12:01:34.403,0.84304,0.84311,1.00,1.12
2016.05.18 12:01:34.650,0.84305,0.84313,1.00,1.87
2016.05.18 12:01:34.703,0.84307,0.84313,1.00,1.12
2016.05.18 12:01:34.855,0.84305,0.84313,1.00,1.00
2016.05.18 12:01:35.058,0.84303,0.84313,1.50,1.50
2016.05.18 12:01:35.595,0.84304,0.84313,1.00,1.87
2016.05.18 12:01:36.105,0.84305,0.84314,1.00,1.50
2016.05.18 12:01:36.773,0.84306,0.84315,1.00,1.87
2016.05.18 12:01:36.824,0.84308,0.84315,1.00,1.87
2016.05.18 12:01:36.976,0.84309,0.84315,1.00,1.00
2016.05.18 12:01:37.230,0.8431,0.84319,1.00,1.00
2016.05.18 12:01:37.433,0.84312,0.8432,1.00,1.00
2016.05.18 12:01:38.822,0.8431,0.84321,1.00,1.12
2016.05.18 12:01:39.166,0.84309,0.84319,1.12,1.50
2016.05.18 12:01:39.521,0.84312,0.8432,1.00,1.12
2016.05.18 12:01:40.027,0.84313,0.84323,1.00,1.12
2016.05.18 12:01:40.531,0.84314,0.84323,1.00,1.12
2016.05.18 12:01:41.036,0.84315,0.84325,1.00,3.00
2016.05.18 12:01:41.495,0.84313,0.84323,1.00,1.12
2016.05.18 12:01:42.001,0.84314,0.84322,1.00,1.00
2016.05.18 12:01:42.210,0.84312,0.84322,1.00,1.00
2016.05.18 12:01:42.739,0.84312,0.84322,1.87,1.00
2016.05.18 12:01:43.250,0.84313,0.84323,1.12,1.50
2016.05.18 12:01:43.301,0.84313,0.84323,1.75,1.50
2016.05.18 12:01:43.756,0.84315,0.84325,1.12,1.00
2016.05.18 12:01:43.807,0.84318,0.84326,1.00,1.50
2016.05.18 12:01:44.347,0.84318,0.84327,1.12,1.00
2016.05.18 12:01:44.852,0.84316,0.84326,1.87,1.00
2016.05.18 12:01:45.406,0.84316,0.84326,1.12,1.12
2016.05.18 12:01:46.300,0.84317,0.84326,1.00,1.12
2016.05.18 12:01:46.810,0.84318,0.84326,1.00,1.12
2016.05.18 12:01:50.114,0.84317,0.84327,1.00,2.25
2016.05.18 12:01:50.666,0.84322,0.84328,1.00,1.87
2016.05.18 12:01:50.881,0.84327,0.84333,1.00,1.00
2016.05.18 12:01:50.983,0.84326,0.84332,1.00,1.12
2016.05.18 12:01:51.084,0.84325,0.84335,1.00,1.00
2016.05.18 12:01:51.135,0.84324,0.84333,1.00,1.00
2016.05.18 12:01:51.439,0.84325,0.84332,1.00,1.87
2016.05.18 12:01:51.973,0.84325,0.8433,1.00,1.00
2016.05.18 12:01:52.024,0.84325,0.84332,1.00,1.12
2016.05.18 12:01:52.492,0.84322,0.84332,1.00,1.12
2016.05.18 12:01:52.695,0.84323,0.84331,1.00,1.37
2016.05.18 12:01:53.278,0.84324,0.84332,1.00,1.37
2016.05.18 12:01:54.831,0.84324,0.84334,1.00,1.50
2016.05.18 12:01:55.137,0.84324,0.84332,1.00,1.00
2016.05.18 12:01:55.238,0.84325,0.84334,1.00,1.00
2016.05.18 12:01:55.744,0.84325,0.84333,1.00,1.00
2016.05.18 12:01:57.218,0.84325,0.84332,1.00,1.00
2016.05.18 12:01:57.727,0.84325,0.84334,1.00,1.00
2016.05.18 12:01:57.778,0.84327,0.84335,1.00,1.50
2016.05.18 12:01:57.830,0.84327,0.84337,1.00,2.62
2016.05.18 12:01:58.033,0.84329,0.84337,1.00,1.50
2016.05.18 12:02:00.246,0.84329,0.84336,1.00,1.00
2016.05.18 12:02:00.853,0.8433,0.84336,1.00,1.00
2016.05.18 12:02:01.223,0.84331,0.84339,1.00,1.87
2016.05.18 12:02:01.728,0.84332,0.84339,1.00,1.37
2016.05.18 12:02:01.830,0.84332,0.8434,1.00,1.00
2016.05.18 12:02:02.032,0.84333,0.84342,1.00,1.50
2016.05.18 12:02:02.962,0.84333,0.84341,1.00,1.00
2016.05.18 12:02:04.136,0.84333,0.8434,1.00,1.00
2016.05.18 12:02:04.670,0.84332,0.84339,1.00,1.00
2016.05.18 12:02:04.772,0.84328,0.84339,1.87,1.50
2016.05.18 12:02:04.918,0.84328,0.84336,1.50,1.00
2016.05.18 12:02:05.226,0.84327,0.84334,1.00,1.00
2016.05.18 12:02:05.731,0.84326,0.84334,1.00,1.00
2016.05.18 12:02:06.198,0.84326,0.84336,1.00,1.50
2016.05.18 12:02:06.473,0.84328,0.84336,1.00,1.50
2016.05.18 12:02:06.626,0.84329,0.84338,1.00,1.00
2016.05.18 12:02:06.728,0.84329,0.84335,1.00,1.00
2016.05.18 12:02:07.275,0.8433,0.84336,1.00,1.00
2016.05.18 12:02:07.427,0.84331,0.84338,1.00,1.00
2016.05.18 12:02:07.934,0.8433,0.84338,1.00,1.00
2016.05.18 12:02:08.446,0.84331,0.84337,1.00,1.00
2016.05.18 12:02:08.649,0.84329,0.84339,1.50,1.50
2016.05.18 12:02:09.004,0.84328,0.84337,1.12,1.00
2016.05.18 12:02:09.548,0.84328,0.84338,1.12,2.25
2016.05.18 12:02:10.233,0.84328,0.84337,1.12,1.00
2016.05.18 12:02:10.734,0.84328,0.84338,1.12,2.25
2016.05.18 12:02:11.252,0.84327,0.84336,2.25,1.00
2016.05.18 12:02:12.993,0.84327,0.84335,2.62,1.00
2016.05.18 12:02:14.145,0.84327,0.84336,1.87,1.00
2016.05.18 12:02:14.666,0.84327,0.84336,1.87,1.00
2016.05.18 12:02:15.179,0.84327,0.84335,1.87,1.00
2016.05.18 12:02:17.727,0.84327,0.84335,1.87,1.00
2016.05.18 12:02:19.623,0.84327,0.84334,2.25,1.00
2016.05.18 12:02:22.921,0.84327,0.84335,1.50,1.00
2016.05.18 12:02:23.427,0.84327,0.84336,1.50,1.00
2016.05.18 12:02:23.785,0.84327,0.84334,1.00,1.00
2016.05.18 12:02:24.291,0.84325,0.84334,1.37,1.00
2016.05.18 12:02:24.697,0.84327,0.84336,1.50,1.00
2016.05.18 12:02:25.206,0.84327,0.84336,2.25,1.00
2016.05.18 12:02:25.995,0.84327,0.84335,2.25,1.00
2016.05.18 12:02:26.505,0.84327,0.84336,2.25,1.00
2016.05.18 12:02:28.041,0.84327,0.84335,2.25,1.00
2016.05.18 12:02:28.644,0.84328,0.84336,1.12,1.00
2016.05.18 12:02:29.714,0.84329,0.84336,1.00,1.00
2016.05.18 12:02:30.241,0.84329,0.84337,1.00,1.00
2016.05.18 12:02:31.141,0.84329,0.84336,1.00,1.00
2016.05.18 12:02:31.647,0.84328,0.84336,1.12,1.00
2016.05.18 12:02:32.172,0.84329,0.84337,1.00,1.00
2016.05.18 12:02:32.674,0.84329,0.84334,1.00,1.00
2016.05.18 12:02:32.725,0.84327,0.84336,1.87,1.50
2016.05.18 12:02:37.718,0.84328,0.84335,1.00,1.00
2016.05.18 12:02:38.255,0.84326,0.84336,2.25,1.00
2016.05.18 12:02:42.831,0.84326,0.84335,1.50,1.00
2016.05.18 12:02:43.374,0.84325,0.84336,2.62,1.00
2016.05.18 12:02:43.931,0.84325,0.84335,2.62,1.00
2016.05.18 12:02:44.508,0.84326,0.84335,1.00,1.50
2016.05.18 12:02:44.660,0.84324,0.84332,1.00,1.00
2016.05.18 12:02:44.845,0.84321,0.84331,2.62,1.00
2016.05.18 12:02:45.352,0.84323,0.84331,1.00,1.50
2016.05.18 12:02:45.865,0.84322,0.84331,1.50,1.00
2016.05.18 12:02:46.371,0.84322,0.8433,1.00,1.00
2016.05.18 12:02:46.910,0.84322,0.8433,1.00,1.50
2016.05.18 12:02:48.425,0.84321,0.84331,1.00,2.62
2016.05.18 12:02:52.204,0.84322,0.84331,1.00,1.87
2016.05.18 12:02:56.458,0.84321,0.84331,1.50,1.12
2016.05.18 12:02:56.966,0.8432,0.84331,1.87,1.87
2016.05.18 12:02:57.472,0.84321,0.84331,1.12,2.62
2016.05.18 12:02:58.019,0.84321,0.8433,1.12,1.12
2016.05.18 12:02:58.979,0.84322,0.8433,1.00,1.12
2016.05.18 12:02:59.487,0.84321,0.8433,1.50,1.12
2016.05.18 12:03:00.572,0.84322,0.8433,1.00,1.87
2016.05.18 12:03:01.008,0.84321,0.84331,1.87,1.00
2016.05.18 12:03:01.717,0.84321,0.84329,1.37,1.50
2016.05.18 12:03:02.068,0.84316,0.84324,1.00,1.00
2016.05.18 12:03:02.575,0.84315,0.84325,1.87,1.00
2016.05.18 12:03:03.176,0.84315,0.84324,1.87,1.00
2016.05.18 12:03:04.083,0.84315,0.84324,1.87,1.00
2016.05.18 12:03:04.597,0.84316,0.84324,1.37,1.00
2016.05.18 12:03:04.829,0.84315,0.84324,1.00,1.00
2016.05.18 12:03:05.383,0.84314,0.84324,2.62,1.00
2016.05.18 12:03:05.835,0.84314,0.84321,1.12,1.00
2016.05.18 12:03:06.136,0.84312,0.84318,1.00,1.50
2016.05.18 12:03:06.641,0.84312,0.84317,1.00,1.00
2016.05.18 12:03:06.743,0.84312,0.84319,1.00,1.87
2016.05.18 12:03:07.311,0.84309,0.84319,1.00,1.12
2016.05.18 12:03:07.817,0.84308,0.84316,1.50,1.00
2016.05.18 12:03:08.386,0.84308,0.84317,1.00,1.12
2016.05.18 12:03:08.944,0.84307,0.84317,1.50,1.00
2016.05.18 12:03:09.493,0.84308,0.84318,1.00,1.00
2016.05.18 12:03:09.995,0.84308,0.84317,1.00,1.00
2016.05.18 12:03:10.501,0.84308,0.84318,1.00,1.00
2016.05.18 12:03:10.956,0.84306,0.84316,1.50,1.50
2016.05.18 12:03:11.464,0.84306,0.84315,1.00,1.00
2016.05.18 12:03:12.023,0.84307,0.84315,1.00,1.12
2016.05.18 12:03:12.631,0.84305,0.84315,1.50,1.12
2016.05.18 12:03:13.666,0.84305,0.84314,1.00,1.00
2016.05.18 12:03:14.234,0.84305,0.84313,1.00,1.00
2016.05.18 12:03:14.743,0.84304,0.84312,1.12,1.00
2016.05.18 12:03:14.794,0.84303,0.84314,1.50,1.12
2016.05.18 12:03:15.301,0.84303,0.84314,1.00,1.12
2016.05.18 12:03:15.700,0.84304,0.84312,1.00,1.00
2016.05.18 12:03:17.893,0.84304,0.84311,1.00,1.00
2016.05.18 12:03:18.422,0.84303,0.84312,1.12,1.00
2016.05.18 12:03:18.726,0.84303,0.8431,1.12,1.00
2016.05.18 12:03:19.276,0.84302,0.84309,1.00,1.00
2016.05.18 12:03:19.783,0.84303,0.84308,1.00,1.00
2016.05.18 12:03:19.834,0.84301,0.84308,1.00,1.00
2016.05.18 12:03:20.411,0.84301,0.84309,1.12,1.00
2016.05.18 12:03:20.715,0.84303,0.84311,1.00,1.12
2016.05.18 12:03:21.019,0.84306,0.84313,1.00,1.00
2016.05.18 12:03:22.125,0.84306,0.84314,1.00,1.00
2016.05.18 12:03:22.749,0.84306,0.84313,1.00,1.00
2016.05.18 12:03:23.064,0.84308,0.84313,1.00,1.00
2016.05.18 12:03:23.892,0.84308,0.84316,1.00,1.12
2016.05.18 12:03:24.398,0.84308,0.84317,1.00,1.50
2016.05.18 12:03:24.907,0.84308,0.84316,1.50,1.00
2016.05.18 12:03:25.446,0.84308,0.84318,1.00,1.87
2016.05.18 12:03:25.951,0.84309,0.84317,1.00,1.12
2016.05.18 12:03:26.457,0.84308,0.84317,1.50,1.00
2016.05.18 12:03:26.914,0.84309,0.84319,1.00,1.12
2016.05.18 12:03:27.319,0.84311,0.8432,1.00,1.00
2016.05.18 12:03:27.845,0.84311,0.84319,1.00,1.00
2016.05.18 12:03:29.326,0.84311,0.8432,1.00,1.00
2016.05.18 12:03:29.829,0.84311,0.84319,1.50,1.00
2016.05.18 12:03:31.434,0.8431,0.8432,1.00,1.00
2016.05.18 12:03:31.738,0.84308,0.84318,1.00,1.12
2016.05.18 12:03:32.042,0.84305,0.84313,1.37,1.00
2016.05.18 12:03:32.305,0.843,0.84308,1.00,1.00
2016.05.18 12:03:32.558,0.843,0.8431,1.00,1.00
2016.05.18 12:03:33.216,0.843,0.84309,1.00,1.00
2016.05.18 12:03:33.717,0.84299,0.84309,1.87,1.00
2016.05.18 12:03:34.254,0.84299,0.8431,1.87,1.00
2016.05.18 12:03:34.759,0.843,0.8431,1.00,1.00
2016.05.18 12:03:35.271,0.843,0.84309,1.50,1.00
2016.05.18 12:03:35.789,0.84301,0.84309,1.00,1.00
2016.05.18 12:03:36.294,0.84301,0.8431,1.00,1.00
2016.05.18 12:03:36.460,0.84303,0.84313,1.00,1.75
2016.05.18 12:03:36.764,0.84309,0.84313,1.00,1.00
2016.05.18 12:03:37.146,0.84309,0.84319,1.50,1.12
2016.05.18 12:03:39.120,0.84309,0.84318,1.00,1.00
2016.05.18 12:03:39.657,0.8431,0.84319,1.00,1.12
2016.05.18 12:03:41.286,0.8431,0.84318,1.00,1.00
2016.05.18 12:03:41.337,0.84308,0.84316,1.50,1.00
2016.05.18 12:03:41.539,0.84306,0.84316,1.00,1.12
2016.05.18 12:03:42.524,0.84306,0.84316,1.00,1.50
2016.05.18 12:03:42.790,0.84306,0.84313,1.00,1.00
2016.05.18 12:03:43.044,0.84302,0.84311,1.12,1.00
2016.05.18 12:03:43.648,0.84301,0.84311,1.00,1.50
2016.05.18 12:03:44.156,0.84302,0.84312,1.50,1.12
2016.05.18 12:03:44.818,0.843,0.84307,1.25,1.00
2016.05.18 12:03:45.358,0.843,0.84306,1.63,1.00
2016.05.18 12:03:45.915,0.843,0.84307,1.63,1.00
2016.05.18 12:03:48.336,0.843,0.84305,1.50,1.00
2016.05.18 12:03:48.538,0.84296,0.84302,1.87,1.00
2016.05.18 12:03:49.045,0.84295,0.84301,2.00,1.00
2016.05.18 12:03:49.559,0.84295,0.84301,1.00,1.00
2016.05.18 12:03:49.761,0.84295,0.84304,1.12,1.12
2016.05.18 12:03:50.014,0.84297,0.84304,1.00,1.00
2016.05.18 12:03:50.318,0.84297,0.84302,1.00,1.00
2016.05.18 12:03:50.475,0.84297,0.84304,1.00,1.00
2016.05.18 12:03:52.564,0.84296,0.84304,1.00,1.00
2016.05.18 12:03:53.069,0.84297,0.84303,1.00,1.00
2016.05.18 12:03:53.575,0.84298,0.84303,1.50,1.00
2016.05.18 12:03:53.743,0.84299,0.84305,1.37,1.00
2016.05.18 12:03:54.149,0.84301,0.84306,1.37,1.00
2016.05.18 12:03:54.645,0.84299,0.84305,1.12,1.00
2016.05.18 12:03:54.696,0.84298,0.84304,1.87,1.00
2016.05.18 12:03:55.153,0.84297,0.84302,1.12,1.00
2016.05.18 12:03:56.273,0.84296,0.84302,1.50,1.00
2016.05.18 12:03:56.813,0.84297,0.84302,1.00,1.00
2016.05.18 12:03:57.328,0.84296,0.84302,1.00,1.00
2016.05.18 12:03:57.431,0.84298,0.84302,1.00,1.00
2016.05.18 12:03:57.482,0.84298,0.84304,1.00,1.00
2016.05.18 12:03:57.816,0.84299,0.84304,1.50,1.00
2016.05.18 12:03:58.323,0.84297,0.84303,1.75,1.00
2016.05.18 12:03:58.374,0.84297,0.84302,1.87,1.00
2016.05.18 12:03:59.138,0.84296,0.84301,1.63,1.00
2016.05.18 12:03:59.644,0.84294,0.84301,1.63,1.00
2016.05.18 12:04:00.044,0.84294,0.84303,1.25,1.00
2016.05.18 12:04:00.095,0.84294,0.84303,1.25,1.00
2016.05.18 12:04:00.399,0.84295,0.84303,1.12,1.00
2016.05.18 12:04:00.552,0.84297,0.84305,1.87,1.00
2016.05.18 12:04:00.654,0.84299,0.84305,1.37,1.00
2016.05.18 12:04:01.198,0.843,0.84306,1.25,1.00
2016.05.18 12:04:10.711,0.843,0.84305,1.37,1.00
2016.05.18 12:04:11.611,0.84299,0.84304,1.12,1.00
2016.05.18 12:04:12.420,0.84298,0.84304,1.37,1.00
2016.05.18 12:04:16.201,0.84297,0.84304,1.37,1.00
2016.05.18 12:04:16.454,0.84299,0.84306,1.00,1.00
2016.05.18 12:04:16.606,0.843,0.84306,1.37,1.00
2016.05.18 12:04:16.972,0.84302,0.84306,1.12,1.00
2016.05.18 12:04:17.124,0.84299,0.84304,1.00,1.00
2016.05.18 12:04:17.228,0.84297,0.84304,1.00,1.00
2016.05.18 12:04:17.279,0.84298,0.84306,1.00,1.00
2016.05.18 12:04:22.609,0.84298,0.84305,1.50,1.00
2016.05.18 12:04:22.812,0.843,0.84305,1.00,1.00
2016.05.18 12:04:23.330,0.84298,0.84305,1.87,1.00
2016.05.18 12:04:23.836,0.84299,0.84305,1.37,1.00
2016.05.18 12:04:24.301,0.84299,0.84307,1.37,1.00
2016.05.18 12:04:24.554,0.843,0.84307,1.12,1.00
2016.05.18 12:04:29.634,0.84301,0.84307,2.25,1.00
2016.05.18 12:04:32.378,0.843,0.84307,1.12,1.00
2016.05.18 12:04:35.002,0.843,0.84305,1.87,1.00
2016.05.18 12:04:35.524,0.843,0.84305,1.12,1.00
2016.05.18 12:04:37.528,0.84299,0.84303,1.12,1.00
2016.05.18 12:04:37.681,0.84297,0.84303,1.87,1.00
2016.05.18 12:04:37.733,0.84296,0.843,1.00,1.00
2016.05.18 12:04:38.633,0.84295,0.843,1.00,1.00
2016.05.18 12:04:40.160,0.84294,0.84298,1.00,1.00
2016.05.18 12:04:40.666,0.84293,0.84299,2.25,1.00
2016.05.18 12:04:41.290,0.84295,0.84299,1.00,1.00
2016.05.18 12:04:42.544,0.84292,0.84298,1.37,1.00
2016.05.18 12:04:42.848,0.84286,0.84292,1.87,1.00
2016.05.18 12:04:43.305,0.84289,0.84293,1.50,1.00
2016.05.18 12:04:43.537,0.84291,0.84297,1.75,1.00
2016.05.18 12:04:43.588,0.84293,0.84298,1.37,1.00
2016.05.18 12:04:43.892,0.84292,0.84297,1.37,1.00
2016.05.18 12:04:44.247,0.84291,0.84295,1.00,1.00
2016.05.18 12:04:44.802,0.84291,0.84296,1.37,1.00
2016.05.18 12:04:45.005,0.84293,0.84298,1.37,1.00
2016.05.18 12:04:45.511,0.84293,0.84297,1.50,1.00
2016.05.18 12:04:46.022,0.84294,0.84298,1.00,1.00
2016.05.18 12:04:46.580,0.84293,0.84297,1.50,1.00
2016.05.18 12:04:46.782,0.84291,0.84296,1.37,1.00
2016.05.18 12:04:47.036,0.8429,0.84297,1.75,1.00
2016.05.18 12:04:47.168,0.84289,0.84293,1.00,1.00
2016.05.18 12:04:47.219,0.84287,0.84293,1.00,1.00
2016.05.18 12:04:47.271,0.84287,0.84292,1.00,1.00
2016.05.18 12:04:49.665,0.84285,0.84291,1.37,1.00
2016.05.18 12:04:50.242,0.84284,0.8429,1.75,1.00
2016.05.18 12:04:50.748,0.84284,0.84291,1.75,1.00
2016.05.18 12:04:51.052,0.84285,0.8429,1.00,1.00
2016.05.18 12:04:55.987,0.84282,0.84287,1.37,1.00
2016.05.18 12:04:56.292,0.8428,0.84286,1.37,1.00
2016.05.18 12:05:00.498,0.8428,0.84286,1.37,1.00
2016.05.18 12:05:01.048,0.8428,0.84286,1.87,1.00
2016.05.18 12:05:01.616,0.84281,0.84287,1.50,1.00
2016.05.18 12:05:01.970,0.84282,0.84288,1.37,1.00
2016.05.18 12:05:03.438,0.84282,0.84287,1.37,1.00
2016.05.18 12:05:03.944,0.84282,0.84287,1.00,1.00
2016.05.18 12:05:04.995,0.84281,0.84286,1.37,1.00
2016.05.18 12:05:05.525,0.84281,0.84287,1.37,1.00
2016.05.18 12:05:06.982,0.84281,0.84288,1.37,1.00
2016.05.18 12:05:07.376,0.84282,0.84287,1.37,1.00
2016.05.18 12:05:07.529,0.84276,0.8428,1.50,1.00
2016.05.18 12:05:08.248,0.84275,0.84283,1.00,1.00
2016.05.18 12:05:08.299,0.84276,0.84285,1.00,1.50
2016.05.18 12:05:08.350,0.84278,0.84286,1.00,1.00
2016.05.18 12:05:08.401,0.84278,0.84288,1.00,1.50
2016.05.18 12:05:08.502,0.8428,0.84288,1.37,1.00
2016.05.18 12:05:09.035,0.8428,0.84289,1.87,1.50
2016.05.18 12:05:10.905,0.84281,0.84289,1.87,1.00
2016.05.18 12:05:11.211,0.84283,0.84287,1.00,1.00
2016.05.18 12:05:11.716,0.84282,0.84288,1.12,1.00
2016.05.18 12:05:12.753,0.84282,0.84289,1.12,1.00
2016.05.18 12:05:12.855,0.84282,0.84291,1.87,1.00
2016.05.18 12:05:13.404,0.84284,0.84291,1.37,1.00
2016.05.18 12:05:17.502,0.84284,0.84292,2.25,1.00
2016.05.18 12:05:18.007,0.84285,0.84293,1.87,1.00
2016.05.18 12:05:18.059,0.84285,0.84293,1.87,1.00
2016.05.18 12:05:18.541,0.84285,0.84293,1.87,1.00
2016.05.18 12:05:18.744,0.84284,0.8429,1.87,1.00
2016.05.18 12:05:19.249,0.84284,0.84291,1.37,1.00
2016.05.18 12:05:19.864,0.84284,0.84292,1.00,1.00
2016.05.18 12:05:20.669,0.84284,0.84292,1.37,1.00
2016.05.18 12:05:22.072,0.84284,0.84291,1.37,1.00
2016.05.18 12:05:25.147,0.84284,0.84291,1.00,1.00
2016.05.18 12:05:25.299,0.84284,0.84293,1.12,1.00
2016.05.18 12:05:25.808,0.84285,0.84292,1.00,1.00
2016.05.18 12:05:26.332,0.84284,0.84292,1.50,1.00
2016.05.18 12:05:27.242,0.84285,0.84293,1.00,1.00
2016.05.18 12:05:28.125,0.84287,0.84294,1.00,1.00
2016.05.18 12:05:28.328,0.84289,0.84297,1.00,1.12
2016.05.18 12:05:28.429,0.84292,0.84299,1.00,1.87
2016.05.18 12:05:28.480,0.84292,0.84299,1.50,1.12
2016.05.18 12:05:31.167,0.84291,0.84299,1.37,1.00
2016.05.18 12:05:31.963,0.8429,0.84299,1.87,1.00
2016.05.18 12:05:32.553,0.84291,0.84299,2.25,1.00
2016.05.18 12:05:33.341,0.84292,0.84298,1.37,1.00
2016.05.18 12:05:33.543,0.84291,0.84299,1.12,1.00
2016.05.18 12:05:34.861,0.84293,0.84299,1.00,1.00
2016.05.18 12:05:35.263,0.84291,0.84298,1.12,1.00
2016.05.18 12:05:40.427,0.84291,0.84299,1.12,1.00
2016.05.18 12:05:40.956,0.84291,0.84298,1.12,1.00
2016.05.18 12:05:41.343,0.84291,0.843,1.12,1.00
2016.05.18 12:05:41.445,0.84293,0.84301,1.00,1.12
2016.05.18 12:05:41.951,0.84292,0.84299,2.62,1.00
2016.05.18 12:05:42.204,0.84291,0.84298,1.50,1.00
2016.05.18 12:05:42.255,0.84293,0.84297,1.00,1.00
2016.05.18 12:05:42.765,0.84293,0.84298,1.00,1.00
2016.05.18 12:05:43.290,0.84293,0.84299,1.00,1.00
2016.05.18 12:05:43.813,0.84293,0.843,1.50,1.00
2016.05.18 12:05:44.218,0.84293,0.84298,1.00,1.00
2016.05.18 12:05:44.522,0.84291,0.84299,1.12,1.00
2016.05.18 12:05:44.775,0.84291,0.84297,1.12,1.00
2016.05.18 12:05:45.290,0.8429,0.84298,1.50,1.00
2016.05.18 12:05:45.839,0.8429,0.84297,1.50,1.00
2016.05.18 12:05:46.294,0.8429,0.84295,1.50,1.00
2016.05.18 12:05:46.513,0.84288,0.84293,1.12,1.00
2016.05.18 12:05:47.020,0.84288,0.84292,1.00,1.00
2016.05.18 12:05:47.273,0.84285,0.84292,1.00,1.00
2016.05.18 12:05:47.957,0.84285,0.84291,1.12,1.00
2016.05.18 12:05:49.713,0.84285,0.84292,1.12,1.00
2016.05.18 12:05:49.969,0.84284,0.8429,1.00,1.00
2016.05.18 12:05:50.020,0.84284,0.84292,1.12,1.00
2016.05.18 12:05:50.273,0.84286,0.84293,1.00,1.00
2016.05.18 12:05:51.212,0.84286,0.84294,1.12,1.00
2016.05.18 12:05:54.469,0.84288,0.84294,1.00,1.00
2016.05.18 12:05:54.854,0.84286,0.84294,1.12,1.00
2016.05.18 12:05:55.949,0.8429,0.843,1.00,1.87
2016.05.18 12:05:56.000,0.8429,0.84299,4.50,1.00
2016.05.18 12:05:56.457,0.84292,0.84301,2.62,1.00
2016.05.18 12:05:56.971,0.84294,0.84301,1.00,1.00
2016.05.18 12:05:57.690,0.84294,0.843,1.00,1.00
2016.05.18 12:05:58.313,0.84292,0.843,4.12,1.00
2016.05.18 12:05:58.854,0.84293,0.843,1.37,1.00
2016.05.18 12:05:59.057,0.84294,0.84302,1.50,1.00
2016.05.18 12:05:59.568,0.84295,0.84302,1.00,1.00
2016.05.18 12:06:00.106,0.84294,0.84302,3.00,1.00
2016.05.18 12:06:00.982,0.84294,0.84303,3.00,1.00
2016.05.18 12:06:01.443,0.84294,0.84302,2.25,1.00
2016.05.18 12:06:01.698,0.84294,0.84301,1.00,1.00
2016.05.18 12:06:02.920,0.84292,0.84302,3.37,1.00
2016.05.18 12:06:03.478,0.84292,0.84301,3.37,1.00
2016.05.18 12:06:03.783,0.84292,0.84299,2.62,1.00
2016.05.18 12:06:04.303,0.84293,0.843,1.50,1.00
2016.05.18 12:06:04.852,0.84293,0.84301,1.50,1.00
2016.05.18 12:06:05.747,0.84292,0.84302,2.62,1.00
2016.05.18 12:06:06.256,0.84294,0.84303,1.12,1.00
2016.05.18 12:06:06.812,0.84295,0.84304,1.00,1.12
2016.05.18 12:06:08.211,0.84294,0.84304,1.87,1.12
2016.05.18 12:06:08.805,0.84294,0.84304,2.62,1.00
2016.05.18 12:06:09.321,0.84295,0.84303,1.00,1.00
2016.05.18 12:06:09.870,0.84294,0.84303,1.87,1.00
2016.05.18 12:06:10.356,0.84294,0.84303,1.50,1.00
2016.05.18 12:06:12.224,0.84294,0.84304,1.12,1.00
2016.05.18 12:06:13.074,0.84294,0.84303,1.12,1.00
2016.05.18 12:06:14.483,0.84294,0.84304,2.62,1.00
2016.05.18 12:06:14.993,0.84294,0.84304,3.37,1.00
2016.05.18 12:06:15.541,0.84294,0.84303,3.37,1.00
2016.05.18 12:06:21.200,0.84294,0.84301,1.87,1.00
2016.05.18 12:06:21.403,0.84293,0.843,1.00,1.00
2016.05.18 12:06:22.009,0.84293,0.84301,1.00,1.00
2016.05.18 12:06:22.540,0.84293,0.84302,1.00,1.00
2016.05.18 12:06:24.762,0.84293,0.84301,1.00,1.00
2016.05.18 12:06:25.267,0.84294,0.84301,1.00,1.00
2016.05.18 12:06:25.774,0.84294,0.84302,1.50,1.00
2016.05.18 12:06:26.279,0.84293,0.84302,1.50,1.00
2016.05.18 12:06:26.885,0.84294,0.84302,1.00,1.00
2016.05.18 12:06:30.081,0.84293,0.84302,3.00,1.00
2016.05.18 12:06:30.603,0.84294,0.84303,1.00,1.00
2016.05.18 12:06:31.130,0.84297,0.84304,1.00,1.00
2016.05.18 12:06:31.631,0.84297,0.84303,1.00,1.00
2016.05.18 12:06:32.143,0.84297,0.84304,1.00,1.00
2016.05.18 12:06:33.063,0.84295,0.84304,1.00,1.00
2016.05.18 12:06:34.559,0.84294,0.84304,3.00,1.00
2016.05.18 12:06:35.521,0.84295,0.84304,1.00,1.00
2016.05.18 12:06:36.865,0.84298,0.84307,1.00,1.37
2016.05.18 12:06:37.313,0.843,0.84305,1.00,1.00
2016.05.18 12:06:37.827,0.84299,0.84305,1.00,1.00
2016.05.18 12:06:39.273,0.843,0.84305,1.00,1.00
2016.05.18 12:06:39.577,0.84302,0.84307,1.00,1.37
2016.05.18 12:06:39.780,0.843,0.84307,1.00,1.37
2016.05.18 12:06:40.472,0.84302,0.84307,1.00,1.37
2016.05.18 12:06:40.624,0.84303,0.84309,1.00,1.37
2016.05.18 12:06:41.132,0.84302,0.84309,1.00,1.37
2016.05.18 12:06:41.643,0.84303,0.84309,1.00,1.37
2016.05.18 12:06:41.744,0.84301,0.84311,1.00,1.87
2016.05.18 12:06:45.252,0.84302,0.84311,1.00,2.62
2016.05.18 12:06:46.512,0.84303,0.8431,1.00,1.50
2016.05.18 12:06:46.614,0.84301,0.8431,1.00,1.50
2016.05.18 12:06:46.919,0.843,0.84304,1.12,1.00
2016.05.18 12:06:46.971,0.84298,0.84304,1.12,1.00
2016.05.18 12:06:47.023,0.84296,0.84301,1.50,1.00
2016.05.18 12:06:47.325,0.84292,0.84296,1.87,1.00
2016.05.18 12:06:47.579,0.84286,0.84293,1.12,1.00
2016.05.18 12:06:48.084,0.84286,0.84294,1.12,1.00
2016.05.18 12:06:48.185,0.84287,0.84295,1.75,1.00
2016.05.18 12:06:48.450,0.84288,0.84297,1.37,1.00
2016.05.18 12:06:48.957,0.8429,0.84298,1.00,1.00
2016.05.18 12:06:49.412,0.84288,0.84296,2.62,1.00
2016.05.18 12:06:49.934,0.84287,0.84296,1.87,1.00
2016.05.18 12:06:50.469,0.84287,0.84296,1.00,1.00
2016.05.18 12:06:51.120,0.84287,0.84297,1.00,1.00
2016.05.18 12:06:51.423,0.84286,0.84293,1.87,1.00
2016.05.18 12:06:52.018,0.84285,0.84294,1.87,1.00
2016.05.18 12:06:52.322,0.84289,0.84297,1.00,1.00
2016.05.18 12:06:53.712,0.84288,0.84297,1.00,1.00
2016.05.18 12:06:54.016,0.84288,0.84295,1.00,1.00
2016.05.18 12:06:54.337,0.84288,0.84297,1.00,1.12
2016.05.18 12:06:54.844,0.84289,0.84297,1.00,1.12
2016.05.18 12:06:55.807,0.84288,0.84298,1.00,2.62
2016.05.18 12:06:56.317,0.84288,0.84296,1.00,1.00
2016.05.18 12:06:58.769,0.84289,0.84296,1.00,1.00
2016.05.18 12:06:59.275,0.84289,0.84297,1.00,1.12
2016.05.18 12:07:00.321,0.84288,0.84297,1.00,1.00
2016.05.18 12:07:00.861,0.84288,0.84296,1.00,1.00
2016.05.18 12:07:01.479,0.84288,0.84297,1.00,1.50
2016.05.18 12:07:01.986,0.84289,0.84298,1.00,1.00
2016.05.18 12:07:04.636,0.8429,0.84297,1.00,1.00
2016.05.18 12:07:04.687,0.84288,0.84298,1.00,1.50
2016.05.18 12:07:04.789,0.84289,0.84296,1.00,1.00
2016.05.18 12:07:05.293,0.84288,0.84297,1.00,1.00
2016.05.18 12:07:07.792,0.84288,0.84296,1.00,1.00
2016.05.18 12:07:08.151,0.84283,0.84292,1.50,1.00
2016.05.18 12:07:08.253,0.84283,0.84288,1.00,1.00
2016.05.18 12:07:08.607,0.84281,0.84287,1.00,1.00
2016.05.18 12:07:08.759,0.84281,0.84289,1.00,1.00
2016.05.18 12:07:09.308,0.84282,0.84289,1.00,1.00
2016.05.18 12:07:09.851,0.84283,0.8429,1.00,1.12
2016.05.18 12:07:10.432,0.84286,0.84292,1.00,1.17
2016.05.18 12:07:10.736,0.84291,0.84296,1.00,1.25
2016.05.18 12:07:11.266,0.84288,0.84294,1.87,1.00
2016.05.18 12:07:11.418,0.84291,0.843,1.00,2.62
2016.05.18 12:07:11.622,0.84293,0.84302,1.00,3.00
2016.05.18 12:07:11.674,0.84293,0.84302,1.00,2.62
2016.05.18 12:07:12.233,0.84295,0.84302,1.00,1.87
2016.05.18 12:07:12.567,0.84297,0.84302,1.00,1.00
2016.05.18 12:07:12.820,0.84297,0.84306,1.00,1.37
2016.05.18 12:07:13.326,0.84296,0.84306,1.50,1.87
2016.05.18 12:07:13.630,0.84298,0.84306,1.00,2.62
2016.05.18 12:07:14.139,0.84297,0.84306,1.50,1.37
2016.05.18 12:07:16.880,0.84298,0.84306,1.00,1.37
2016.05.18 12:07:19.637,0.84297,0.84306,1.00,3.37
2016.05.18 12:07:19.789,0.84295,0.84304,1.50,1.00
2016.05.18 12:07:20.312,0.84295,0.84304,1.00,1.50
2016.05.18 12:07:20.836,0.84296,0.84303,1.00,1.37
2016.05.18 12:07:21.244,0.84297,0.84304,1.00,1.00
2016.05.18 12:07:21.746,0.84301,0.84305,1.00,1.00
2016.05.18 12:07:21.797,0.84302,0.84308,1.00,2.25
2016.05.18 12:07:21.848,0.84304,0.84308,1.00,1.50
2016.05.18 12:07:22.420,0.84303,0.84309,1.00,1.00
2016.05.18 12:07:23.011,0.84303,0.84312,1.00,1.37
2016.05.18 12:07:23.213,0.84299,0.84308,1.00,1.00
2016.05.18 12:07:23.314,0.84298,0.84306,1.87,1.00
2016.05.18 12:07:23.618,0.84298,0.84306,1.00,1.87
2016.05.18 12:07:24.085,0.84298,0.84306,1.50,2.25
2016.05.18 12:07:25.091,0.84297,0.84306,1.00,1.50
2016.05.18 12:07:25.397,0.84297,0.84306,1.00,1.87
2016.05.18 12:07:25.700,0.843,0.84306,1.00,1.75
2016.05.18 12:07:26.005,0.84304,0.84308,1.00,1.00
2016.05.18 12:07:26.208,0.84303,0.84311,1.00,1.50
2016.05.18 12:07:26.566,0.84305,0.84312,1.00,1.50
2016.05.18 12:07:26.618,0.84303,0.84312,1.00,1.12
2016.05.18 12:07:27.977,0.84303,0.84313,1.00,2.62
2016.05.18 12:07:28.512,0.84304,0.84313,1.00,2.62
2016.05.18 12:07:28.664,0.84304,0.84313,1.00,1.12
2016.05.18 12:07:29.221,0.84305,0.84313,1.00,1.87
2016.05.18 12:07:30.128,0.84304,0.84313,1.00,1.12
2016.05.18 12:07:30.780,0.84304,0.84313,1.00,1.87
2016.05.18 12:07:30.881,0.84304,0.84313,1.00,1.12
2016.05.18 12:07:30.983,0.84306,0.84313,1.00,1.50
2016.05.18 12:07:31.136,0.84304,0.84314,1.00,2.62
2016.05.18 12:07:31.238,0.84303,0.84312,1.00,1.00
2016.05.18 12:07:31.441,0.84301,0.84311,1.12,1.87
2016.05.18 12:07:31.744,0.84302,0.84309,1.00,1.00
2016.05.18 12:07:32.289,0.84302,0.8431,1.00,1.12
2016.05.18 12:07:32.804,0.84301,0.84311,1.00,2.62
2016.05.18 12:07:33.335,0.84301,0.84309,1.00,1.00
2016.05.18 12:07:33.905,0.84302,0.84309,1.00,1.00
2016.05.18 12:07:35.037,0.84301,0.84309,1.00,1.00
2016.05.18 12:07:36.931,0.84301,0.8431,1.00,1.87
2016.05.18 12:07:37.443,0.84301,0.84309,1.00,1.00
2016.05.18 12:07:37.988,0.843,0.84309,1.00,1.00
2016.05.18 12:07:38.491,0.843,0.8431,1.00,1.87
2016.05.18 12:07:39.529,0.84301,0.84311,1.00,3.37
2016.05.18 12:07:39.832,0.84303,0.84311,1.00,2.25
2016.05.18 12:07:39.883,0.84303,0.84311,1.00,2.25
2016.05.18 12:07:41.554,0.843,0.8431,1.00,1.00
2016.05.18 12:07:41.841,0.843,0.84308,1.00,1.37
2016.05.18 12:07:42.349,0.843,0.8431,1.00,1.87
2016.05.18 12:07:42.788,0.84302,0.8431,1.00,2.00
2016.05.18 12:07:42.889,0.843,0.8431,1.00,2.00
2016.05.18 12:07:43.329,0.84302,0.8431,1.00,2.00
2016.05.18 12:07:45.285,0.843,0.84309,1.00,1.63
2016.05.18 12:07:46.339,0.843,0.84308,1.00,1.37
2016.05.18 12:07:48.938,0.84301,0.84308,1.00,1.37
2016.05.18 12:07:49.793,0.84302,0.84308,1.00,1.37
2016.05.18 12:07:51.263,0.84303,0.84308,1.00,1.37
2016.05.18 12:07:51.816,0.84301,0.84308,1.00,1.37
2016.05.18 12:07:55.744,0.84302,0.84308,1.00,1.37
2016.05.18 12:07:55.845,0.84303,0.84309,1.00,1.00
2016.05.18 12:07:56.221,0.84304,0.84312,1.00,1.50
2016.05.18 12:07:56.475,0.84306,0.84314,1.00,3.13
2016.05.18 12:07:56.779,0.8431,0.84314,1.00,2.00
2016.05.18 12:07:57.368,0.8431,0.8432,1.50,1.87
2016.05.18 12:07:58.032,0.84311,0.8432,1.00,1.12
2016.05.18 12:07:58.235,0.84309,0.84319,1.50,1.00
2016.05.18 12:07:58.762,0.84309,0.84318,1.00,1.00
2016.05.18 12:08:00.629,0.84309,0.84318,1.50,1.00
2016.05.18 12:08:00.882,0.84312,0.8432,1.00,1.17
2016.05.18 12:08:01.225,0.84314,0.84323,1.00,1.13
2016.05.18 12:08:02.134,0.84314,0.84323,1.00,1.00
2016.05.18 12:08:02.456,0.84319,0.84325,1.00,1.37
2016.05.18 12:08:03.004,0.84319,0.84327,1.00,1.25
2016.05.18 12:08:03.206,0.84317,0.84327,1.00,2.38
2016.05.18 12:08:03.581,0.84315,0.84325,1.00,2.62
2016.05.18 12:08:03.834,0.84314,0.84323,1.00,2.62
2016.05.18 12:08:05.280,0.84317,0.84323,1.00,2.75
2016.05.18 12:08:05.796,0.84318,0.84325,1.00,1.50
2016.05.18 12:08:06.335,0.84318,0.84325,1.00,1.50
2016.05.18 12:08:06.681,0.84316,0.84325,1.00,1.12
2016.05.18 12:08:07.243,0.84318,0.84325,1.00,1.87
2016.05.18 12:08:09.469,0.84318,0.84326,1.00,2.62
2016.05.18 12:08:10.002,0.84318,0.84326,1.00,2.25
2016.05.18 12:08:11.330,0.84318,0.84325,1.00,1.00
2016.05.18 12:08:12.512,0.84317,0.84325,1.00,1.50
2016.05.18 12:08:13.294,0.84317,0.84325,1.00,2.62
2016.05.18 12:08:14.666,0.84317,0.84325,1.00,2.25
2016.05.18 12:08:15.902,0.84317,0.84326,1.00,1.12
2016.05.18 12:08:16.472,0.84317,0.84325,1.00,1.00
2016.05.18 12:08:23.492,0.84315,0.84325,1.50,1.00
2016.05.18 12:08:23.542,0.84317,0.84325,1.00,1.00
2016.05.18 12:08:23.695,0.84314,0.84324,1.00,2.25
2016.05.18 12:08:23.746,0.84316,0.84323,1.00,1.12
2016.05.18 12:08:24.100,0.84316,0.84325,1.00,1.12
2016.05.18 12:08:24.632,0.84315,0.84323,1.00,1.00
2016.05.18 12:08:24.936,0.84312,0.84322,1.50,1.87
2016.05.18 12:08:25.458,0.84312,0.8432,1.00,1.00
2016.05.18 12:08:26.048,0.84312,0.84322,1.00,2.25
2016.05.18 12:08:26.638,0.84311,0.84321,1.00,1.00
2016.05.18 12:08:27.171,0.84311,0.8432,1.00,1.00
2016.05.18 12:08:27.810,0.8431,0.8432,1.50,1.50
2016.05.18 12:08:28.023,0.84308,0.84318,1.87,1.50
2016.05.18 12:08:28.558,0.84308,0.84317,1.50,1.00
2016.05.18 12:08:29.610,0.84308,0.84318,1.00,2.62
2016.05.18 12:08:30.115,0.84308,0.84317,1.00,1.00
2016.05.18 12:08:30.623,0.84307,0.84317,1.00,1.50
2016.05.18 12:08:30.931,0.84308,0.84315,1.00,1.50
2016.05.18 12:08:30.982,0.84306,0.84315,1.12,1.00
2016.05.18 12:08:31.438,0.84307,0.84317,1.00,2.25
2016.05.18 12:08:32.032,0.84307,0.84316,1.00,1.00
2016.05.18 12:08:32.582,0.84306,0.84316,1.12,1.50
2016.05.18 12:08:33.109,0.84307,0.84316,1.00,1.00
2016.05.18 12:08:33.160,0.84309,0.84316,1.00,1.00
2016.05.18 12:08:33.669,0.84309,0.84317,1.00,3.00
2016.05.18 12:08:34.923,0.84309,0.84316,1.00,1.00
2016.05.18 12:08:35.032,0.84307,0.84316,1.00,1.00
2016.05.18 12:08:35.593,0.84309,0.84316,1.00,1.50
2016.05.18 12:08:36.116,0.84307,0.84316,1.87,1.00
2016.05.18 12:08:36.627,0.84307,0.84317,1.87,1.50
2016.05.18 12:08:37.147,0.84307,0.84316,1.00,1.00
2016.05.18 12:08:37.835,0.84308,0.84317,1.00,1.00
2016.05.18 12:08:39.385,0.84309,0.84317,1.00,1.00
2016.05.18 12:08:39.946,0.84308,0.84318,1.00,3.75
2016.05.18 12:08:40.263,0.84307,0.84315,1.00,1.12
2016.05.18 12:08:40.566,0.84304,0.84311,1.50,1.00
2016.05.18 12:08:40.617,0.84303,0.8431,1.00,1.00
2016.05.18 12:08:40.719,0.84299,0.84309,1.00,1.00
2016.05.18 12:08:41.143,0.84298,0.84307,2.25,1.00
2016.05.18 12:08:41.447,0.843,0.84309,1.00,1.87
2016.05.18 12:08:42.316,0.84301,0.84308,1.00,1.00
2016.05.18 12:08:42.620,0.84299,0.84309,1.00,1.87
2016.05.18 12:08:43.140,0.843,0.84308,1.00,1.12
2016.05.18 12:08:43.748,0.84299,0.84307,1.00,1.00
2016.05.18 12:08:44.103,0.84298,0.84306,1.00,1.50
2016.05.18 12:08:44.677,0.84297,0.84306,1.00,1.00
2016.05.18 12:08:45.458,0.84299,0.84306,1.00,1.00
2016.05.18 12:08:45.966,0.84299,0.84307,1.00,1.12
2016.05.18 12:08:47.341,0.84297,0.84307,1.00,1.00
2016.05.18 12:08:48.921,0.84296,0.84306,1.12,1.00
2016.05.18 12:08:48.973,0.84296,0.84304,1.12,1.00
2016.05.18 12:08:49.218,0.84293,0.84303,1.50,1.50
2016.05.18 12:08:49.726,0.84294,0.84302,1.00,1.00
2016.05.18 12:08:50.298,0.84293,0.84302,1.00,1.00
2016.05.18 12:08:50.399,0.84293,0.84299,1.00,1.00
2016.05.18 12:08:50.450,0.84291,0.84299,1.00,1.00
2016.05.18 12:08:50.502,0.84289,0.84299,1.12,1.12
2016.05.18 12:08:50.553,0.84292,0.84299,1.00,1.37
2016.05.18 12:08:50.857,0.84296,0.84301,1.00,1.37
2016.05.18 12:08:50.958,0.84297,0.84302,1.00,1.00
2016.05.18 12:08:51.538,0.84297,0.84304,1.00,1.37
2016.05.18 12:08:57.184,0.84296,0.84304,1.00,1.37
2016.05.18 12:08:57.700,0.84297,0.84304,1.00,1.37
2016.05.18 12:08:58.241,0.84296,0.84304,1.00,1.37
2016.05.18 12:08:58.759,0.84296,0.84304,1.00,1.12
2016.05.18 12:08:58.860,0.84299,0.84303,1.00,1.00
2016.05.18 12:08:58.961,0.84299,0.84306,1.00,1.87
2016.05.18 12:08:59.462,0.84298,0.84306,1.00,1.12
2016.05.18 12:08:59.766,0.843,0.84306,1.00,1.12
2016.05.18 12:09:00.070,0.84302,0.84306,1.00,1.00
2016.05.18 12:09:00.172,0.843,0.8431,1.00,1.50
2016.05.18 12:09:00.222,0.843,0.84308,1.00,1.00
2016.05.18 12:09:00.526,0.84299,0.84305,1.12,1.00
2016.05.18 12:09:01.050,0.84299,0.84306,1.00,1.50
2016.05.18 12:09:01.252,0.84297,0.84306,1.00,1.00
2016.05.18 12:09:01.937,0.84297,0.84305,1.00,1.00
2016.05.18 12:09:02.505,0.84297,0.84306,1.00,1.00
2016.05.18 12:09:03.081,0.84298,0.84306,1.00,1.00
2016.05.18 12:09:03.386,0.84297,0.84308,1.12,1.50
2016.05.18 12:09:03.740,0.84298,0.84306,1.00,1.00
2016.05.18 12:09:03.892,0.84297,0.84308,1.12,1.50
2016.05.18 12:09:04.448,0.84298,0.84308,1.00,1.00
2016.05.18 12:09:07.301,0.84298,0.84306,1.00,1.00
2016.05.18 12:09:07.821,0.84297,0.84305,1.00,1.00
2016.05.18 12:09:08.124,0.84294,0.84304,1.87,1.00
2016.05.18 12:09:08.630,0.84294,0.84304,1.12,1.87
2016.05.18 12:09:09.127,0.84294,0.84302,1.12,1.00
2016.05.18 12:09:09.654,0.84293,0.84303,1.50,1.00
2016.05.18 12:09:10.160,0.84295,0.84303,1.00,1.00
2016.05.18 12:09:10.510,0.84297,0.84306,1.00,1.87
2016.05.18 12:09:10.865,0.84298,0.84306,1.00,1.00
2016.05.18 12:09:11.018,0.843,0.84306,1.00,1.00
2016.05.18 12:09:11.171,0.843,0.84308,1.00,1.50
2016.05.18 12:09:11.437,0.84299,0.8431,1.00,2.25
2016.05.18 12:09:11.681,0.84299,0.84307,1.00,1.00
2016.05.18 12:09:11.984,0.84301,0.84308,1.00,1.00
2016.05.18 12:09:12.035,0.843,0.8431,1.00,2.25
2016.05.18 12:09:12.288,0.84302,0.8431,1.00,1.50
2016.05.18 12:09:13.389,0.84301,0.84312,1.12,1.50
2016.05.18 12:09:14.278,0.84301,0.84311,1.12,1.00
2016.05.18 12:09:14.781,0.84302,0.84311,1.37,1.00
2016.05.18 12:09:15.312,0.84302,0.84312,1.37,1.50
2016.05.18 12:09:15.889,0.84301,0.84312,1.87,1.50
2016.05.18 12:09:16.941,0.84301,0.84311,1.87,1.00
2016.05.18 12:09:18.397,0.84301,0.84309,1.50,1.00
2016.05.18 12:09:18.499,0.84301,0.84311,1.00,1.00
2016.05.18 12:09:19.006,0.843,0.8431,2.62,1.00
2016.05.18 12:09:20.831,0.84301,0.84311,1.12,1.50
2016.05.18 12:09:21.464,0.84302,0.84312,1.00,1.50
2016.05.18 12:09:21.666,0.84301,0.84308,1.12,1.00
2016.05.18 12:09:24.163,0.84302,0.84308,1.00,1.00
2016.05.18 12:09:26.166,0.843,0.84308,2.62,1.00
2016.05.18 12:09:26.419,0.84303,0.84311,1.00,1.00
2016.05.18 12:09:26.470,0.84303,0.84309,1.50,1.00
2016.05.18 12:09:26.622,0.84301,0.84308,1.00,1.00
2016.05.18 12:09:27.226,0.843,0.84309,1.87,1.00
2016.05.18 12:09:28.873,0.84302,0.84309,1.00,1.00
2016.05.18 12:09:29.403,0.843,0.84309,2.25,1.00
2016.05.18 12:09:30.630,0.843,0.84308,1.37,1.00
2016.05.18 12:09:31.182,0.843,0.84309,1.37,1.00
2016.05.18 12:09:32.564,0.843,0.84308,1.37,1.00
2016.05.18 12:09:32.767,0.843,0.84305,1.37,1.00
2016.05.18 12:09:32.819,0.843,0.84309,1.87,1.00
2016.05.18 12:09:33.334,0.843,0.8431,1.00,1.50
2016.05.18 12:09:33.839,0.84301,0.84309,1.00,1.50
2016.05.18 12:09:34.466,0.843,0.8431,1.87,1.12
2016.05.18 12:09:34.517,0.84302,0.84311,1.00,1.00
2016.05.18 12:09:35.124,0.84301,0.84311,1.00,1.00
2016.05.18 12:09:35.968,0.84302,0.84312,1.00,2.25
2016.05.18 12:09:36.336,0.84301,0.8431,1.00,1.00
2016.05.18 12:09:36.841,0.843,0.8431,1.50,1.00
2016.05.18 12:09:37.457,0.84301,0.8431,1.00,1.00
2016.05.18 12:09:38.329,0.843,0.8431,2.25,1.00
2016.05.18 12:09:38.864,0.84301,0.84309,1.00,1.00
2016.05.18 12:09:39.716,0.84299,0.8431,1.87,1.00
2016.05.18 12:09:40.224,0.84299,0.84309,1.87,1.00
2016.05.18 12:09:40.730,0.843,0.8431,1.12,1.00
2016.05.18 12:09:42.230,0.843,0.84311,1.12,1.50
2016.05.18 12:09:42.737,0.843,0.8431,1.00,1.12
2016.05.18 12:09:44.900,0.84299,0.84309,1.12,1.00
2016.05.18 12:09:46.562,0.843,0.84309,1.00,1.50
2016.05.18 12:09:47.073,0.84299,0.84309,1.00,1.12
2016.05.18 12:09:48.235,0.843,0.84309,1.00,1.12
2016.05.18 12:09:48.773,0.84302,0.8431,1.00,1.00
2016.05.18 12:09:48.875,0.84302,0.84312,1.00,1.00
2016.05.18 12:09:49.128,0.843,0.8431,1.50,1.00
2016.05.18 12:09:49.656,0.84301,0.84309,1.00,1.00
2016.05.18 12:09:49.707,0.84301,0.84311,1.00,1.12
2016.05.18 12:09:50.162,0.843,0.8431,1.00,2.62
2016.05.18 12:09:51.861,0.843,0.84309,1.00,1.00
2016.05.18 12:09:52.372,0.843,0.84308,1.00,1.00
2016.05.18 12:09:52.887,0.843,0.84309,1.00,1.12
2016.05.18 12:09:54.708,0.84299,0.84309,1.50,1.12
2016.05.18 12:09:55.208,0.84301,0.84308,1.00,1.12
2016.05.18 12:09:55.829,0.84302,0.84308,1.00,1.00
2016.05.18 12:09:56.363,0.84304,0.84311,1.00,1.00
2016.05.18 12:09:56.868,0.84305,0.84312,1.00,1.50
2016.05.18 12:09:57.967,0.84303,0.84312,1.50,1.00
2016.05.18 12:09:58.170,0.84302,0.84311,1.00,1.37
2016.05.18 12:09:58.782,0.84301,0.8431,1.00,1.37
2016.05.18 12:09:59.353,0.84302,0.8431,1.00,1.87
2016.05.18 12:09:59.872,0.84301,0.8431,1.00,1.87
2016.05.18 12:10:00.391,0.84302,0.8431,1.00,1.87
2016.05.18 12:10:00.594,0.843,0.8431,1.50,1.87
2016.05.18 12:10:01.099,0.84301,0.84308,1.00,1.00
2016.05.18 12:10:01.675,0.84301,0.8431,1.00,1.00
2016.05.18 12:10:02.031,0.84299,0.84309,1.12,1.50
2016.05.18 12:10:02.183,0.84297,0.84308,1.50,1.50
2016.05.18 12:10:02.234,0.84297,0.84306,1.12,1.00
2016.05.18 12:10:02.755,0.84298,0.84306,1.00,1.12
2016.05.18 12:10:03.789,0.84296,0.84306,1.87,1.12
2016.05.18 12:10:04.295,0.84297,0.84306,1.00,1.12
2016.05.18 12:10:05.181,0.84298,0.84307,1.00,1.37
2016.05.18 12:10:05.974,0.84298,0.84306,1.00,1.37
2016.05.18 12:10:06.545,0.84297,0.84306,1.50,1.87
2016.05.18 12:10:07.132,0.84296,0.84306,1.50,1.87
2016.05.18 12:10:07.656,0.84297,0.84306,1.00,1.87
2016.05.18 12:10:08.524,0.84297,0.84306,1.00,1.12
2016.05.18 12:10:10.416,0.84298,0.84306,1.00,1.87
2016.05.18 12:10:10.940,0.84297,0.84306,1.50,1.12
2016.05.18 12:10:11.686,0.84298,0.84306,1.00,1.12
2016.05.18 12:10:12.192,0.84297,0.84307,1.00,1.50
2016.05.18 12:10:12.782,0.84298,0.84307,1.00,1.00
2016.05.18 12:10:12.841,0.84303,0.8431,1.00,1.87
2016.05.18 12:10:13.346,0.84303,0.8431,1.12,1.00
2016.05.18 12:10:13.969,0.84303,0.84313,1.12,2.25
2016.05.18 12:10:14.085,0.84302,0.84307,1.87,1.00
2016.05.18 12:10:14.188,0.84297,0.84302,1.50,1.00
2016.05.18 12:10:14.342,0.84296,0.843,1.00,1.00
2016.05.18 12:10:15.455,0.84293,0.843,1.87,1.00
2016.05.18 12:10:15.607,0.84293,0.84302,1.87,1.00
2016.05.18 12:10:16.136,0.84293,0.84301,1.87,1.00
2016.05.18 12:10:16.674,0.84293,0.84302,1.87,1.00
2016.05.18 12:10:17.860,0.84292,0.84301,1.75,1.00
2016.05.18 12:10:17.911,0.84292,0.84299,1.12,1.00
2016.05.18 12:10:18.013,0.84293,0.84303,1.00,1.87
2016.05.18 12:10:18.521,0.84294,0.84304,1.00,2.62
2016.05.18 12:10:19.041,0.84295,0.84305,1.00,2.62
2016.05.18 12:10:19.546,0.84296,0.84304,1.00,1.37
2016.05.18 12:10:20.063,0.84295,0.84304,1.50,1.37
2016.05.18 12:10:20.585,0.84294,0.84304,1.00,2.62
2016.05.18 12:10:21.115,0.84294,0.84304,1.00,2.25
2016.05.18 12:10:21.590,0.84292,0.84303,1.50,2.62
2016.05.18 12:10:22.096,0.84293,0.84301,1.00,1.50
2016.05.18 12:10:22.499,0.8429,0.84297,1.12,1.00
2016.05.18 12:10:22.802,0.84288,0.84295,1.00,1.12
2016.05.18 12:10:23.005,0.84286,0.84295,1.00,1.12
2016.05.18 12:10:23.576,0.84285,0.84295,1.00,2.62
2016.05.18 12:10:23.830,0.84285,0.84292,1.00,1.00
2016.05.18 12:10:24.135,0.84283,0.84291,1.00,1.00
2016.05.18 12:10:24.790,0.84284,0.84292,1.00,1.87
2016.05.18 12:10:24.942,0.84286,0.84292,1.00,1.37
2016.05.18 12:10:25.298,0.84284,0.84293,1.50,1.87
2016.05.18 12:10:25.552,0.84286,0.84292,1.00,1.00
2016.05.18 12:10:26.093,0.84287,0.84292,1.00,1.00
2016.05.18 12:10:26.499,0.84286,0.84295,1.00,1.12
2016.05.18 12:10:26.550,0.84284,0.84293,1.12,1.00
2016.05.18 12:10:26.881,0.84284,0.84289,1.00,1.00
2016.05.18 12:10:27.670,0.84284,0.84288,1.00,1.00
2016.05.18 12:10:27.873,0.84281,0.84286,1.00,1.00
2016.05.18 12:10:28.231,0.8428,0.84288,1.50,1.00
2016.05.18 12:10:28.336,0.8428,0.8429,3.00,1.00
2016.05.18 12:10:28.539,0.84284,0.8429,1.00,1.00
2016.05.18 12:10:29.050,0.84284,0.84291,1.00,1.00
2016.05.18 12:10:29.569,0.84285,0.84292,1.00,1.00
2016.05.18 12:10:30.282,0.84286,0.84292,1.00,1.00
2016.05.18 12:10:30.738,0.84284,0.84292,1.00,1.00
2016.05.18 12:10:31.934,0.84284,0.84291,1.00,1.00
2016.05.18 12:10:34.229,0.84283,0.84291,1.00,1.00
2016.05.18 12:10:35.843,0.84283,0.8429,1.00,1.00
2016.05.18 12:10:36.395,0.84283,0.84289,1.00,1.00
2016.05.18 12:10:36.648,0.84281,0.84289,1.12,1.00
2016.05.18 12:10:37.258,0.84282,0.8429,1.00,1.00
2016.05.18 12:10:37.836,0.84281,0.84289,1.12,1.00
2016.05.18 12:10:38.649,0.84283,0.8429,1.00,1.00
2016.05.18 12:10:39.004,0.84281,0.84289,1.00,1.00
2016.05.18 12:10:39.358,0.84287,0.84293,1.00,2.25
2016.05.18 12:10:39.829,0.84287,0.84293,1.00,1.87
2016.05.18 12:10:39.931,0.84287,0.84292,1.00,1.87
2016.05.18 12:10:40.134,0.84288,0.84293,1.00,1.12
2016.05.18 12:10:40.185,0.84289,0.84293,1.00,1.12
2016.05.18 12:10:40.236,0.84289,0.84293,1.00,1.00
2016.05.18 12:10:40.288,0.84289,0.84293,1.00,1.00
2016.05.18 12:10:40.339,0.84289,0.84293,1.00,1.00
2016.05.18 12:10:40.441,0.84289,0.84293,1.12,1.00
2016.05.18 12:10:40.958,0.84295,0.84299,1.00,1.87
2016.05.18 12:10:41.060,0.84293,0.84297,1.00,1.87
2016.05.18 12:10:41.111,0.84293,0.84301,1.00,1.12
2016.05.18 12:10:41.212,0.84291,0.843,1.00,1.00
2016.05.18 12:10:41.314,0.84293,0.84299,1.00,1.00
2016.05.18 12:10:41.837,0.84294,0.84299,1.00,1.37
2016.05.18 12:10:42.040,0.84294,0.84301,1.00,1.00
2016.05.18 12:10:42.242,0.84297,0.84302,1.00,1.00
2016.05.18 12:10:42.802,0.84298,0.84303,1.00,1.00
2016.05.18 12:10:43.365,0.84299,0.84304,1.00,1.50
2016.05.18 12:10:43.416,0.84298,0.84304,1.00,1.00
2016.05.18 12:10:43.517,0.843,0.84305,1.00,1.50
2016.05.18 12:10:44.026,0.84299,0.84305,1.00,1.37
2016.05.18 12:10:44.486,0.84297,0.84305,1.00,1.37
2016.05.18 12:10:45.024,0.84297,0.84304,1.00,1.37
2016.05.18 12:10:45.280,0.84298,0.84305,1.00,1.00
2016.05.18 12:10:45.787,0.84297,0.84305,1.00,1.00
2016.05.18 12:10:46.277,0.84299,0.84304,1.00,1.00
2016.05.18 12:10:46.583,0.84303,0.84307,1.00,1.87
2016.05.18 12:10:46.888,0.84305,0.84309,1.00,1.87
2016.05.18 12:10:47.776,0.84305,0.84314,1.00,1.12
2016.05.18 12:10:48.391,0.84304,0.84314,1.00,1.87
2016.05.18 12:10:48.543,0.84302,0.84311,1.00,1.00
2016.05.18 12:10:48.883,0.84302,0.84311,1.00,1.12
2016.05.18 12:10:50.389,0.84302,0.8431,1.00,1.00
2016.05.18 12:10:50.894,0.84301,0.84311,1.00,3.37
2016.05.18 12:10:51.197,0.84298,0.84306,1.00,1.00
2016.05.18 12:10:51.724,0.84298,0.84305,1.00,1.00
2016.05.18 12:10:52.028,0.843,0.84305,1.00,1.00
2016.05.18 12:10:52.550,0.84299,0.84306,1.00,1.12
2016.05.18 12:10:53.840,0.843,0.84306,1.00,1.00
2016.05.18 12:10:54.482,0.843,0.84307,1.00,1.12
2016.05.18 12:10:55.159,0.84302,0.84307,1.00,1.50
2016.05.18 12:10:55.412,0.84301,0.8431,1.00,1.87
2016.05.18 12:10:55.564,0.84304,0.8431,1.00,1.87
2016.05.18 12:10:56.081,0.84305,0.8431,1.00,1.00
2016.05.18 12:10:56.741,0.84307,0.84311,1.00,1.00
2016.05.18 12:10:56.792,0.84308,0.84313,1.00,1.37
2016.05.18 12:10:56.894,0.84309,0.84315,1.00,1.87
2016.05.18 12:10:57.401,0.84309,0.84315,1.00,1.00
2016.05.18 12:10:58.004,0.84309,0.84317,1.00,1.37
2016.05.18 12:10:58.347,0.8431,0.84319,1.50,1.87
2016.05.18 12:10:59.708,0.8431,0.84319,1.00,1.00
2016.05.18 12:11:00.120,0.84314,0.84319,1.00,1.00
2016.05.18 12:11:00.222,0.84316,0.84324,1.00,1.10
2016.05.18 12:11:00.725,0.84316,0.84325,1.00,1.00
2016.05.18 12:11:01.237,0.84317,0.84325,1.00,1.00
2016.05.18 12:11:01.785,0.84317,0.84326,1.00,1.50
2016.05.18 12:11:02.470,0.84317,0.84325,1.00,1.00
2016.05.18 12:11:02.997,0.84316,0.84326,1.50,1.50
2016.05.18 12:11:03.603,0.84316,0.84325,1.50,1.00
2016.05.18 12:11:04.488,0.84317,0.84325,1.00,1.00
2016.05.18 12:11:04.994,0.84317,0.84326,1.00,1.00
2016.05.18 12:11:05.611,0.84318,0.84325,1.00,1.00
2016.05.18 12:11:05.780,0.84316,0.84326,1.00,1.50
2016.05.18 12:11:06.287,0.84316,0.84325,1.00,1.00
2016.05.18 12:11:07.129,0.84314,0.84322,1.00,1.00
2016.05.18 12:11:07.535,0.84314,0.84319,1.00,1.00
2016.05.18 12:11:07.636,0.84312,0.84319,1.00,1.00
2016.05.18 12:11:08.494,0.84313,0.84319,1.00,1.00
2016.05.18 12:11:08.749,0.84314,0.84324,1.00,1.00
2016.05.18 12:11:09.434,0.84313,0.84323,1.00,1.00
2016.05.18 12:11:09.940,0.84313,0.84322,1.00,1.00
2016.05.18 12:11:10.488,0.84312,0.84322,1.00,1.50
2016.05.18 12:11:11.073,0.84314,0.84321,1.00,1.00
2016.05.18 12:11:11.576,0.84314,0.84322,1.00,1.00
2016.05.18 12:11:12.339,0.84314,0.84324,1.00,1.12
2016.05.18 12:11:13.377,0.84315,0.84325,1.00,2.62
2016.05.18 12:11:15.551,0.84316,0.84324,1.00,1.12
2016.05.18 12:11:16.135,0.84315,0.84324,1.00,1.00
2016.05.18 12:11:16.287,0.84317,0.84324,1.00,1.37
2016.05.18 12:11:16.543,0.84318,0.84328,1.50,1.87
2016.05.18 12:11:16.947,0.84315,0.84322,1.37,1.00
2016.05.18 12:11:17.150,0.84312,0.8432,1.00,1.00
2016.05.18 12:11:17.676,0.84313,0.84323,1.00,1.87
2016.05.18 12:11:18.233,0.84314,0.84323,1.00,1.37
2016.05.18 12:11:18.385,0.84314,0.84324,1.00,1.87
2016.05.18 12:11:18.437,0.84316,0.84324,1.00,1.87
2016.05.18 12:11:19.094,0.84317,0.84324,1.00,1.00
2016.05.18 12:11:19.448,0.84318,0.84328,1.50,1.87
2016.05.18 12:11:19.957,0.84318,0.84328,1.00,2.25
2016.05.18 12:11:20.490,0.84321,0.84327,1.00,1.37
2016.05.18 12:11:20.592,0.84321,0.8433,1.00,1.95
2016.05.18 12:11:20.693,0.84323,0.8433,1.00,1.12
2016.05.18 12:11:20.896,0.84321,0.8433,1.12,1.00
2016.05.18 12:11:21.317,0.84323,0.8433,1.00,1.00
2016.05.18 12:11:21.742,0.84324,0.84334,1.00,2.62
2016.05.18 12:11:21.843,0.84328,0.84334,1.00,1.50
2016.05.18 12:11:22.158,0.84333,0.84337,1.00,1.00
2016.05.18 12:11:22.461,0.84335,0.84339,1.00,1.87
2016.05.18 12:11:23.226,0.84337,0.84344,1.00,1.00
2016.05.18 12:11:23.378,0.84339,0.84344,1.00,1.00
2016.05.18 12:11:24.548,0.84339,0.84347,1.00,1.00
2016.05.18 12:11:25.815,0.84339,0.84348,1.00,1.12
2016.05.18 12:11:26.191,0.84341,0.84348,1.00,1.87
2016.05.18 12:11:26.726,0.8434,0.84348,1.00,1.00
2016.05.18 12:11:27.257,0.8434,0.84349,1.00,1.12
2016.05.18 12:11:27.764,0.84339,0.84349,1.50,1.12
2016.05.18 12:11:28.098,0.84341,0.84348,1.12,1.00
2016.05.18 12:11:28.149,0.8434,0.8435,2.25,1.50
2016.05.18 12:11:29.217,0.8434,0.84348,1.50,1.00
2016.05.18 12:11:29.370,0.84339,0.84349,1.12,1.12
2016.05.18 12:11:30.171,0.84339,0.84348,1.00,1.00
2016.05.18 12:11:30.821,0.84339,0.84349,1.00,1.00
2016.05.18 12:11:31.773,0.84339,0.84348,1.00,1.00
2016.05.18 12:11:31.978,0.84338,0.84345,1.50,1.00
2016.05.18 12:11:32.029,0.84337,0.84345,1.00,1.00
2016.05.18 12:11:32.182,0.84337,0.84347,1.00,1.00
2016.05.18 12:11:32.284,0.84338,0.84347,1.50,1.00
2016.05.18 12:11:32.894,0.84339,0.84348,1.12,1.00
2016.05.18 12:11:33.954,0.84338,0.84348,1.00,1.00
2016.05.18 12:11:34.547,0.84337,0.84347,1.50,1.00
2016.05.18 12:11:34.901,0.84336,0.84345,1.00,1.00
2016.05.18 12:11:35.154,0.84332,0.84342,1.00,1.00
2016.05.18 12:11:35.673,0.84331,0.84341,1.12,1.50
2016.05.18 12:11:36.190,0.84332,0.84341,1.00,1.00
2016.05.18 12:11:36.774,0.84332,0.84342,1.00,1.50
2016.05.18 12:11:37.232,0.84333,0.8434,1.00,1.00
2016.05.18 12:11:37.435,0.84332,0.84342,1.00,1.50
2016.05.18 12:11:37.781,0.84334,0.84343,1.00,1.00
2016.05.18 12:11:38.085,0.84338,0.84346,1.00,1.76
2016.05.18 12:11:38.237,0.84336,0.84345,1.50,1.00
2016.05.18 12:11:38.798,0.84336,0.84344,1.00,1.00
2016.05.18 12:11:40.852,0.84335,0.84344,1.00,1.00
2016.05.18 12:11:41.486,0.84335,0.84345,1.00,1.00
2016.05.18 12:11:42.324,0.84335,0.84344,1.00,1.12
2016.05.18 12:11:43.187,0.84334,0.84343,1.50,1.00
2016.05.18 12:11:43.695,0.84335,0.84345,1.00,2.62
2016.05.18 12:11:44.223,0.84336,0.84344,1.00,1.00
2016.05.18 12:11:44.762,0.84336,0.84345,1.00,1.00
2016.05.18 12:11:45.311,0.84337,0.84345,1.00,1.00
2016.05.18 12:11:48.063,0.84337,0.84346,1.00,1.00
2016.05.18 12:11:48.571,0.84339,0.84346,1.00,1.00
2016.05.18 12:11:49.863,0.84339,0.84347,1.00,2.25
2016.05.18 12:11:50.102,0.84336,0.84346,1.50,1.00
2016.05.18 12:11:50.635,0.84336,0.84345,1.00,1.00
2016.05.18 12:11:51.738,0.84336,0.84344,1.00,1.00
2016.05.18 12:11:52.244,0.84336,0.84345,1.00,1.50
2016.05.18 12:11:53.749,0.84337,0.84345,1.00,1.00
2016.05.18 12:11:53.974,0.8434,0.84348,1.00,1.00
2016.05.18 12:11:54.330,0.84338,0.84348,1.00,2.62
2016.05.18 12:11:54.852,0.84337,0.84346,1.00,1.87
2016.05.18 12:11:55.374,0.84335,0.84345,2.62,1.50
2016.05.18 12:11:55.879,0.84336,0.84344,1.00,1.00
2016.05.18 12:11:56.405,0.84335,0.84344,1.00,1.00
2016.05.18 12:11:56.608,0.84337,0.84344,1.00,1.50
2016.05.18 12:11:56.793,0.84335,0.84344,1.00,1.00
2016.05.18 12:11:57.319,0.84336,0.84345,1.00,1.87
2016.05.18 12:11:57.715,0.84334,0.84342,1.00,1.00
2016.05.18 12:11:57.817,0.84334,0.84344,1.00,1.50
2016.05.18 12:11:58.070,0.84332,0.84342,1.50,1.00
2016.05.18 12:11:59.924,0.84333,0.8434,1.00,1.00
2016.05.18 12:12:00.452,0.84333,0.84341,1.00,1.50
2016.05.18 12:12:01.017,0.84332,0.84341,1.12,1.50
2016.05.18 12:12:01.913,0.84331,0.84341,1.12,1.12
2016.05.18 12:12:02.217,0.8433,0.84334,1.00,1.00
2016.05.18 12:12:02.420,0.84323,0.84332,1.25,1.87
2016.05.18 12:12:03.007,0.84325,0.84331,1.00,1.00
2016.05.18 12:12:03.210,0.84325,0.84333,1.00,1.12
2016.05.18 12:12:03.412,0.84327,0.84333,1.00,1.12
2016.05.18 12:12:03.937,0.84326,0.84334,1.00,1.37
2016.05.18 12:12:04.443,0.84327,0.84334,1.00,1.37
2016.05.18 12:12:04.544,0.84325,0.84335,1.00,2.25
2016.05.18 12:12:04.595,0.84325,0.84335,1.00,1.87
2016.05.18 12:12:05.190,0.84327,0.84335,1.00,1.12
2016.05.18 12:12:06.133,0.84326,0.84335,1.00,1.12
2016.05.18 12:12:07.799,0.84327,0.84335,1.00,1.12
2016.05.18 12:12:08.302,0.84326,0.84336,1.00,2.62
2016.05.18 12:12:09.568,0.84328,0.84335,1.00,1.12
2016.05.18 12:12:09.822,0.84328,0.84337,1.00,1.87
2016.05.18 12:12:10.642,0.84327,0.84337,1.00,2.62
2016.05.18 12:12:10.972,0.84329,0.84336,1.00,1.00
2016.05.18 12:12:12.214,0.84327,0.84337,1.00,2.62
2016.05.18 12:12:12.418,0.84327,0.84337,1.00,3.00
2016.05.18 12:12:14.124,0.84326,0.84336,1.00,1.87
2016.05.18 12:12:14.428,0.84334,0.84341,1.00,2.62
2016.05.18 12:12:14.479,0.84335,0.84341,1.00,1.87
2016.05.18 12:12:14.581,0.84337,0.84341,1.00,1.12
2016.05.18 12:12:15.276,0.84336,0.84341,1.00,1.12
2016.05.18 12:12:15.828,0.84337,0.84344,1.00,1.37
2016.05.18 12:12:15.929,0.84337,0.84346,1.00,1.87
2016.05.18 12:12:16.488,0.84336,0.84346,1.00,2.62
2016.05.18 12:12:23.056,0.84337,0.84344,1.00,1.00
2016.05.18 12:12:23.254,0.84334,0.84343,1.00,1.00
2016.05.18 12:12:23.761,0.84335,0.84344,1.00,1.87
2016.05.18 12:12:24.267,0.84336,0.84344,1.00,1.00
2016.05.18 12:12:24.859,0.84335,0.84344,1.12,1.00
2016.05.18 12:12:25.414,0.84335,0.84345,1.12,1.87
2016.05.18 12:12:25.741,0.84336,0.84343,1.00,1.00
2016.05.18 12:12:26.054,0.84335,0.84345,1.50,1.87
2016.05.18 12:12:26.560,0.84336,0.84345,1.00,1.12
2016.05.18 12:12:27.951,0.84337,0.84345,1.00,1.12
2016.05.18 12:12:28.458,0.84338,0.84345,1.00,1.12
2016.05.18 12:12:30.127,0.84337,0.84345,1.00,1.12
2016.05.18 12:12:30.670,0.84338,0.84345,1.00,1.12
2016.05.18 12:12:31.566,0.84338,0.84347,1.00,1.87
2016.05.18 12:12:32.083,0.84337,0.84347,1.00,1.87
2016.05.18 12:12:32.506,0.84339,0.84347,1.00,1.87
2016.05.18 12:12:32.558,0.84337,0.84347,1.00,1.87
2016.05.18 12:12:33.063,0.84337,0.84346,1.00,1.12
2016.05.18 12:12:35.551,0.84336,0.84346,1.00,1.87
2016.05.18 12:12:35.719,0.84338,0.84345,1.00,1.00
2016.05.18 12:12:36.303,0.84338,0.84345,1.00,1.37
2016.05.18 12:12:36.982,0.84337,0.84345,1.00,1.37
2016.05.18 12:12:37.498,0.84336,0.84345,1.00,1.37
2016.05.18 12:12:38.849,0.84337,0.84345,1.00,1.87
2016.05.18 12:12:39.503,0.84336,0.84345,1.00,1.87
2016.05.18 12:12:40.047,0.84337,0.84345,1.00,1.87
2016.05.18 12:12:40.878,0.84337,0.84345,1.00,1.50
2016.05.18 12:12:43.992,0.84337,0.84345,1.00,1.00
2016.05.18 12:12:44.511,0.84337,0.84346,1.00,1.00
2016.05.18 12:12:45.065,0.84337,0.84347,1.00,2.25
2016.05.18 12:12:45.611,0.84338,0.84347,1.00,1.00
2016.05.18 12:12:47.263,0.84339,0.84347,1.00,1.00
2016.05.18 12:12:47.767,0.84338,0.84347,1.00,1.00
2016.05.18 12:12:48.278,0.84339,0.84347,1.00,1.50
2016.05.18 12:12:48.585,0.84337,0.84345,1.00,1.12
2016.05.18 12:12:49.861,0.84337,0.84345,1.00,1.75
2016.05.18 12:12:50.014,0.84337,0.84346,1.00,2.62
2016.05.18 12:12:50.065,0.84334,0.84343,1.00,1.00
2016.05.18 12:12:50.842,0.84333,0.84343,1.87,1.00
2016.05.18 12:12:52.298,0.84333,0.84342,2.25,1.00
2016.05.18 12:12:52.838,0.84334,0.84341,1.00,1.00
2016.05.18 12:12:53.626,0.84334,0.84338,1.00,1.00
2016.05.18 12:12:53.677,0.84331,0.8434,1.50,1.00
2016.05.18 12:12:53.881,0.8433,0.84339,1.50,1.37
2016.05.18 12:12:54.286,0.84332,0.84339,1.00,1.87
2016.05.18 12:12:54.388,0.84329,0.84338,1.50,1.12
2016.05.18 12:12:54.915,0.8433,0.84339,1.00,1.37
2016.05.18 12:12:55.144,0.84332,0.84339,1.00,1.87
2016.05.18 12:12:55.498,0.84329,0.84339,1.00,2.62
2016.05.18 12:12:56.529,0.8433,0.84337,1.00,1.00
2016.05.18 12:12:57.041,0.84329,0.84338,1.00,1.37
2016.05.18 12:12:58.210,0.84332,0.8434,1.00,1.37
2016.05.18 12:12:59.157,0.84331,0.8434,1.00,1.37
2016.05.18 12:12:59.776,0.8433,0.8434,1.00,1.87
2016.05.18 12:13:00.220,0.84328,0.84338,1.50,1.00
2016.05.18 12:13:00.322,0.84326,0.84334,1.37,1.00
2016.05.18 12:13:00.661,0.84325,0.8433,1.00,1.12
2016.05.18 12:13:01.167,0.84325,0.84331,1.00,1.00
2016.05.18 12:13:01.832,0.84326,0.84331,1.00,1.00
2016.05.18 12:13:01.934,0.84326,0.84333,1.00,1.00
2016.05.18 12:13:01.985,0.84329,0.84333,1.00,1.00
2016.05.18 12:13:02.137,0.84329,0.84337,1.00,1.00
2016.05.18 12:13:02.650,0.84329,0.84339,1.50,2.00
2016.05.18 12:13:03.323,0.8433,0.84339,1.00,1.87
2016.05.18 12:13:03.839,0.8433,0.8434,1.00,1.12
2016.05.18 12:13:04.345,0.8433,0.8434,1.00,1.87
2016.05.18 12:13:05.711,0.8433,0.8434,1.00,2.62
2016.05.18 12:13:05.964,0.84328,0.84337,1.12,1.00
2016.05.18 12:13:06.015,0.84328,0.84335,1.12,1.00
2016.05.18 12:13:06.366,0.84325,0.84329,1.00,1.00
2016.05.18 12:13:06.982,0.84321,0.84329,1.00,1.50
2016.05.18 12:13:07.487,0.8432,0.84329,1.00,1.00
2016.05.18 12:13:07.539,0.84319,0.84327,1.00,1.50
2016.05.18 12:13:08.045,0.84319,0.84327,1.00,2.62
2016.05.18 12:13:08.910,0.8432,0.84327,1.00,1.87
2016.05.18 12:13:09.163,0.84321,0.84328,1.00,1.50
2016.05.18 12:13:11.078,0.8432,0.84328,1.00,1.00
2016.05.18 12:13:12.549,0.8432,0.8433,1.00,1.50
2016.05.18 12:13:12.600,0.84322,0.84331,1.00,1.87
2016.05.18 12:13:12.903,0.84327,0.84336,1.00,2.75
2016.05.18 12:13:13.409,0.84328,0.84336,1.50,1.63
2016.05.18 12:13:13.760,0.84328,0.84338,1.00,1.87
2016.05.18 12:13:14.581,0.84327,0.84331,1.00,1.00
2016.05.18 12:13:14.683,0.84326,0.84333,1.12,1.00
2016.05.18 12:13:15.204,0.84326,0.84334,1.00,1.00
2016.05.18 12:13:15.744,0.84326,0.84332,1.00,1.00
2016.05.18 12:13:16.274,0.84326,0.84331,1.12,1.00
2016.05.18 12:13:16.577,0.84323,0.84329,1.13,1.00
2016.05.18 12:13:16.931,0.84322,0.84327,1.13,1.00
2016.05.18 12:13:17.285,0.84319,0.84326,1.50,1.00
2016.05.18 12:13:17.800,0.84318,0.84326,1.17,1.00
2016.05.18 12:13:18.474,0.84316,0.84325,2.00,1.00
2016.05.18 12:13:19.003,0.84316,0.84324,1.13,1.00
2016.05.18 12:13:20.537,0.84317,0.84323,1.00,1.00
2016.05.18 12:13:21.143,0.84316,0.84323,1.00,1.00
2016.05.18 12:13:22.741,0.84316,0.84324,1.12,1.00
2016.05.18 12:13:23.095,0.84317,0.84322,1.00,1.00
2016.05.18 12:13:23.604,0.84316,0.84323,1.12,1.00
2016.05.18 12:13:24.108,0.84316,0.84324,1.12,1.00
2016.05.18 12:13:25.739,0.84316,0.84322,1.00,1.00
2016.05.18 12:13:26.044,0.84313,0.84318,1.17,1.00
2016.05.18 12:13:26.308,0.84308,0.84315,1.00,1.00
2016.05.18 12:13:26.814,0.84307,0.84315,1.00,1.00
2016.05.18 12:13:27.219,0.84309,0.84316,1.00,1.00
2016.05.18 12:13:27.533,0.8431,0.84318,1.87,1.00
2016.05.18 12:13:28.038,0.84311,0.84319,1.12,1.00
2016.05.18 12:13:29.232,0.84312,0.84319,1.00,1.00
2016.05.18 12:13:29.730,0.84312,0.84321,1.37,1.00
2016.05.18 12:13:30.056,0.84315,0.84323,1.00,1.00
2016.05.18 12:13:30.415,0.84316,0.84324,1.87,1.00
2016.05.18 12:13:30.720,0.84315,0.84321,1.00,1.00
2016.05.18 12:13:31.158,0.84313,0.84321,1.12,1.00
2016.05.18 12:13:33.328,0.84314,0.84321,1.00,1.00
2016.05.18 12:13:33.847,0.84313,0.8432,1.25,1.00
2016.05.18 12:13:34.382,0.84314,0.8432,1.00,1.00
2016.05.18 12:13:34.433,0.84312,0.8432,1.00,1.00
2016.05.18 12:13:35.047,0.84313,0.84319,1.00,1.00
2016.05.18 12:13:35.465,0.84313,0.84321,1.00,1.00
2016.05.18 12:13:36.005,0.84314,0.84321,1.00,1.00
2016.05.18 12:13:36.520,0.84313,0.8432,1.00,1.00
2016.05.18 12:13:37.325,0.84312,0.8432,1.00,1.00
2016.05.18 12:13:37.844,0.84312,0.84319,1.00,1.00
2016.05.18 12:13:38.514,0.84312,0.84318,1.00,1.00
2016.05.18 12:13:40.046,0.84311,0.84318,2.25,1.00
2016.05.18 12:13:40.530,0.84311,0.84316,2.25,1.00
2016.05.18 12:13:40.986,0.84308,0.84315,1.12,1.00
2016.05.18 12:13:44.931,0.84307,0.84316,1.87,1.00
2016.05.18 12:13:45.437,0.84308,0.84315,1.00,1.00
2016.05.18 12:13:45.953,0.84308,0.84316,1.00,1.00
2016.05.18 12:13:46.459,0.84309,0.84316,1.00,1.00
2016.05.18 12:13:47.007,0.84308,0.84314,1.00,1.00
2016.05.18 12:13:48.038,0.84306,0.84314,1.12,1.00
2016.05.18 12:13:48.311,0.84307,0.84317,1.50,1.00
2016.05.18 12:13:48.362,0.8431,0.84317,1.00,1.00
2016.05.18 12:13:48.867,0.8431,0.84318,1.50,1.00
2016.05.18 12:13:49.342,0.8431,0.84316,1.00,1.00
2016.05.18 12:13:49.695,0.84309,0.84318,1.13,1.00
2016.05.18 12:13:51.487,0.84309,0.84318,1.63,1.00
2016.05.18 12:13:51.790,0.8431,0.84315,1.00,1.00
2016.05.18 12:13:52.094,0.84305,0.84311,1.25,1.00
2016.05.18 12:13:52.507,0.84303,0.84311,1.00,1.00
2016.05.18 12:13:52.661,0.84305,0.84312,1.00,1.00
2016.05.18 12:13:53.167,0.84306,0.84313,1.00,1.00
2016.05.18 12:13:53.673,0.84306,0.84311,1.50,1.00
2016.05.18 12:13:54.078,0.84303,0.84311,1.63,1.00
2016.05.18 12:13:55.826,0.84302,0.8431,1.25,1.00
2016.05.18 12:13:56.029,0.84301,0.84308,1.50,1.00
2016.05.18 12:13:57.486,0.843,0.84308,1.00,1.00
2016.05.18 12:13:58.012,0.84299,0.84307,1.63,1.00
2016.05.18 12:14:01.043,0.84298,0.84306,1.12,1.00
2016.05.18 12:14:01.296,0.84298,0.84308,1.87,1.00
2016.05.18 12:14:01.808,0.843,0.84308,1.87,1.00
2016.05.18 12:14:02.343,0.84298,0.84307,1.87,1.00
2016.05.18 12:14:02.989,0.84298,0.84308,1.87,1.00
2016.05.18 12:14:07.973,0.84299,0.84309,1.50,1.00
2016.05.18 12:14:11.378,0.843,0.84307,1.12,1.00
2016.05.18 12:14:11.682,0.84298,0.84306,1.00,1.00
2016.05.18 12:14:12.642,0.84298,0.84304,1.00,1.00
2016.05.18 12:14:12.794,0.84296,0.84304,1.50,1.00
2016.05.18 12:14:13.199,0.84297,0.84305,1.37,1.00
2016.05.18 12:14:13.401,0.84296,0.84305,1.50,1.00
2016.05.18 12:14:13.503,0.84297,0.84305,1.37,1.00
2016.05.18 12:14:14.075,0.84297,0.84306,1.37,1.00
2016.05.18 12:14:14.329,0.84296,0.84306,1.12,1.00
2016.05.18 12:14:14.431,0.84295,0.84304,1.87,1.00
2016.05.18 12:14:14.837,0.84295,0.84301,1.37,1.00
2016.05.18 12:14:15.195,0.84295,0.84303,1.00,1.00
2016.05.18 12:14:15.700,0.84295,0.84302,1.00,1.00
2016.05.18 12:14:16.241,0.84294,0.84302,1.00,1.00
2016.05.18 12:14:16.444,0.84294,0.84304,1.87,1.00
2016.05.18 12:14:16.597,0.84294,0.84302,1.87,1.00
2016.05.18 12:14:16.802,0.84292,0.84301,1.00,1.00
2016.05.18 12:14:17.156,0.84291,0.84299,2.62,1.00
2016.05.18 12:14:17.700,0.84291,0.843,1.87,1.00
2016.05.18 12:14:18.004,0.8429,0.84298,1.87,1.00
2016.05.18 12:14:18.507,0.84291,0.84298,1.00,1.00
2016.05.18 12:14:18.710,0.84291,0.843,1.00,1.00
2016.05.18 12:14:19.224,0.84292,0.843,1.00,1.00
2016.05.18 12:14:19.950,0.84294,0.84301,1.00,1.00
2016.05.18 12:14:20.254,0.84294,0.84303,1.00,1.00
2016.05.18 12:14:20.355,0.84296,0.84304,1.00,1.00
2016.05.18 12:14:20.658,0.84299,0.84305,1.00,1.00
2016.05.18 12:14:20.861,0.84296,0.84304,1.50,1.00
2016.05.18 12:14:21.268,0.84294,0.84303,1.12,1.00
2016.05.18 12:14:21.889,0.84294,0.84304,1.87,1.00
2016.05.18 12:14:22.244,0.84296,0.84305,1.00,1.00
2016.05.18 12:14:22.549,0.84296,0.84302,1.00,1.00
2016.05.18 12:14:23.081,0.84295,0.84304,1.50,1.00
2016.05.18 12:14:24.059,0.84295,0.84305,1.87,1.00
2016.05.18 12:14:24.526,0.84296,0.84303,1.37,1.00
2016.05.18 12:14:25.032,0.84295,0.84304,2.62,1.00
2016.05.18 12:14:25.133,0.84298,0.84307,1.00,1.12
2016.05.18 12:14:25.681,0.84297,0.84307,1.00,1.87
2016.05.18 12:14:26.238,0.84296,0.84306,1.00,1.12
2016.05.18 12:14:26.746,0.84296,0.84306,1.00,1.50
2016.05.18 12:14:27.403,0.84297,0.84307,1.00,1.87
2016.05.18 12:14:27.918,0.84296,0.84306,1.00,1.00
2016.05.18 12:14:28.019,0.84298,0.84306,1.00,1.00
2016.05.18 12:14:28.172,0.84299,0.84308,1.87,1.00
2016.05.18 12:14:28.680,0.84299,0.84307,1.00,1.00
2016.05.18 12:14:28.731,0.84299,0.84305,1.00,1.00
2016.05.18 12:14:28.854,0.84297,0.84305,1.50,1.00
2016.05.18 12:14:28.905,0.84297,0.84307,1.50,1.12
2016.05.18 12:14:29.500,0.84297,0.84306,1.00,1.00
2016.05.18 12:14:29.905,0.84296,0.84304,1.50,1.00
2016.05.18 12:14:30.426,0.84297,0.84304,1.00,1.00
2016.05.18 12:14:30.578,0.84295,0.84305,1.87,1.00
2016.05.18 12:14:31.342,0.84294,0.84301,1.37,1.00
2016.05.18 12:14:31.646,0.84288,0.84292,1.25,1.00
2016.05.18 12:14:32.154,0.84289,0.84293,1.25,1.00
2016.05.18 12:14:32.663,0.84285,0.84293,1.87,1.00
2016.05.18 12:14:33.260,0.84285,0.84294,1.87,1.00
2016.05.18 12:14:33.791,0.84285,0.84293,1.12,1.00
2016.05.18 12:14:36.756,0.84284,0.84294,2.62,1.00
2016.05.18 12:14:37.177,0.84287,0.84295,1.00,1.12
2016.05.18 12:14:37.482,0.8429,0.84297,1.00,1.00
2016.05.18 12:14:37.583,0.84288,0.84297,1.00,1.00
2016.05.18 12:14:38.093,0.84289,0.84297,1.00,1.00
2016.05.18 12:14:38.634,0.84288,0.84297,1.00,1.00
2016.05.18 12:14:38.988,0.8429,0.84297,1.00,1.00
2016.05.18 12:14:39.090,0.84292,0.843,1.00,1.00
2016.05.18 12:14:39.626,0.84293,0.843,1.00,1.00
2016.05.18 12:14:40.774,0.84291,0.843,1.00,1.00
2016.05.18 12:14:40.825,0.84289,0.84298,1.87,1.00
2016.05.18 12:14:41.129,0.84291,0.84299,1.00,1.37
2016.05.18 12:14:41.282,0.84291,0.843,1.00,1.00
2016.05.18 12:14:42.099,0.84292,0.843,1.00,1.50
2016.05.18 12:14:43.402,0.84293,0.84303,1.00,1.50
2016.05.18 12:14:43.503,0.84295,0.84305,1.00,1.87
2016.05.18 12:14:44.009,0.84296,0.84305,1.00,1.12
2016.05.18 12:14:44.520,0.84297,0.84305,1.00,1.00
2016.05.18 12:14:45.311,0.84297,0.84304,1.00,1.00
2016.05.18 12:14:45.362,0.84295,0.84304,1.50,1.00
2016.05.18 12:14:45.881,0.84296,0.84305,1.00,1.00
2016.05.18 12:14:46.415,0.84295,0.84305,1.50,1.00
2016.05.18 12:14:47.047,0.84297,0.84306,1.00,1.12
2016.05.18 12:14:48.787,0.84297,0.84305,1.00,1.00
2016.05.18 12:14:49.391,0.84297,0.84304,1.00,1.00
2016.05.18 12:14:50.140,0.84297,0.84306,1.00,1.00
2016.05.18 12:14:50.414,0.84297,0.84304,1.12,1.00
2016.05.18 12:14:51.553,0.84295,0.84305,3.37,1.00
2016.05.18 12:14:52.060,0.84297,0.84305,1.87,1.00
2016.05.18 12:14:52.468,0.84297,0.84307,2.62,1.00
2016.05.18 12:14:52.672,0.84298,0.84308,3.00,1.50
2016.05.18 12:14:53.228,0.84301,0.84308,1.00,1.50
2016.05.18 12:14:53.766,0.843,0.84308,1.12,1.50
2016.05.18 12:14:54.272,0.843,0.84307,1.00,1.00
2016.05.18 12:14:54.573,0.84298,0.84307,2.25,1.00
2016.05.18 12:14:54.726,0.84298,0.84308,2.62,1.00
2016.05.18 12:14:55.333,0.84298,0.84307,1.87,1.00
2016.05.18 12:14:55.435,0.84297,0.84307,1.87,1.00
2016.05.18 12:14:56.032,0.84298,0.84307,1.00,1.12
2016.05.18 12:14:57.322,0.84297,0.84307,1.87,1.00
2016.05.18 12:14:57.728,0.84298,0.84305,1.50,1.00
2016.05.18 12:14:57.779,0.84298,0.84307,1.00,1.00
2016.05.18 12:14:58.036,0.84295,0.84302,1.87,1.00
2016.05.18 12:14:58.137,0.84295,0.84304,1.12,1.00
2016.05.18 12:14:58.340,0.84295,0.84301,1.00,1.00
2016.05.18 12:14:58.846,0.84295,0.84302,1.00,1.00
2016.05.18 12:14:59.070,0.84293,0.84302,1.00,1.00
2016.05.18 12:14:59.273,0.84296,0.84303,1.00,1.00
2016.05.18 12:14:59.425,0.84296,0.84305,1.50,1.12
2016.05.18 12:14:59.476,0.84297,0.84306,2.25,1.50
2016.05.18 12:14:59.527,0.84298,0.84307,1.50,1.00
2016.05.18 12:14:59.578,0.843,0.84307,1.00,1.00
2016.05.18 12:14:59.988,0.84302,0.84307,1.00,1.00
2016.05.18 12:15:00.191,0.84303,0.84313,1.00,1.87
2016.05.18 12:15:00.646,0.84305,0.84314,1.00,1.12
2016.05.18 12:15:00.949,0.84308,0.84314,1.00,1.00
2016.05.18 12:15:01.253,0.84306,0.84314,1.12,1.00
2016.05.18 12:15:01.557,0.84304,0.84314,1.12,1.50
2016.05.18 12:15:01.782,0.84304,0.84311,1.00,1.00
2016.05.18 12:15:01.884,0.84302,0.84311,1.50,1.00
2016.05.18 12:15:02.404,0.84303,0.84312,1.00,1.00
2016.05.18 12:15:02.811,0.84301,0.84311,1.50,1.00
2016.05.18 12:15:02.963,0.84301,0.84311,1.50,1.87
2016.05.18 12:15:03.469,0.84303,0.84311,1.00,1.75
2016.05.18 12:15:03.665,0.84303,0.84311,1.00,1.00
2016.05.18 12:15:04.171,0.84303,0.84313,1.50,1.87
2016.05.18 12:15:04.694,0.84304,0.84313,1.00,1.12
2016.05.18 12:15:05.200,0.84304,0.84312,1.50,1.00
2016.05.18 12:15:05.718,0.84303,0.84312,1.50,1.00
2016.05.18 12:15:06.265,0.84304,0.84312,1.00,1.00
2016.05.18 12:15:06.922,0.84304,0.84313,1.50,1.87
2016.05.18 12:15:08.284,0.84304,0.84312,1.00,1.00
2016.05.18 12:15:08.834,0.84304,0.84313,1.00,1.00
2016.05.18 12:15:09.492,0.84304,0.84312,1.50,1.00
2016.05.18 12:15:10.029,0.84303,0.84313,1.50,1.12
2016.05.18 12:15:10.181,0.84304,0.84311,1.00,1.00
2016.05.18 12:15:10.232,0.84303,0.84313,1.00,1.12
2016.05.18 12:15:10.434,0.84303,0.84311,1.00,1.00
2016.05.18 12:15:10.737,0.84304,0.84313,1.00,2.25
2016.05.18 12:15:11.050,0.84306,0.84313,1.00,1.00
2016.05.18 12:15:11.354,0.84304,0.84314,1.50,1.87
2016.05.18 12:15:11.506,0.84304,0.84314,1.50,2.62
2016.05.18 12:15:12.290,0.84304,0.84314,1.50,1.00
2016.05.18 12:15:12.832,0.84304,0.84313,1.00,1.00
2016.05.18 12:15:13.435,0.84305,0.84312,1.00,1.00
2016.05.18 12:15:13.536,0.84304,0.84314,1.50,1.00
2016.05.18 12:15:15.314,0.84304,0.84313,1.00,1.00
2016.05.18 12:15:15.416,0.84303,0.84311,1.00,1.00
2016.05.18 12:15:15.619,0.84301,0.8431,1.63,1.00
2016.05.18 12:15:16.158,0.84302,0.8431,1.00,1.00
2016.05.18 12:15:16.513,0.843,0.84308,1.87,1.00
2016.05.18 12:15:17.017,0.84301,0.84308,1.00,1.00
2016.05.18 12:15:17.522,0.84301,0.84309,1.00,1.00
2016.05.18 12:15:18.149,0.843,0.84309,1.12,1.00
2016.05.18 12:15:18.682,0.84301,0.84309,1.00,1.00
2016.05.18 12:15:19.688,0.84301,0.8431,1.00,1.00
2016.05.18 12:15:19.992,0.84303,0.84311,1.00,1.00
2016.05.18 12:15:20.347,0.843,0.84304,1.12,1.00
2016.05.18 12:15:20.637,0.84294,0.84299,1.25,1.00
2016.05.18 12:15:20.943,0.84291,0.84298,1.50,1.00
2016.05.18 12:15:21.451,0.84291,0.84299,1.50,1.00
2016.05.18 12:15:22.110,0.84292,0.843,1.12,1.00
2016.05.18 12:15:22.739,0.84292,0.84298,1.12,1.00
2016.05.18 12:15:22.994,0.84292,0.843,1.12,1.00
2016.05.18 12:15:23.303,0.84292,0.84297,1.12,1.00
2016.05.18 12:15:23.615,0.8429,0.84298,1.00,1.00
2016.05.18 12:15:23.666,0.84292,0.843,1.00,1.12
2016.05.18 12:15:24.172,0.84293,0.843,1.00,1.00
2016.05.18 12:15:24.273,0.84293,0.84302,1.00,1.00
2016.05.18 12:15:24.325,0.84296,0.84301,1.00,1.00
2016.05.18 12:15:24.426,0.84296,0.84304,1.00,1.00
2016.05.18 12:15:24.773,0.84298,0.84305,1.00,1.00
2016.05.18 12:15:25.279,0.84299,0.84305,1.00,1.00
2016.05.18 12:15:25.802,0.843,0.84305,1.00,1.00
2016.05.18 12:15:26.058,0.84299,0.84307,1.00,1.00
2016.05.18 12:15:26.470,0.84301,0.84307,1.00,1.00
2016.05.18 12:15:26.863,0.84298,0.84306,1.00,1.00
2016.05.18 12:15:28.779,0.84298,0.84305,1.12,1.00
2016.05.18 12:15:29.032,0.843,0.84306,1.00,1.00
2016.05.18 12:15:29.545,0.843,0.84307,1.00,1.00
2016.05.18 12:15:30.004,0.84297,0.84307,1.12,1.00
2016.05.18 12:15:30.257,0.84302,0.84308,1.00,1.00
2016.05.18 12:15:30.760,0.84301,0.84307,1.00,1.00
2016.05.18 12:15:31.064,0.84299,0.84307,1.00,1.00
2016.05.18 12:15:31.268,0.84301,0.84306,1.00,1.00
2016.05.18 12:15:31.815,0.84302,0.84307,1.00,1.00
2016.05.18 12:15:32.119,0.843,0.84306,1.00,1.00
2016.05.18 12:15:32.220,0.84299,0.84303,1.00,1.00
2016.05.18 12:15:32.271,0.84296,0.84303,1.50,1.00
2016.05.18 12:15:32.373,0.84295,0.84301,1.12,1.00
2016.05.18 12:15:32.841,0.84298,0.84303,1.00,1.00
2016.05.18 12:15:32.943,0.84299,0.84305,1.00,1.00
2016.05.18 12:15:33.145,0.843,0.84307,1.00,1.00
2016.05.18 12:15:33.651,0.84301,0.84308,1.00,1.00
2016.05.18 12:15:34.180,0.84302,0.84308,1.00,1.00
2016.05.18 12:15:34.693,0.84302,0.84309,1.00,1.00
2016.05.18 12:15:35.238,0.84303,0.84309,1.00,1.00
2016.05.18 12:15:35.746,0.84304,0.84308,1.00,1.00
2016.05.18 12:15:35.848,0.84302,0.84308,1.00,1.00
2016.05.18 12:15:36.515,0.84301,0.84309,1.00,1.00
2016.05.18 12:15:37.234,0.84301,0.84307,1.00,1.00
2016.05.18 12:15:37.790,0.843,0.84306,1.50,1.00
2016.05.18 12:15:38.321,0.843,0.84307,1.00,1.00
2016.05.18 12:15:39.907,0.843,0.84306,1.12,1.00
2016.05.18 12:15:40.518,0.84299,0.84307,1.87,1.00
2016.05.18 12:15:41.392,0.84298,0.84307,2.25,1.00
2016.05.18 12:15:41.781,0.843,0.84307,1.00,1.00
2016.05.18 12:15:42.305,0.843,0.84308,1.00,1.00
2016.05.18 12:15:42.633,0.84299,0.84304,1.37,1.00
2016.05.18 12:15:42.684,0.84295,0.84301,1.00,1.00
2016.05.18 12:15:42.735,0.84295,0.84299,1.00,1.00
2016.05.18 12:15:42.786,0.84293,0.84299,2.25,1.00
2016.05.18 12:15:43.296,0.84293,0.843,2.25,1.00
2016.05.18 12:15:43.802,0.84293,0.84302,1.12,1.00
2016.05.18 12:15:44.408,0.84295,0.84303,1.50,1.00
2016.05.18 12:15:44.712,0.84297,0.84303,1.00,1.00
2016.05.18 12:15:45.220,0.84297,0.84304,1.00,1.00
2016.05.18 12:15:46.424,0.84295,0.84304,1.87,1.00
2016.05.18 12:15:47.195,0.84295,0.84303,1.87,1.00
2016.05.18 12:15:47.499,0.84294,0.84301,1.00,1.00
2016.05.18 12:15:48.052,0.84294,0.84302,1.00,1.00
2016.05.18 12:15:49.013,0.84294,0.84303,1.00,1.00
2016.05.18 12:15:49.317,0.84296,0.84302,1.00,1.00
2016.05.18 12:15:50.093,0.84296,0.84303,1.00,1.00
2016.05.18 12:15:50.923,0.84296,0.84304,1.00,1.00
2016.05.18 12:15:51.228,0.84298,0.84304,1.00,1.00
2016.05.18 12:15:51.532,0.84295,0.84302,1.00,1.00
2016.05.18 12:15:52.045,0.84295,0.84301,1.00,1.00
2016.05.18 12:15:52.580,0.84293,0.84301,1.87,1.00
2016.05.18 12:15:54.068,0.84294,0.84302,1.12,1.00
2016.05.18 12:15:54.573,0.84295,0.84302,1.00,1.00
2016.05.18 12:15:55.134,0.84295,0.84303,1.12,1.00
2016.05.18 12:15:55.676,0.84299,0.84306,1.00,1.00
2016.05.18 12:15:56.186,0.84299,0.84308,1.00,2.75
2016.05.18 12:15:56.832,0.84299,0.84308,1.00,1.63
2016.05.18 12:15:58.158,0.84299,0.84307,1.00,1.00
2016.05.18 12:15:58.723,0.84299,0.84308,1.00,2.38
2016.05.18 12:15:59.026,0.84299,0.84308,1.00,2.00
2016.05.18 12:15:59.535,0.84298,0.84307,1.00,1.00
2016.05.18 12:16:00.116,0.84299,0.84308,1.00,2.00
2016.05.18 12:16:00.962,0.843,0.84308,1.00,2.00
2016.05.18 12:16:01.620,0.84299,0.84308,1.00,1.54
2016.05.18 12:16:02.166,0.843,0.84308,1.00,1.50
2016.05.18 12:16:03.233,0.843,0.84307,1.00,1.00
2016.05.18 12:16:03.764,0.84299,0.84307,1.00,1.12
2016.05.18 12:16:04.328,0.843,0.84308,1.00,2.00
2016.05.18 12:16:04.856,0.84299,0.84308,1.00,2.00
2016.05.18 12:16:07.116,0.843,0.84307,1.00,1.12
2016.05.18 12:16:09.000,0.843,0.84305,1.00,1.00
2016.05.18 12:16:09.253,0.843,0.84308,1.00,2.00
2016.05.18 12:16:09.760,0.84299,0.84307,1.00,1.12
2016.05.18 12:16:10.645,0.84299,0.84307,1.00,2.00
2016.05.18 12:16:11.303,0.843,0.84307,1.00,1.25
2016.05.18 12:16:11.824,0.84303,0.84309,1.00,2.00
2016.05.18 12:16:11.876,0.84303,0.84309,1.00,1.87
2016.05.18 12:16:13.556,0.84302,0.84309,1.00,1.37
2016.05.18 12:16:14.682,0.84303,0.84309,1.00,1.37
2016.05.18 12:16:15.226,0.84304,0.84311,1.00,5.75
2016.05.18 12:16:15.277,0.84304,0.84311,1.00,2.75
2016.05.18 12:16:15.915,0.84303,0.8431,1.00,1.25
2016.05.18 12:16:16.375,0.84303,0.84309,1.00,1.37
2016.05.18 12:16:17.507,0.84302,0.84309,1.00,1.37
2016.05.18 12:16:17.935,0.843,0.84308,1.00,1.00
2016.05.18 12:16:19.629,0.843,0.84309,1.00,1.50
2016.05.18 12:16:20.706,0.84301,0.84309,1.00,1.50
2016.05.18 12:16:21.111,0.84303,0.84309,1.00,1.00
2016.05.18 12:16:21.617,0.84304,0.8431,1.00,1.00
2016.05.18 12:16:21.991,0.84305,0.84313,1.00,1.87
2016.05.18 12:16:22.347,0.84305,0.84314,1.00,1.87
2016.05.18 12:16:22.879,0.84306,0.84314,1.00,1.87
2016.05.18 12:16:23.375,0.84304,0.84311,1.00,1.00
2016.05.18 12:16:23.679,0.84301,0.84311,1.00,2.25
2016.05.18 12:16:23.781,0.843,0.84307,1.00,1.12
2016.05.18 12:16:24.294,0.84298,0.84306,1.13,1.00
2016.05.18 12:16:25.589,0.84298,0.84306,1.00,1.00
2016.05.18 12:16:26.120,0.84298,0.84307,1.00,1.12
2016.05.18 12:16:26.577,0.84298,0.84305,1.00,1.00
2016.05.18 12:16:27.126,0.84298,0.84306,1.00,1.00
2016.05.18 12:16:27.556,0.843,0.84306,1.00,1.00
2016.05.18 12:16:28.062,0.84299,0.84306,1.00,1.00
2016.05.18 12:16:28.568,0.84298,0.84306,1.00,1.00
2016.05.18 12:16:29.098,0.84298,0.84305,1.00,1.00
2016.05.18 12:16:29.600,0.84298,0.84304,1.00,1.00
2016.05.18 12:16:30.211,0.84298,0.84303,1.00,1.00
2016.05.18 12:16:30.262,0.84296,0.84303,1.00,1.00
2016.05.18 12:16:30.770,0.84297,0.84302,1.00,1.00
2016.05.18 12:16:30.923,0.84297,0.84304,1.00,1.50
2016.05.18 12:16:31.448,0.84298,0.84305,1.00,1.00
2016.05.18 12:16:31.954,0.84299,0.84306,1.00,1.50
2016.05.18 12:16:32.526,0.843,0.84307,1.00,1.00
2016.05.18 12:16:33.036,0.843,0.84308,1.00,1.12
2016.05.18 12:16:33.516,0.84302,0.84308,1.00,1.12
2016.05.18 12:16:34.031,0.84302,0.84309,1.00,1.00
2016.05.18 12:16:34.335,0.84302,0.84307,1.00,1.00
2016.05.18 12:16:34.588,0.84302,0.8431,1.00,1.12
2016.05.18 12:16:35.172,0.84303,0.8431,1.00,1.00
2016.05.18 12:16:35.698,0.84302,0.8431,1.00,1.00
2016.05.18 12:16:36.203,0.84302,0.84309,1.00,1.00
2016.05.18 12:16:37.157,0.84302,0.8431,1.00,1.00
2016.05.18 12:16:37.359,0.84301,0.84308,1.12,1.00
2016.05.18 12:16:38.256,0.84302,0.84309,1.00,1.50
2016.05.18 12:16:38.458,0.843,0.84309,1.00,1.00
2016.05.18 12:16:39.095,0.84301,0.84309,1.00,1.50
2016.05.18 12:16:39.614,0.843,0.84309,1.00,1.50
2016.05.18 12:16:39.665,0.84299,0.84307,1.00,1.00
2016.05.18 12:16:40.320,0.84299,0.84306,1.00,1.00
2016.05.18 12:16:40.581,0.843,0.84308,1.00,1.12
2016.05.18 12:16:41.088,0.84301,0.84308,1.00,1.00
2016.05.18 12:16:41.593,0.84301,0.84309,1.00,1.50
2016.05.18 12:16:41.933,0.843,0.84306,1.00,1.00
2016.05.18 12:16:41.984,0.84298,0.84306,1.12,1.00
2016.05.18 12:16:42.440,0.843,0.84306,1.00,1.00
2016.05.18 12:16:42.542,0.843,0.84308,1.00,1.50
2016.05.18 12:16:43.303,0.843,0.84307,1.00,1.00
2016.05.18 12:16:43.960,0.84299,0.84307,1.00,1.00
2016.05.18 12:16:44.266,0.84299,0.84309,1.00,2.62
2016.05.18 12:16:44.767,0.84299,0.84308,1.00,1.87
2016.05.18 12:16:45.272,0.84299,0.84307,1.00,1.00
2016.05.18 12:16:45.983,0.84298,0.84307,1.00,1.00
2016.05.18 12:16:46.269,0.84298,0.84305,1.00,1.00
2016.05.18 12:16:46.780,0.84298,0.84306,1.00,1.00
2016.05.18 12:16:48.136,0.84297,0.84305,1.12,1.00
2016.05.18 12:16:48.642,0.84296,0.84305,1.00,1.00
2016.05.18 12:16:49.178,0.84297,0.84306,1.00,2.25
2016.05.18 12:16:49.690,0.84298,0.84306,1.00,1.50
2016.05.18 12:16:49.994,0.84295,0.84302,1.87,1.00
2016.05.18 12:16:50.500,0.84295,0.84301,1.37,1.00
2016.05.18 12:16:51.248,0.84295,0.843,1.37,1.00
2016.05.18 12:16:51.785,0.84296,0.84302,1.37,1.00
2016.05.18 12:16:53.051,0.84296,0.84301,1.37,1.00
2016.05.18 12:16:53.203,0.84295,0.84299,1.50,1.00
2016.05.18 12:16:53.557,0.84294,0.84301,1.87,1.00
2016.05.18 12:16:53.709,0.84294,0.84304,2.62,1.00
2016.05.18 12:16:53.862,0.84297,0.84304,1.00,1.00
2016.05.18 12:16:54.365,0.84297,0.84303,1.37,1.00
2016.05.18 12:16:54.885,0.84297,0.84303,1.00,1.00
2016.05.18 12:16:55.405,0.84296,0.84302,1.12,1.00
2016.05.18 12:16:56.679,0.84297,0.84302,1.00,1.00
2016.05.18 12:16:57.186,0.84295,0.84302,1.87,1.00
2016.05.18 12:16:58.644,0.84295,0.84301,1.50,1.00
2016.05.18 12:16:59.150,0.84294,0.84301,1.87,1.00
2016.05.18 12:16:59.660,0.84294,0.84302,1.87,1.00
2016.05.18 12:16:59.762,0.84296,0.84304,1.00,1.00
2016.05.18 12:17:00.294,0.84297,0.84305,1.00,1.00
2016.05.18 12:17:00.819,0.84298,0.84305,1.00,1.00
2016.05.18 12:17:01.327,0.84298,0.84306,1.00,1.00
2016.05.18 12:17:01.939,0.84299,0.84306,1.00,1.00
2016.05.18 12:17:02.405,0.84296,0.84304,1.00,1.00
2016.05.18 12:17:02.911,0.84295,0.84304,1.87,1.00
2016.05.18 12:17:02.962,0.84298,0.84306,1.00,1.00
2016.05.18 12:17:03.469,0.84298,0.84306,1.87,1.00
2016.05.18 12:17:04.226,0.84298,0.84305,1.87,1.00
2016.05.18 12:17:04.764,0.84298,0.84306,1.87,1.00
2016.05.18 12:17:05.270,0.843,0.84307,1.00,1.00
2016.05.18 12:17:05.951,0.843,0.84305,1.00,1.00
2016.05.18 12:17:06.255,0.84296,0.84303,1.12,1.00
2016.05.18 12:17:06.479,0.84296,0.84303,1.75,1.00
2016.05.18 12:17:06.530,0.84296,0.84303,1.12,1.00
2016.05.18 12:17:06.732,0.84298,0.84305,1.00,1.00
2016.05.18 12:17:06.783,0.84298,0.84307,1.50,1.50
2016.05.18 12:17:06.835,0.84299,0.84307,1.37,1.50
2016.05.18 12:17:06.886,0.84301,0.8431,1.00,1.00
2016.05.18 12:17:07.038,0.84302,0.84311,2.25,1.00
2016.05.18 12:17:07.345,0.84302,0.84308,1.50,1.00
2016.05.18 12:17:07.550,0.84299,0.84306,1.37,1.00
2016.05.18 12:17:07.652,0.84298,0.84306,1.50,1.00
2016.05.18 12:17:08.255,0.84298,0.84307,1.50,1.00
2016.05.18 12:17:08.824,0.84297,0.84304,1.50,1.00
2016.05.18 12:17:09.077,0.84295,0.84304,1.50,1.00
2016.05.18 12:17:09.179,0.84296,0.84306,1.50,1.50
2016.05.18 12:17:09.785,0.84297,0.84305,1.12,1.00
2016.05.18 12:17:10.295,0.84297,0.84306,1.00,1.00
2016.05.18 12:17:10.835,0.84297,0.84305,1.00,1.00
2016.05.18 12:17:12.453,0.84297,0.84306,1.00,1.00
2016.05.18 12:17:12.757,0.84297,0.84306,2.62,1.00
2016.05.18 12:17:13.555,0.84298,0.84307,1.50,1.00
2016.05.18 12:17:14.746,0.84298,0.84306,1.50,1.00
2016.05.18 12:17:15.278,0.84298,0.84307,1.50,1.00
2016.05.18 12:17:15.817,0.84298,0.84307,2.62,1.00
2016.05.18 12:17:16.335,0.843,0.84308,1.12,1.00
2016.05.18 12:17:17.644,0.84298,0.84307,1.87,1.00
2016.05.18 12:17:18.151,0.84299,0.84308,1.12,1.00
2016.05.18 12:17:18.501,0.843,0.84308,1.50,1.00
2016.05.18 12:17:19.745,0.843,0.84309,1.50,1.00
2016.05.18 12:17:20.251,0.843,0.84308,2.25,1.00
2016.05.18 12:17:20.884,0.843,0.84307,1.50,1.00
2016.05.18 12:17:21.850,0.84301,0.84308,1.12,1.00
2016.05.18 12:17:22.462,0.843,0.84307,1.50,1.00
2016.05.18 12:17:22.614,0.84298,0.84306,1.37,1.00
2016.05.18 12:17:22.716,0.84296,0.84306,2.62,1.00
2016.05.18 12:17:22.969,0.84296,0.84304,1.87,1.00
2016.05.18 12:17:23.506,0.84295,0.84304,2.62,1.00
2016.05.18 12:17:24.023,0.84296,0.84305,1.12,1.00
2016.05.18 12:17:24.584,0.84299,0.84308,1.00,1.87
2016.05.18 12:17:24.932,0.84297,0.84306,1.87,1.00
2016.05.18 12:17:25.090,0.84297,0.84305,1.87,1.00
2016.05.18 12:17:25.596,0.84297,0.84303,1.12,1.00
2016.05.18 12:17:26.102,0.84298,0.84302,1.00,1.00
2016.05.18 12:17:26.595,0.84295,0.84302,2.62,1.00
2016.05.18 12:17:27.101,0.84297,0.84301,1.00,1.00
2016.05.18 12:17:27.611,0.84297,0.84302,1.00,1.00
2016.05.18 12:17:28.159,0.84297,0.84303,1.00,1.00
2016.05.18 12:17:29.520,0.84297,0.84304,1.00,1.00
2016.05.18 12:17:30.460,0.84297,0.84303,1.00,1.00
2016.05.18 12:17:31.324,0.84297,0.84304,1.00,1.00
2016.05.18 12:17:32.018,0.84297,0.84303,1.00,1.00
2016.05.18 12:17:32.523,0.84297,0.84302,1.00,1.00
2016.05.18 12:17:33.030,0.84297,0.84301,1.00,1.00
2016.05.18 12:17:33.459,0.84293,0.843,1.12,1.00
2016.05.18 12:17:37.047,0.84293,0.843,1.87,1.00
2016.05.18 12:17:42.873,0.84293,0.84299,1.37,1.00
2016.05.18 12:17:43.920,0.84293,0.843,1.37,1.00
2016.05.18 12:17:44.464,0.84294,0.84301,1.50,1.00
2016.05.18 12:17:44.768,0.84295,0.84299,1.12,1.00
2016.05.18 12:17:45.273,0.84294,0.84299,1.50,1.00
2016.05.18 12:17:45.531,0.84294,0.84301,1.50,1.00
2016.05.18 12:17:46.037,0.84296,0.84302,1.12,1.00
2016.05.18 12:17:46.138,0.84298,0.84302,1.00,1.00
2016.05.18 12:17:46.644,0.84298,0.84304,1.00,1.00
2016.05.18 12:17:46.793,0.84298,0.84302,1.00,1.00
2016.05.18 12:17:46.845,0.84296,0.84301,1.00,1.00
2016.05.18 12:17:47.350,0.84295,0.84301,1.00,1.00
2016.05.18 12:17:48.951,0.84295,0.84302,1.00,1.00
2016.05.18 12:17:49.468,0.84295,0.84301,1.00,1.00
2016.05.18 12:17:50.371,0.84295,0.84302,1.00,1.00
2016.05.18 12:17:50.892,0.84296,0.84302,1.00,1.00
2016.05.18 12:17:51.587,0.84296,0.843,1.00,1.00
2016.05.18 12:17:51.842,0.84296,0.84302,1.00,1.00
2016.05.18 12:17:52.384,0.84296,0.84303,1.00,1.00
2016.05.18 12:17:54.157,0.84296,0.84302,1.00,1.00
2016.05.18 12:17:55.976,0.84296,0.84301,1.00,1.00
2016.05.18 12:17:56.507,0.84296,0.84302,1.00,1.00
2016.05.18 12:17:56.659,0.84292,0.84302,1.87,1.00
2016.05.18 12:17:57.557,0.84292,0.843,1.37,1.00
2016.05.18 12:17:59.215,0.84293,0.84301,1.12,1.00
2016.05.18 12:17:59.760,0.84294,0.84302,1.00,1.00
2016.05.18 12:18:00.265,0.84297,0.84303,1.00,1.00
2016.05.18 12:18:01.987,0.84297,0.84304,1.00,1.00
2016.05.18 12:18:02.506,0.84297,0.84303,1.00,1.00
2016.05.18 12:18:03.394,0.84296,0.84303,1.00,1.00
2016.05.18 12:18:03.900,0.84297,0.84303,1.00,1.00
2016.05.18 12:18:06.330,0.84297,0.84302,1.00,1.00
2016.05.18 12:18:06.381,0.84295,0.84302,1.00,1.00
2016.05.18 12:18:07.089,0.84294,0.84302,1.12,1.00
2016.05.18 12:18:09.732,0.84294,0.84301,1.00,1.00
2016.05.18 12:18:09.936,0.84293,0.84297,1.00,1.00
2016.05.18 12:18:09.987,0.84293,0.84298,1.00,1.00
2016.05.18 12:18:10.038,0.84293,0.84297,1.00,1.00
2016.05.18 12:18:10.089,0.84289,0.84293,1.50,1.00
2016.05.18 12:18:10.191,0.84285,0.84293,1.00,1.00
2016.05.18 12:18:10.453,0.84288,0.84296,1.00,1.87
2016.05.18 12:18:11.901,0.84289,0.84296,1.00,1.87
2016.05.18 12:18:13.971,0.84288,0.84297,1.00,1.12
2016.05.18 12:18:14.532,0.84287,0.84295,1.00,1.87
2016.05.18 12:18:15.040,0.84288,0.84294,1.00,1.12
2016.05.18 12:18:15.545,0.84288,0.84293,1.00,1.00
2016.05.18 12:18:16.339,0.84287,0.84293,1.00,1.00
2016.05.18 12:18:17.262,0.84287,0.84292,1.00,1.00
2016.05.18 12:18:19.451,0.84287,0.84294,1.00,1.12
2016.05.18 12:18:19.704,0.84284,0.84294,1.00,1.87
2016.05.18 12:18:19.806,0.84283,0.84291,1.00,1.00
2016.05.18 12:18:20.135,0.84286,0.84291,1.00,1.00
2016.05.18 12:18:20.641,0.84285,0.84293,1.00,2.25
2016.05.18 12:18:21.024,0.84286,0.84294,1.00,2.25
2016.05.18 12:18:21.594,0.84287,0.84293,1.00,1.12
2016.05.18 12:18:22.099,0.84288,0.84293,1.00,1.12
2016.05.18 12:18:23.153,0.84287,0.84293,1.00,1.12
2016.05.18 12:18:23.658,0.84286,0.84293,1.00,1.12
2016.05.18 12:18:25.251,0.84285,0.84293,1.00,1.12
2016.05.18 12:18:27.426,0.84285,0.84293,1.00,1.50
2016.05.18 12:18:28.016,0.84284,0.84293,1.00,1.87
2016.05.18 12:18:28.549,0.84285,0.84292,1.00,1.12
2016.05.18 12:18:29.430,0.84283,0.84292,1.00,1.12
2016.05.18 12:18:29.734,0.84286,0.84294,1.00,3.75
2016.05.18 12:18:30.039,0.84289,0.84294,1.00,1.00
2016.05.18 12:18:30.528,0.84287,0.84294,1.00,1.00
2016.05.18 12:18:30.932,0.84285,0.84294,1.00,1.12
2016.05.18 12:18:31.791,0.84287,0.84294,1.00,1.12
2016.05.18 12:18:32.447,0.84286,0.84295,1.00,1.37
2016.05.18 12:18:32.973,0.84287,0.84295,1.00,1.37
2016.05.18 12:18:33.327,0.84289,0.84294,1.00,1.12
2016.05.18 12:18:33.631,0.84291,0.84295,1.00,1.00
2016.05.18 12:18:34.474,0.8429,0.84294,1.50,1.00
2016.05.18 12:18:34.526,0.8429,0.84299,1.50,1.00
2016.05.18 12:18:35.068,0.84289,0.84299,1.50,1.00
2016.05.18 12:18:35.170,0.8429,0.84297,1.00,1.00
2016.05.18 12:18:35.221,0.84289,0.84299,1.50,1.00
2016.05.18 12:18:35.754,0.84289,0.84298,1.50,1.00
2016.05.18 12:18:35.956,0.84286,0.84294,1.50,1.00
2016.05.18 12:18:36.269,0.84288,0.84293,1.00,1.87
2016.05.18 12:18:36.320,0.84284,0.84293,1.50,1.87
2016.05.18 12:18:36.371,0.84286,0.84293,1.50,1.37
2016.05.18 12:18:36.574,0.84286,0.84296,1.50,1.50
2016.05.18 12:18:36.726,0.84288,0.84296,1.00,1.00
2016.05.18 12:18:37.031,0.84291,0.84297,1.00,1.00
2016.05.18 12:18:37.487,0.84291,0.84295,1.00,1.00
2016.05.18 12:18:37.942,0.8429,0.84297,1.12,1.00
2016.05.18 12:18:38.474,0.84291,0.84297,1.00,1.00
2016.05.18 12:18:38.980,0.84291,0.84298,1.00,1.00
2016.05.18 12:18:39.081,0.84291,0.84295,1.00,1.00
2016.05.18 12:18:39.132,0.84289,0.84296,1.50,1.00
2016.05.18 12:18:39.391,0.84287,0.84293,1.00,1.00
2016.05.18 12:18:39.898,0.84288,0.84294,1.00,1.00
2016.05.18 12:18:40.768,0.84287,0.84294,1.00,1.00
2016.05.18 12:18:42.010,0.84286,0.84291,1.12,1.00
2016.05.18 12:18:42.313,0.8428,0.84285,1.00,1.00
2016.05.18 12:18:42.516,0.84279,0.84285,1.63,1.00
2016.05.18 12:18:42.756,0.84279,0.84285,1.00,1.00
2016.05.18 12:18:43.009,0.84279,0.84283,1.00,1.00
2016.05.18 12:18:43.060,0.84277,0.84283,1.12,1.00
2016.05.18 12:18:44.871,0.84276,0.84281,1.87,1.00
2016.05.18 12:18:44.972,0.84275,0.8428,1.12,1.00
2016.05.18 12:18:45.074,0.84273,0.84279,1.00,1.00
2016.05.18 12:18:45.409,0.84272,0.84276,1.00,1.00
2016.05.18 12:18:45.460,0.84271,0.84276,1.00,1.00
2016.05.18 12:18:45.561,0.84274,0.84281,1.00,1.87
2016.05.18 12:18:45.663,0.84276,0.84282,1.00,1.50
2016.05.18 12:18:45.714,0.84277,0.84283,1.00,1.00
2016.05.18 12:18:45.765,0.84276,0.8428,1.00,1.00
2016.05.18 12:18:46.220,0.84275,0.8428,1.12,1.00
2016.05.18 12:18:46.350,0.84274,0.84278,1.00,1.00
2016.05.18 12:18:46.452,0.84271,0.84275,1.00,1.00
2016.05.18 12:18:46.503,0.84268,0.84274,1.00,1.00
2016.05.18 12:18:46.706,0.84268,0.84276,1.00,1.00
2016.05.18 12:18:47.162,0.8427,0.84277,1.00,1.00
2016.05.18 12:18:47.682,0.84271,0.84276,1.00,1.00
2016.05.18 12:18:47.784,0.84271,0.84278,1.00,1.00
2016.05.18 12:18:48.290,0.84271,0.84277,1.00,1.00
2016.05.18 12:18:48.442,0.84269,0.84276,1.00,1.00
2016.05.18 12:18:48.999,0.84269,0.84275,1.00,1.00
2016.05.18 12:18:49.504,0.84269,0.84276,1.00,1.12
2016.05.18 12:18:50.300,0.84269,0.84275,1.00,1.00
2016.05.18 12:18:50.503,0.84271,0.84278,1.00,1.12
2016.05.18 12:18:50.706,0.84274,0.84283,1.00,1.87
2016.05.18 12:18:51.817,0.84274,0.84281,1.00,1.00
2016.05.18 12:18:51.969,0.84273,0.84277,1.00,1.00
2016.05.18 12:18:52.333,0.84271,0.84277,1.00,1.37
2016.05.18 12:18:52.384,0.84273,0.84278,1.00,1.00
2016.05.18 12:18:52.889,0.84274,0.8428,1.00,1.87
2016.05.18 12:18:52.991,0.84274,0.84282,1.00,1.37
2016.05.18 12:18:53.884,0.84275,0.84282,1.00,1.87
2016.05.18 12:18:54.239,0.84273,0.84283,1.00,2.62
2016.05.18 12:18:54.815,0.84273,0.84282,1.00,1.37
2016.05.18 12:18:56.726,0.84273,0.8428,1.00,1.00
2016.05.18 12:18:56.828,0.84273,0.84282,1.00,1.12
2016.05.18 12:18:57.367,0.84274,0.84283,1.00,3.37
2016.05.18 12:18:58.192,0.84275,0.84283,1.00,2.62
2016.05.18 12:18:59.135,0.84276,0.84283,1.00,1.87
2016.05.18 12:18:59.237,0.84276,0.84285,1.00,1.37
2016.05.18 12:18:59.563,0.84273,0.84282,1.00,1.00
2016.05.18 12:18:59.615,0.84273,0.8428,1.00,1.37
2016.05.18 12:19:00.120,0.84274,0.8428,1.00,1.37
2016.05.18 12:19:00.323,0.84274,0.84283,1.00,1.87
2016.05.18 12:19:00.682,0.84276,0.84283,1.00,1.87
2016.05.18 12:19:01.021,0.84278,0.84283,1.00,1.00
2016.05.18 12:19:01.123,0.84277,0.84285,1.00,2.25
2016.05.18 12:19:02.442,0.84278,0.84285,1.00,1.00
2016.05.18 12:19:02.493,0.8428,0.84287,1.00,1.75
2016.05.18 12:19:02.544,0.84279,0.84287,1.00,1.00
2016.05.18 12:19:03.050,0.84279,0.84287,1.00,1.87
2016.05.18 12:19:03.594,0.8428,0.84287,1.00,1.87
2016.05.18 12:19:04.048,0.84279,0.84284,1.00,1.00
2016.05.18 12:19:04.645,0.84279,0.84285,1.00,1.00
2016.05.18 12:19:05.177,0.84278,0.84286,1.00,1.12
2016.05.18 12:19:05.694,0.84277,0.84285,1.00,1.00
2016.05.18 12:19:06.196,0.84278,0.84285,1.00,1.00
2016.05.18 12:19:06.704,0.84279,0.84285,1.00,1.00
2016.05.18 12:19:07.319,0.84277,0.84285,1.00,1.00
2016.05.18 12:19:07.615,0.8428,0.84286,1.00,1.12
2016.05.18 12:19:08.120,0.84279,0.84286,1.00,1.12
2016.05.18 12:19:08.816,0.84279,0.84285,1.00,1.00
2016.05.18 12:19:08.918,0.84277,0.84285,1.00,1.00
2016.05.18 12:19:09.655,0.84277,0.84284,1.00,1.00
2016.05.18 12:19:10.427,0.84277,0.84286,1.00,1.12
2016.05.18 12:19:10.969,0.84277,0.84285,1.00,1.00
2016.05.18 12:19:11.020,0.84277,0.84283,1.00,1.00
2016.05.18 12:19:11.718,0.84276,0.84283,1.00,1.00
2016.05.18 12:19:11.819,0.84274,0.84284,1.00,2.62
2016.05.18 12:19:12.023,0.84274,0.8428,1.00,1.00
2016.05.18 12:19:12.327,0.84273,0.84278,1.00,1.00
2016.05.18 12:19:12.869,0.84272,0.84277,1.00,1.00
2016.05.18 12:19:13.374,0.84272,0.84278,1.00,1.00
2016.05.18 12:19:13.425,0.84268,0.84275,1.50,1.00
2016.05.18 12:19:13.628,0.84267,0.84271,1.00,1.00
2016.05.18 12:19:13.729,0.84267,0.84273,1.00,1.00
2016.05.18 12:19:14.025,0.84265,0.84272,1.00,1.00
2016.05.18 12:19:14.430,0.84264,0.8427,1.00,1.00
2016.05.18 12:19:14.683,0.84261,0.84269,1.12,1.00
2016.05.18 12:19:14.939,0.84262,0.84267,1.00,1.00
2016.05.18 12:19:15.447,0.84262,0.84266,1.00,1.00
2016.05.18 12:19:16.021,0.84261,0.84266,1.00,1.00
2016.05.18 12:19:16.524,0.84262,0.84266,1.00,1.00
2016.05.18 12:19:17.064,0.84261,0.84266,1.00,1.00
2016.05.18 12:19:17.577,0.84262,0.84267,1.00,1.00
2016.05.18 12:19:17.778,0.84262,0.84269,1.00,1.12
2016.05.18 12:19:18.233,0.84258,0.84266,1.37,1.00
2016.05.18 12:19:18.538,0.84256,0.84264,1.50,1.00
2016.05.18 12:19:18.791,0.84254,0.84259,1.37,1.00
2016.05.18 12:19:18.842,0.84253,0.84258,1.00,1.00
2016.05.18 12:19:18.943,0.84249,0.84259,2.62,1.00
2016.05.18 12:19:19.247,0.84254,0.84261,1.00,1.17
2016.05.18 12:19:19.651,0.84251,0.8426,1.87,1.00
2016.05.18 12:19:20.167,0.84251,0.84261,1.00,1.63
2016.05.18 12:19:20.218,0.84254,0.84261,1.00,1.63
2016.05.18 12:19:20.319,0.84251,0.84261,1.00,1.63
2016.05.18 12:19:20.522,0.84253,0.8426,1.00,1.00
2016.05.18 12:19:20.881,0.84253,0.84262,1.00,2.25
2016.05.18 12:19:20.932,0.84251,0.8426,1.00,1.00
2016.05.18 12:19:21.438,0.84252,0.84259,1.00,1.00
2016.05.18 12:19:21.489,0.84251,0.84261,1.00,1.00
2016.05.18 12:19:21.641,0.84253,0.84262,1.00,2.25
2016.05.18 12:19:22.149,0.84252,0.84262,1.00,1.50
2016.05.18 12:19:22.654,0.84253,0.84262,1.00,1.50
2016.05.18 12:19:23.215,0.84252,0.84262,1.00,1.50
2016.05.18 12:19:23.752,0.84253,0.84262,1.00,1.00
2016.05.18 12:19:24.302,0.84254,0.84261,1.00,1.00
2016.05.18 12:19:24.713,0.84255,0.84263,1.00,1.12
2016.05.18 12:19:26.145,0.84257,0.84263,1.00,1.12
2016.05.18 12:19:26.195,0.84255,0.84263,1.00,1.12
2016.05.18 12:19:26.246,0.84257,0.84263,1.00,1.12
2016.05.18 12:19:26.348,0.84255,0.84263,1.00,1.12
2016.05.18 12:19:26.853,0.84256,0.84263,1.00,1.12
2016.05.18 12:19:31.101,0.84255,0.84263,1.00,1.12
2016.05.18 12:19:31.607,0.84255,0.84262,1.00,1.00
2016.05.18 12:19:32.124,0.84256,0.84263,1.00,1.00
2016.05.18 12:19:32.661,0.84257,0.84263,1.00,1.00
2016.05.18 12:19:32.713,0.84255,0.84263,1.00,1.00
2016.05.18 12:19:34.245,0.84255,0.84262,1.00,1.00
2016.05.18 12:19:34.480,0.84259,0.84263,1.00,1.00
2016.05.18 12:19:34.531,0.8426,0.84265,1.00,1.00
2016.05.18 12:19:34.633,0.8426,0.84267,1.00,1.00
2016.05.18 12:19:34.684,0.84262,0.84267,1.00,1.00
2016.05.18 12:19:34.837,0.84261,0.84269,1.00,1.00
2016.05.18 12:19:35.354,0.84262,0.8427,1.00,1.87
2016.05.18 12:19:36.171,0.84259,0.84269,1.50,1.12
2016.05.18 12:19:36.345,0.84259,0.84267,1.00,1.50
2016.05.18 12:19:37.055,0.84258,0.84267,1.00,1.87
2016.05.18 12:19:37.577,0.84257,0.84266,1.00,1.12
2016.05.18 12:19:37.731,0.84255,0.84265,1.00,2.25
2016.05.18 12:19:37.832,0.84258,0.84265,1.00,1.87
2016.05.18 12:19:38.035,0.84258,0.84266,1.00,1.50
2016.05.18 12:19:38.542,0.8426,0.84268,1.00,2.62
2016.05.18 12:19:38.847,0.84258,0.84268,1.00,2.62
2016.05.18 12:19:38.899,0.84259,0.84267,1.00,1.50
2016.05.18 12:19:39.102,0.84257,0.84266,1.00,1.12
2016.05.18 12:19:39.621,0.84257,0.84266,1.00,2.62
2016.05.18 12:19:40.130,0.84256,0.84265,1.00,1.87
2016.05.18 12:19:40.332,0.84256,0.84263,1.00,1.00
2016.05.18 12:19:40.772,0.84257,0.84265,1.00,1.87
2016.05.18 12:19:40.874,0.84259,0.84265,1.00,1.12
2016.05.18 12:19:41.026,0.84259,0.84268,1.00,2.62
2016.05.18 12:19:42.872,0.8426,0.84268,1.00,1.87
2016.05.18 12:19:42.974,0.84257,0.84267,1.00,1.12
2016.05.18 12:19:43.328,0.8426,0.84267,1.00,2.62
2016.05.18 12:19:43.887,0.84259,0.84267,1.00,1.00
2016.05.18 12:19:44.470,0.84258,0.84267,1.00,1.00
2016.05.18 12:19:45.014,0.84258,0.84266,1.00,1.00
2016.05.18 12:19:46.354,0.84258,0.84266,1.00,1.87
2016.05.18 12:19:47.210,0.8426,0.84266,1.00,1.87
2016.05.18 12:19:48.548,0.84258,0.84266,1.00,1.87
2016.05.18 12:19:49.073,0.84259,0.84266,1.00,1.87
2016.05.18 12:19:49.660,0.8426,0.84266,1.00,1.87
2016.05.18 12:19:49.843,0.84262,0.84269,1.00,1.37
2016.05.18 12:19:50.100,0.84264,0.84269,1.00,1.00
2016.05.18 12:19:50.202,0.84262,0.84269,1.00,1.00
2016.05.18 12:19:50.737,0.84261,0.84268,1.00,1.00
2016.05.18 12:19:51.257,0.8426,0.84267,1.00,1.00
2016.05.18 12:19:51.459,0.84262,0.84267,1.00,1.00
2016.05.18 12:19:51.510,0.84259,0.84267,1.00,1.00
2016.05.18 12:19:52.554,0.84258,0.84267,1.12,1.00
