2016.05.04 01:00:00.388,0.839,0.83911,1.00,1.00
2016.05.04 01:00:01.171,0.839,0.83912,1.50,1.00
2016.05.04 01:00:01.322,0.839,0.83914,1.50,1.00
2016.05.04 01:00:01.469,0.83902,0.83915,1.00,1.00
2016.05.04 01:00:04.055,0.83902,0.83915,1.00,1.87
2016.05.04 01:00:04.593,0.83902,0.83913,1.00,1.00
2016.05.04 01:00:10.277,0.83899,0.83913,1.87,1.00
2016.05.04 01:00:13.251,0.83899,0.83911,1.12,1.00
2016.05.04 01:00:13.453,0.83896,0.8391,1.50,1.00
2016.05.04 01:00:13.757,0.83896,0.83908,1.50,1.00
2016.05.04 01:00:14.061,0.83895,0.83906,1.00,1.00
2016.05.04 01:00:14.162,0.83893,0.83906,1.00,1.50
2016.05.04 01:00:14.506,0.83893,0.83904,1.00,1.00
2016.05.04 01:00:15.211,0.83893,0.83902,1.00,1.00
2016.05.04 01:00:15.262,0.83891,0.83902,1.00,1.00
2016.05.04 01:00:18.567,0.83891,0.83901,1.00,1.00
2016.05.04 01:00:18.618,0.83887,0.83901,1.75,1.00
2016.05.04 01:00:18.669,0.83887,0.83899,1.00,1.00
2016.05.04 01:00:20.632,0.83887,0.83898,1.00,1.00
2016.05.04 01:00:20.806,0.83887,0.839,1.00,1.00
2016.05.04 01:00:21.330,0.83887,0.83901,1.50,1.00
2016.05.04 01:00:26.910,0.83887,0.839,1.50,1.00
2016.05.04 01:00:27.012,0.8389,0.839,1.00,1.00
2016.05.04 01:00:27.316,0.8389,0.83898,1.00,1.00
2016.05.04 01:00:27.468,0.83887,0.83898,1.00,1.00
2016.05.04 01:00:28.246,0.83885,0.83893,1.00,1.00
2016.05.04 01:00:28.348,0.83882,0.83893,1.37,1.37
2016.05.04 01:00:28.551,0.83879,0.83891,1.00,1.87
2016.05.04 01:00:29.367,0.83881,0.83893,1.00,1.12
2016.05.04 01:00:29.519,0.83881,0.83895,1.00,1.12
2016.05.04 01:00:30.428,0.83881,0.83894,1.00,1.00
2016.05.04 01:00:30.681,0.83881,0.83896,1.00,2.25
2016.05.04 01:00:31.288,0.83883,0.83896,1.00,2.25
2016.05.04 01:00:32.768,0.83885,0.83896,1.00,1.00
2016.05.04 01:00:32.971,0.83885,0.83898,1.00,1.50
2016.05.04 01:00:33.571,0.83885,0.83896,1.00,1.00
2016.05.04 01:00:34.076,0.83885,0.83897,1.00,1.00
2016.05.04 01:00:34.607,0.83885,0.83898,1.00,1.50
2016.05.04 01:00:35.306,0.83885,0.839,1.00,2.25
2016.05.04 01:00:35.610,0.83888,0.839,1.00,1.50
2016.05.04 01:00:36.159,0.83888,0.83899,1.00,1.00
2016.05.04 01:00:37.100,0.83888,0.839,1.00,1.00
2016.05.04 01:00:38.931,0.83888,0.83901,1.00,1.12
2016.05.04 01:00:39.235,0.8389,0.83901,1.00,1.00
2016.05.04 01:00:39.479,0.8389,0.83903,1.00,1.87
2016.05.04 01:00:41.749,0.8389,0.83901,1.00,1.00
2016.05.04 01:00:42.987,0.8389,0.83903,1.00,1.87
2016.05.04 01:00:43.979,0.8389,0.83902,1.00,1.00
2016.05.04 01:00:46.939,0.8389,0.83901,1.00,1.00
2016.05.04 01:00:47.450,0.8389,0.839,1.00,1.00
2016.05.04 01:00:48.349,0.8389,0.83901,1.00,1.50
2016.05.04 01:00:49.303,0.8389,0.83899,1.00,1.00
2016.05.04 01:00:49.773,0.83887,0.83898,1.00,1.00
2016.05.04 01:00:50.065,0.83887,0.83896,1.00,1.00
2016.05.04 01:00:50.470,0.83886,0.83898,1.00,1.50
2016.05.04 01:00:50.723,0.83888,0.83902,1.00,2.25
2016.05.04 01:00:54.659,0.83888,0.83903,1.00,1.12
2016.05.04 01:00:54.903,0.8389,0.83904,1.00,1.00
2016.05.04 01:00:55.210,0.83892,0.83905,1.00,1.12
2016.05.04 01:00:57.903,0.83893,0.83905,1.00,1.12
2016.05.04 01:00:58.417,0.83893,0.83906,1.00,1.00
2016.05.04 01:00:58.934,0.83893,0.83907,1.87,1.00
2016.05.04 01:01:01.449,0.83893,0.83906,1.50,1.00
2016.05.04 01:01:02.460,0.83893,0.83905,1.00,1.00
2016.05.04 01:01:04.508,0.83894,0.83905,1.00,1.00
2016.05.04 01:01:06.182,0.83894,0.83906,1.00,1.50
2016.05.04 01:01:06.699,0.83894,0.83905,1.00,1.00
2016.05.04 01:01:07.201,0.83894,0.83906,1.00,1.50
2016.05.04 01:01:08.016,0.83894,0.83905,1.00,1.00
2016.05.04 01:01:08.651,0.83894,0.83906,1.00,1.50
2016.05.04 01:01:11.746,0.83898,0.83906,1.00,1.50
2016.05.04 01:01:12.078,0.83908,0.83918,1.00,1.12
2016.05.04 01:01:12.129,0.83908,0.8392,1.00,1.12
2016.05.04 01:01:12.332,0.83909,0.83921,1.00,1.50
2016.05.04 01:01:12.484,0.83909,0.83922,1.00,1.00
2016.05.04 01:01:12.946,0.83911,0.83921,1.00,1.00
2016.05.04 01:01:13.297,0.83911,0.83923,1.00,1.12
2016.05.04 01:01:14.275,0.83913,0.83924,1.00,1.12
2016.05.04 01:01:15.704,0.83913,0.83925,1.00,1.12
2016.05.04 01:01:19.551,0.83914,0.83922,1.00,1.00
2016.05.04 01:01:19.703,0.83914,0.83924,1.00,1.00
2016.05.04 01:01:20.366,0.83914,0.83923,1.00,1.00
2016.05.04 01:01:20.696,0.83911,0.83923,1.00,1.00
2016.05.04 01:01:20.955,0.83913,0.83923,1.00,1.00
2016.05.04 01:01:21.072,0.83913,0.83927,1.00,1.87
2016.05.04 01:01:21.123,0.83916,0.83927,1.00,1.12
2016.05.04 01:01:21.225,0.83917,0.8393,1.00,1.12
2016.05.04 01:01:21.276,0.83919,0.83931,1.00,1.50
2016.05.04 01:01:24.588,0.83919,0.83932,1.00,1.10
2016.05.04 01:01:25.181,0.8392,0.83932,1.00,1.00
2016.05.04 01:01:25.898,0.8392,0.83931,1.50,1.00
2016.05.04 01:01:29.118,0.8392,0.83932,1.50,1.00
2016.05.04 01:01:30.471,0.83921,0.83932,1.00,1.00
2016.05.04 01:01:30.977,0.83921,0.83931,1.00,1.00
2016.05.04 01:01:32.211,0.8392,0.83931,1.50,1.00
2016.05.04 01:01:32.726,0.8392,0.8393,1.00,1.00
2016.05.04 01:01:33.031,0.83918,0.83927,1.12,1.00
2016.05.04 01:01:33.436,0.83915,0.83927,1.50,1.00
2016.05.04 01:01:33.585,0.83915,0.83922,1.00,1.00
2016.05.04 01:01:34.113,0.83912,0.83922,1.12,1.00
2016.05.04 01:01:34.214,0.83914,0.83926,1.62,1.12
2016.05.04 01:01:34.417,0.83915,0.83928,1.50,1.12
2016.05.04 01:01:35.892,0.83915,0.83926,1.50,1.00
2016.05.04 01:01:36.417,0.83915,0.83927,1.50,1.00
2016.05.04 01:01:39.415,0.83919,0.83927,1.00,1.00
2016.05.04 01:01:39.517,0.83919,0.8393,1.00,1.00
2016.05.04 01:01:41.148,0.83917,0.8393,1.00,1.00
2016.05.04 01:01:41.199,0.83917,0.83928,1.00,1.12
2016.05.04 01:01:41.250,0.83915,0.83928,1.17,1.12
2016.05.04 01:01:41.302,0.83915,0.83926,1.17,1.00
2016.05.04 01:01:41.606,0.83912,0.83923,1.12,1.12
2016.05.04 01:01:43.366,0.83912,0.83924,1.00,1.37
2016.05.04 01:01:46.478,0.83912,0.83924,1.00,1.00
2016.05.04 01:01:46.881,0.83914,0.83924,1.00,1.00
2016.05.04 01:01:47.033,0.83914,0.83926,1.50,1.00
2016.05.04 01:01:48.223,0.83914,0.83925,1.50,1.00
2016.05.04 01:01:51.349,0.83914,0.83924,1.50,1.00
2016.05.04 01:01:52.084,0.83914,0.83924,1.00,1.50
2016.05.04 01:01:53.621,0.83915,0.83925,1.00,1.12
2016.05.04 01:01:53.773,0.83915,0.83927,1.00,1.50
2016.05.04 01:02:00.051,0.83914,0.83927,1.00,1.50
2016.05.04 01:02:04.194,0.83914,0.83926,1.00,1.87
2016.05.04 01:02:04.447,0.83912,0.83924,1.00,1.87
2016.05.04 01:02:04.956,0.83912,0.83922,1.00,1.00
2016.05.04 01:02:05.057,0.8391,0.83921,1.00,1.00
2016.05.04 01:02:05.361,0.8391,0.83919,1.00,1.00
2016.05.04 01:02:05.412,0.83907,0.83919,1.00,1.00
2016.05.04 01:02:06.398,0.83909,0.8392,1.00,1.00
2016.05.04 01:02:06.970,0.83909,0.83922,1.00,1.50
2016.05.04 01:02:08.226,0.83911,0.83921,1.00,1.12
2016.05.04 01:02:08.804,0.83911,0.83924,1.00,1.87
2016.05.04 01:02:09.402,0.83911,0.83924,1.50,1.37
2016.05.04 01:02:13.816,0.83914,0.83925,1.00,1.50
2016.05.04 01:02:14.343,0.83914,0.83924,1.00,1.00
2016.05.04 01:02:15.036,0.83914,0.83924,1.00,1.50
2016.05.04 01:02:15.721,0.83914,0.83923,1.00,1.50
2016.05.04 01:02:16.373,0.83914,0.83923,1.00,1.00
2016.05.04 01:02:16.879,0.83914,0.83924,1.00,1.12
2016.05.04 01:02:19.073,0.83916,0.83927,1.00,2.62
2016.05.04 01:02:19.175,0.83918,0.8393,1.00,1.47
2016.05.04 01:02:19.278,0.83918,0.83931,1.00,2.25
2016.05.04 01:02:20.483,0.83918,0.83929,1.00,1.00
2016.05.04 01:02:21.025,0.83918,0.8393,1.00,1.00
2016.05.04 01:02:21.531,0.83918,0.83932,1.00,1.50
2016.05.04 01:02:22.180,0.83918,0.83931,1.00,1.00
2016.05.04 01:02:22.716,0.83918,0.8393,1.00,1.12
2016.05.04 01:02:22.768,0.83918,0.83927,1.00,1.00
2016.05.04 01:02:23.274,0.83915,0.83927,1.00,1.12
2016.05.04 01:02:25.550,0.83917,0.83928,1.00,1.12
2016.05.04 01:02:25.854,0.8392,0.83931,1.00,1.00
2016.05.04 01:02:26.550,0.8392,0.83933,1.00,1.50
2016.05.04 01:02:26.937,0.8392,0.83931,1.00,1.37
2016.05.04 01:02:26.988,0.83917,0.83931,1.00,1.50
2016.05.04 01:02:27.393,0.83917,0.83928,1.00,1.00
2016.05.04 01:02:28.262,0.83914,0.83926,1.50,1.12
2016.05.04 01:02:28.667,0.83914,0.83924,1.00,1.00
2016.05.04 01:02:29.199,0.83914,0.83925,1.00,1.12
2016.05.04 01:02:31.659,0.83914,0.83924,1.00,1.50
2016.05.04 01:02:33.896,0.83914,0.83923,1.00,1.00
2016.05.04 01:02:35.328,0.83912,0.83923,1.00,1.00
2016.05.04 01:02:35.379,0.8391,0.83921,1.00,1.00
2016.05.04 01:02:36.899,0.8391,0.83923,1.00,1.50
2016.05.04 01:02:37.424,0.8391,0.83921,1.00,1.00
2016.05.04 01:02:37.727,0.83905,0.83918,1.00,1.87
2016.05.04 01:02:38.082,0.83905,0.83915,1.00,1.87
2016.05.04 01:02:39.590,0.83905,0.83917,1.00,1.50
2016.05.04 01:02:40.501,0.83905,0.83915,1.00,1.00
2016.05.04 01:02:40.602,0.83901,0.83914,1.00,1.12
2016.05.04 01:02:40.906,0.83901,0.83913,1.00,1.50
2016.05.04 01:02:41.109,0.83902,0.83915,1.00,1.50
2016.05.04 01:02:41.645,0.83903,0.83916,1.00,1.50
2016.05.04 01:02:42.027,0.83905,0.83916,1.00,1.50
2016.05.04 01:02:45.701,0.83907,0.83917,1.50,1.12
2016.05.04 01:02:45.803,0.83907,0.83918,1.50,1.37
2016.05.04 01:02:45.854,0.8391,0.83921,1.00,1.75
2016.05.04 01:02:45.905,0.8391,0.83921,1.00,1.00
2016.05.04 01:02:46.676,0.8391,0.8392,1.00,1.00
2016.05.04 01:02:47.288,0.8391,0.83921,1.00,1.12
2016.05.04 01:02:47.921,0.8391,0.8392,1.00,1.00
2016.05.04 01:02:51.276,0.8391,0.83921,1.00,1.12
2016.05.04 01:03:01.446,0.8391,0.83922,1.50,1.87
2016.05.04 01:03:19.571,0.8391,0.8392,1.00,1.87
2016.05.04 01:03:20.114,0.83909,0.83919,1.00,1.50
2016.05.04 01:03:34.926,0.83909,0.83919,1.00,1.50
2016.05.04 01:03:35.490,0.83909,0.83918,1.00,1.00
2016.05.04 01:03:40.407,0.83909,0.83919,1.00,1.50
2016.05.04 01:03:46.102,0.83907,0.83917,1.00,1.00
2016.05.04 01:03:46.407,0.83907,0.83915,1.00,1.00
2016.05.04 01:03:48.341,0.83903,0.83915,1.50,1.50
2016.05.04 01:03:49.110,0.83903,0.83916,1.00,1.00
2016.05.04 01:03:49.508,0.83903,0.83914,1.00,1.00
2016.05.04 01:03:52.445,0.83904,0.83915,1.00,1.50
2016.05.04 01:03:52.647,0.83907,0.83918,1.00,1.50
2016.05.04 01:03:53.416,0.83909,0.8392,1.00,1.37
2016.05.04 01:03:54.769,0.8391,0.8392,1.00,1.37
2016.05.04 01:03:54.974,0.8391,0.83921,1.50,1.00
2016.05.04 01:03:55.076,0.83912,0.83921,1.00,1.00
2016.05.04 01:04:01.076,0.83912,0.83923,1.00,1.12
2016.05.04 01:04:11.926,0.83912,0.83922,1.00,1.00
2016.05.04 01:04:11.977,0.8391,0.83922,1.00,1.50
2016.05.04 01:04:16.692,0.8391,0.8392,1.00,1.37
2016.05.04 01:04:17.205,0.83907,0.83918,1.00,1.12
2016.05.04 01:04:22.438,0.83907,0.83919,1.00,1.37
2016.05.04 01:04:23.669,0.83907,0.8392,1.00,1.12
2016.05.04 01:04:25.088,0.83909,0.83921,1.00,2.62
2016.05.04 01:04:25.393,0.83913,0.83923,1.00,1.12
2016.05.04 01:04:25.596,0.83913,0.83925,1.00,3.37
2016.05.04 01:04:26.114,0.83913,0.83924,1.00,1.00
2016.05.04 01:04:26.730,0.83914,0.83926,1.00,1.50
2016.05.04 01:04:26.781,0.83916,0.83926,1.00,1.12
2016.05.04 01:04:27.085,0.83916,0.83929,1.50,1.37
2016.05.04 01:04:27.237,0.83916,0.8393,1.50,1.12
2016.05.04 01:04:27.847,0.83917,0.8393,1.00,1.00
2016.05.04 01:04:27.948,0.83919,0.83932,1.00,2.75
2016.05.04 01:04:29.506,0.83919,0.83931,1.00,1.37
2016.05.04 01:04:30.011,0.83919,0.83929,1.00,1.00
2016.05.04 01:04:32.847,0.83918,0.83929,1.00,1.50
2016.05.04 01:04:35.159,0.83918,0.8393,1.50,1.37
2016.05.04 01:04:35.211,0.83919,0.83931,1.00,1.50
2016.05.04 01:04:35.413,0.83919,0.83934,1.50,1.50
2016.05.04 01:04:35.918,0.83919,0.83932,1.50,1.00
2016.05.04 01:04:36.356,0.83921,0.83933,1.00,1.12
2016.05.04 01:04:36.863,0.83921,0.83933,1.50,1.50
2016.05.04 01:04:37.954,0.83921,0.83933,1.50,1.00
2016.05.04 01:04:38.206,0.83923,0.83937,1.50,1.50
2016.05.04 01:04:38.308,0.83926,0.83937,1.00,1.50
2016.05.04 01:04:39.387,0.83926,0.83935,1.00,1.00
2016.05.04 01:04:39.690,0.83926,0.83934,1.00,1.37
2016.05.04 01:04:40.891,0.83921,0.83934,1.50,1.37
2016.05.04 01:04:45.743,0.83921,0.83931,1.00,1.00
2016.05.04 01:04:45.795,0.83919,0.83931,1.50,1.00
2016.05.04 01:04:46.301,0.83919,0.8393,1.00,1.50
2016.05.04 01:04:47.261,0.83919,0.83928,1.00,1.00
2016.05.04 01:04:50.124,0.83915,0.83929,1.50,1.50
2016.05.04 01:04:52.640,0.83918,0.8393,1.00,1.87
2016.05.04 01:04:52.742,0.83919,0.8393,1.00,1.12
2016.05.04 01:04:52.844,0.83919,0.83933,1.00,2.25
2016.05.04 01:04:54.477,0.83919,0.83933,1.50,1.00
2016.05.04 01:04:54.805,0.83921,0.83935,1.00,1.87
2016.05.04 01:04:55.751,0.83919,0.83935,1.50,1.87
2016.05.04 01:04:57.982,0.83919,0.83933,1.50,1.37
2016.05.04 01:04:58.303,0.83923,0.83933,1.00,1.00
2016.05.04 01:05:00.623,0.83923,0.83935,1.00,1.12
2016.05.04 01:05:01.156,0.83923,0.83936,1.00,1.12
2016.05.04 01:05:01.309,0.83923,0.83935,1.00,1.50
2016.05.04 01:05:02.420,0.83923,0.83936,1.00,3.00
2016.05.04 01:05:02.926,0.83923,0.83936,1.00,1.12
2016.05.04 01:05:03.027,0.83925,0.83936,1.00,1.12
2016.05.04 01:05:07.845,0.83923,0.83937,1.50,2.25
2016.05.04 01:05:07.896,0.83923,0.83933,1.50,1.00
2016.05.04 01:05:08.048,0.83921,0.83933,1.00,1.12
2016.05.04 01:05:08.099,0.83921,0.83931,1.00,1.00
2016.05.04 01:05:08.605,0.83921,0.8393,1.00,1.00
2016.05.04 01:05:10.078,0.8392,0.8393,1.00,1.00
2016.05.04 01:05:15.093,0.8392,0.83932,1.00,1.50
2016.05.04 01:05:16.413,0.8392,0.83934,1.00,1.87
2016.05.04 01:05:16.464,0.8392,0.83934,1.00,1.12
2016.05.04 01:05:17.002,0.83922,0.83934,1.00,1.12
2016.05.04 01:05:17.517,0.83922,0.83933,1.00,1.00
2016.05.04 01:05:18.035,0.83922,0.83932,1.00,1.00
2016.05.04 01:05:19.187,0.83922,0.83934,1.00,1.87
2016.05.04 01:05:22.137,0.83922,0.83935,1.00,1.50
2016.05.04 01:05:25.128,0.83922,0.83933,1.00,1.00
2016.05.04 01:05:25.694,0.83922,0.83934,1.00,1.00
2016.05.04 01:05:26.271,0.83922,0.83935,1.00,1.12
2016.05.04 01:05:28.029,0.83922,0.83935,1.00,1.37
2016.05.04 01:05:40.112,0.83922,0.83934,1.00,1.87
2016.05.04 01:05:40.617,0.83921,0.83932,1.00,1.00
2016.05.04 01:05:50.600,0.83921,0.83934,1.00,1.50
2016.05.04 01:05:56.714,0.83921,0.83932,1.00,1.87
2016.05.04 01:05:57.219,0.8392,0.8393,1.00,1.50
2016.05.04 01:05:57.968,0.8392,0.83933,1.00,3.00
2016.05.04 01:06:01.645,0.83921,0.83933,1.00,1.12
2016.05.04 01:06:03.421,0.83916,0.83931,1.00,1.12
2016.05.04 01:06:03.472,0.83916,0.8393,1.00,1.50
2016.05.04 01:06:03.791,0.83916,0.83928,1.00,1.87
2016.05.04 01:06:14.798,0.83916,0.8393,1.00,3.75
2016.05.04 01:06:20.357,0.83916,0.83928,1.00,1.12
2016.05.04 01:06:30.233,0.83916,0.83929,1.00,1.00
2016.05.04 01:06:33.088,0.83917,0.83929,1.00,1.00
2016.05.04 01:06:34.383,0.83916,0.83929,1.00,1.00
2016.05.04 01:06:34.853,0.83916,0.8393,1.00,1.75
2016.05.04 01:06:56.779,0.83916,0.83929,1.00,1.87
2016.05.04 01:06:57.307,0.83916,0.83929,1.00,1.50
2016.05.04 01:07:00.417,0.83916,0.83929,1.00,1.12
2016.05.04 01:07:03.724,0.83914,0.83929,1.00,1.12
2016.05.04 01:07:04.494,0.83914,0.83928,1.50,1.00
2016.05.04 01:07:09.601,0.83915,0.83929,1.00,1.50
2016.05.04 01:07:09.753,0.83919,0.8393,1.00,1.87
2016.05.04 01:07:09.805,0.83919,0.83932,1.50,2.62
2016.05.04 01:07:09.856,0.83923,0.83932,1.00,1.50
2016.05.04 01:07:11.352,0.83923,0.83935,1.00,1.50
2016.05.04 01:07:20.236,0.83923,0.83934,1.00,1.00
2016.05.04 01:07:20.817,0.83923,0.83935,1.00,1.50
2016.05.04 01:07:25.218,0.83921,0.83935,1.50,1.50
2016.05.04 01:07:30.064,0.83922,0.83935,1.00,1.87
2016.05.04 01:07:31.846,0.83922,0.83935,1.00,1.87
2016.05.04 01:07:43.881,0.83922,0.83935,1.00,1.50
2016.05.04 01:07:43.982,0.83922,0.83935,1.00,1.87
2016.05.04 01:07:54.875,0.83922,0.83935,1.00,1.50
2016.05.04 01:07:59.891,0.83922,0.83936,1.00,2.62
2016.05.04 01:08:01.899,0.83925,0.83936,1.00,1.12
2016.05.04 01:08:02.102,0.83925,0.83939,1.00,1.37
2016.05.04 01:08:02.153,0.83927,0.83939,1.00,1.00
2016.05.04 01:08:02.255,0.83928,0.83941,1.00,1.12
2016.05.04 01:08:02.614,0.8393,0.83941,1.00,1.50
2016.05.04 01:08:03.038,0.83932,0.83941,1.00,1.50
2016.05.04 01:08:03.190,0.83929,0.83941,1.00,1.50
2016.05.04 01:08:03.770,0.83929,0.8394,1.00,1.00
2016.05.04 01:08:11.316,0.83931,0.83942,1.00,1.00
2016.05.04 01:08:16.541,0.83931,0.83943,1.12,1.00
2016.05.04 01:08:24.674,0.83931,0.83945,1.12,1.50
2016.05.04 01:08:30.042,0.83933,0.83945,1.00,1.50
2016.05.04 01:08:35.244,0.83933,0.83944,1.00,1.00
2016.05.04 01:08:35.895,0.83933,0.83943,1.00,1.00
2016.05.04 01:08:40.955,0.83933,0.83944,1.00,1.50
2016.05.04 01:08:53.004,0.83933,0.83942,1.00,1.00
2016.05.04 01:08:55.031,0.83931,0.83942,1.00,1.50
2016.05.04 01:09:11.241,0.83931,0.83941,1.00,1.00
2016.05.04 01:09:11.393,0.83929,0.83938,1.00,1.00
2016.05.04 01:09:14.208,0.83929,0.83941,1.00,1.00
2016.05.04 01:09:14.259,0.83931,0.83941,1.00,1.00
2016.05.04 01:09:14.462,0.83932,0.83943,1.00,1.00
2016.05.04 01:09:15.972,0.83932,0.83944,1.00,1.12
2016.05.04 01:09:16.225,0.83931,0.83942,1.00,1.00
2016.05.04 01:09:16.383,0.83931,0.83944,1.00,1.95
2016.05.04 01:09:16.892,0.83931,0.83943,1.00,1.00
2016.05.04 01:09:19.086,0.83931,0.83944,1.00,1.95
2016.05.04 01:09:19.600,0.83931,0.83943,1.00,1.00
2016.05.04 01:09:20.106,0.83931,0.83944,1.00,2.70
2016.05.04 01:09:26.546,0.83931,0.83942,1.00,1.50
2016.05.04 01:09:26.648,0.83928,0.83941,1.00,1.12
2016.05.04 01:09:43.818,0.8393,0.83942,1.00,1.37
2016.05.04 01:09:49.115,0.8393,0.83943,1.00,1.37
2016.05.04 01:09:49.817,0.8393,0.83945,1.00,2.37
2016.05.04 01:09:49.919,0.83932,0.83945,1.00,2.37
2016.05.04 01:09:58.469,0.83933,0.83946,1.00,1.12
2016.05.04 01:09:58.520,0.83933,0.83947,1.00,1.25
2016.05.04 01:09:58.722,0.83936,0.83948,1.00,1.62
2016.05.04 01:10:06.147,0.83936,0.83949,1.00,1.00
2016.05.04 01:10:07.362,0.83936,0.8395,1.00,1.12
2016.05.04 01:10:07.465,0.83938,0.8395,1.00,1.12
2016.05.04 01:10:14.779,0.83938,0.83952,1.00,1.87
2016.05.04 01:10:15.970,0.83938,0.83952,1.00,1.12
2016.05.04 01:10:21.239,0.83938,0.83951,1.00,1.00
2016.05.04 01:10:22.274,0.83938,0.8395,1.00,1.00
2016.05.04 01:10:22.579,0.83935,0.83945,1.00,2.62
2016.05.04 01:10:22.731,0.83932,0.83944,1.00,1.12
2016.05.04 01:10:24.663,0.83934,0.83945,1.00,1.37
2016.05.04 01:10:24.765,0.83934,0.83947,1.00,1.00
2016.05.04 01:10:25.892,0.83934,0.83946,1.00,1.00
2016.05.04 01:10:26.947,0.83934,0.83948,1.00,1.20
2016.05.04 01:10:27.481,0.83934,0.83947,1.00,1.00
2016.05.04 01:10:28.025,0.83934,0.83948,1.00,1.20
2016.05.04 01:10:29.769,0.83934,0.83947,1.00,1.00
2016.05.04 01:10:30.275,0.83935,0.83947,1.00,1.50
2016.05.04 01:10:32.130,0.83934,0.83945,1.00,1.00
2016.05.04 01:10:32.386,0.83929,0.83942,1.17,2.25
2016.05.04 01:10:32.487,0.83929,0.83939,1.17,1.00
2016.05.04 01:10:32.791,0.83929,0.83936,1.17,1.00
2016.05.04 01:10:33.094,0.83922,0.83932,4.50,1.00
2016.05.04 01:10:33.196,0.83922,0.83934,1.00,2.25
2016.05.04 01:10:33.298,0.83922,0.83935,1.00,1.37
2016.05.04 01:10:36.190,0.83922,0.83935,1.00,1.00
2016.05.04 01:10:36.241,0.83924,0.83935,1.00,1.00
2016.05.04 01:10:36.545,0.83927,0.83937,1.00,1.37
2016.05.04 01:10:37.048,0.83927,0.83937,1.00,1.00
2016.05.04 01:10:37.554,0.83927,0.83939,1.00,2.62
2016.05.04 01:10:38.313,0.83927,0.83941,1.00,1.87
2016.05.04 01:10:38.924,0.83929,0.83941,1.00,2.62
2016.05.04 01:10:40.522,0.83929,0.83942,1.00,1.37
2016.05.04 01:10:40.826,0.83929,0.83944,1.00,1.25
2016.05.04 01:10:41.419,0.83929,0.83942,1.00,1.00
2016.05.04 01:10:41.783,0.83928,0.83939,1.00,1.00
2016.05.04 01:10:42.087,0.83924,0.83939,1.00,1.50
2016.05.04 01:10:42.138,0.83924,0.83937,1.00,1.12
2016.05.04 01:10:44.151,0.83928,0.83939,1.00,1.12
2016.05.04 01:10:44.455,0.83932,0.83944,1.00,1.87
2016.05.04 01:10:44.652,0.83932,0.83944,1.00,1.12
2016.05.04 01:10:45.599,0.83932,0.83942,1.00,1.00
2016.05.04 01:10:45.853,0.83929,0.83942,1.00,1.50
2016.05.04 01:10:45.955,0.83929,0.8394,1.00,1.00
2016.05.04 01:10:51.964,0.83926,0.8394,1.00,1.50
2016.05.04 01:10:52.015,0.83926,0.83938,1.00,1.00
2016.05.04 01:10:52.420,0.83926,0.83936,1.00,1.00
2016.05.04 01:10:52.572,0.83924,0.83935,1.00,1.00
2016.05.04 01:10:56.432,0.83924,0.83937,1.00,1.50
2016.05.04 01:10:56.585,0.83924,0.83935,1.00,1.00
2016.05.04 01:10:57.012,0.83924,0.83933,1.00,1.00
2016.05.04 01:10:57.164,0.83921,0.83933,1.00,1.50
2016.05.04 01:10:58.019,0.83924,0.83934,1.00,1.00
2016.05.04 01:10:58.168,0.83924,0.83936,1.00,1.50
2016.05.04 01:10:58.580,0.83927,0.83937,1.00,1.17
2016.05.04 01:11:05.146,0.83926,0.83937,1.00,1.50
2016.05.04 01:11:15.164,0.83926,0.83939,1.00,1.50
2016.05.04 01:11:15.215,0.83928,0.83939,1.00,1.12
2016.05.04 01:11:15.530,0.8393,0.83942,1.00,1.50
2016.05.04 01:11:16.265,0.8393,0.83941,1.00,1.00
2016.05.04 01:11:17.481,0.8393,0.8394,1.00,1.00
2016.05.04 01:11:17.687,0.8393,0.83942,1.00,1.00
2016.05.04 01:11:18.875,0.8393,0.83943,1.00,1.12
2016.05.04 01:11:19.381,0.8393,0.83942,1.00,1.00
2016.05.04 01:11:19.900,0.8393,0.83944,1.00,2.62
2016.05.04 01:11:26.557,0.8393,0.83942,1.00,1.00
2016.05.04 01:11:27.062,0.8393,0.83943,1.00,1.00
2016.05.04 01:11:27.593,0.8393,0.83944,1.00,1.12
2016.05.04 01:11:32.185,0.8393,0.83943,1.00,1.00
2016.05.04 01:11:35.242,0.8393,0.83944,1.00,1.50
2016.05.04 01:11:37.951,0.83933,0.83945,1.00,1.50
2016.05.04 01:11:38.943,0.83933,0.83943,1.00,1.00
2016.05.04 01:11:39.103,0.8393,0.83943,1.00,1.00
2016.05.04 01:11:39.633,0.8393,0.83942,1.00,1.00
2016.05.04 01:11:41.653,0.8393,0.83943,1.00,1.12
2016.05.04 01:11:41.957,0.83932,0.83945,1.00,1.87
2016.05.04 01:11:42.293,0.8393,0.83943,1.00,1.50
2016.05.04 01:11:42.858,0.8393,0.83942,1.00,1.00
2016.05.04 01:11:42.960,0.8393,0.83945,1.00,1.12
2016.05.04 01:11:43.919,0.8393,0.83946,1.50,1.87
2016.05.04 01:11:44.272,0.83934,0.83946,1.00,1.87
2016.05.04 01:11:44.883,0.83934,0.83943,1.00,1.00
2016.05.04 01:11:45.168,0.83932,0.83943,1.00,1.00
2016.05.04 01:11:45.779,0.83932,0.83944,1.00,1.12
2016.05.04 01:11:46.366,0.83932,0.83943,1.00,1.00
2016.05.04 01:11:49.382,0.83932,0.83944,1.00,1.12
2016.05.04 01:11:49.933,0.83932,0.83943,1.00,1.00
2016.05.04 01:11:50.463,0.83932,0.83943,1.00,1.50
2016.05.04 01:11:51.170,0.8393,0.83941,1.00,1.00
2016.05.04 01:11:51.737,0.8393,0.83941,1.00,2.25
2016.05.04 01:11:52.366,0.8393,0.83939,1.00,1.00
2016.05.04 01:11:52.917,0.8393,0.83938,1.00,1.00
2016.05.04 01:11:53.372,0.8393,0.8394,1.00,1.12
2016.05.04 01:11:53.592,0.83926,0.8394,1.00,1.12
2016.05.04 01:11:53.643,0.83926,0.8394,1.00,1.87
2016.05.04 01:11:56.639,0.83926,0.83938,1.00,1.87
2016.05.04 01:11:56.741,0.83926,0.83938,1.00,1.50
2016.05.04 01:11:56.842,0.83926,0.83937,1.00,1.12
2016.05.04 01:11:57.348,0.83926,0.83938,1.00,1.87
2016.05.04 01:12:01.453,0.83926,0.83939,1.00,1.87
2016.05.04 01:12:01.858,0.83927,0.83942,1.00,1.50
2016.05.04 01:12:01.924,0.83929,0.83943,1.00,2.00
2016.05.04 01:12:02.229,0.83931,0.83944,1.00,1.25
2016.05.04 01:12:02.743,0.83931,0.83945,1.50,1.37
2016.05.04 01:12:02.794,0.83931,0.83946,1.50,1.37
2016.05.04 01:12:02.966,0.83931,0.83945,1.50,1.12
2016.05.04 01:12:04.340,0.83931,0.83946,1.50,2.25
2016.05.04 01:12:04.967,0.83931,0.83946,1.50,1.87
2016.05.04 01:12:05.356,0.83933,0.83946,1.00,1.87
2016.05.04 01:12:19.061,0.83933,0.83946,1.00,1.12
2016.05.04 01:12:19.567,0.83933,0.83944,1.00,1.12
2016.05.04 01:12:20.072,0.83933,0.83944,1.00,1.50
2016.05.04 01:12:20.507,0.83933,0.83945,1.00,1.00
2016.05.04 01:12:21.111,0.83933,0.83947,1.00,1.00
2016.05.04 01:12:21.262,0.83933,0.83947,1.00,1.37
2016.05.04 01:12:21.515,0.83933,0.83947,1.00,1.00
2016.05.04 01:12:22.363,0.83933,0.83947,1.00,1.12
2016.05.04 01:12:24.253,0.83932,0.83946,1.00,2.25
2016.05.04 01:12:24.576,0.83932,0.83944,1.00,1.12
2016.05.04 01:12:27.294,0.83932,0.83942,1.00,1.37
2016.05.04 01:12:29.166,0.83934,0.83942,1.00,1.37
2016.05.04 01:12:29.268,0.83935,0.83944,1.00,1.50
2016.05.04 01:12:29.724,0.83936,0.8395,1.00,1.12
2016.05.04 01:12:29.775,0.83938,0.8395,1.00,1.00
2016.05.04 01:12:29.985,0.83942,0.83951,1.00,1.00
2016.05.04 01:12:31.904,0.83942,0.83954,1.00,1.12
2016.05.04 01:12:33.781,0.83942,0.83952,1.00,1.37
2016.05.04 01:12:34.793,0.83942,0.83954,1.00,1.37
2016.05.04 01:12:36.245,0.83943,0.83954,1.00,1.37
2016.05.04 01:12:36.760,0.83943,0.83954,1.50,1.00
2016.05.04 01:12:36.919,0.83943,0.83954,1.00,1.37
2016.05.04 01:12:37.425,0.83943,0.83952,1.00,1.37
2016.05.04 01:12:40.227,0.8394,0.83952,1.00,1.37
2016.05.04 01:12:40.278,0.8394,0.83952,1.00,1.12
2016.05.04 01:12:40.632,0.8394,0.83952,1.00,2.70
2016.05.04 01:12:40.683,0.8394,0.83951,1.00,1.12
2016.05.04 01:12:40.937,0.83938,0.83951,1.00,1.87
2016.05.04 01:12:41.089,0.83938,0.83949,1.00,1.20
2016.05.04 01:12:41.141,0.83936,0.83947,1.00,1.37
2016.05.04 01:12:48.398,0.83936,0.83947,1.00,1.00
2016.05.04 01:12:48.449,0.83936,0.83945,1.00,1.00
2016.05.04 01:12:48.500,0.83933,0.83948,1.00,2.25
2016.05.04 01:12:48.602,0.83933,0.83947,1.00,1.12
2016.05.04 01:12:48.855,0.83933,0.83948,1.00,2.25
2016.05.04 01:12:49.361,0.83935,0.83949,1.00,1.32
2016.05.04 01:12:49.412,0.83935,0.83949,1.00,1.27
2016.05.04 01:12:49.463,0.83938,0.83949,1.00,1.17
2016.05.04 01:12:49.665,0.83938,0.83952,1.00,1.87
2016.05.04 01:12:50.639,0.83941,0.83952,1.00,1.37
2016.05.04 01:12:51.741,0.83943,0.83954,1.00,1.25
2016.05.04 01:12:52.096,0.83945,0.83958,1.00,2.00
2016.05.04 01:12:52.147,0.83945,0.83958,1.00,1.12
2016.05.04 01:12:52.811,0.83945,0.83958,1.00,1.12
2016.05.04 01:12:54.376,0.83943,0.83956,1.00,1.37
2016.05.04 01:12:55.612,0.83946,0.83957,1.00,1.87
2016.05.04 01:12:55.944,0.83947,0.83958,1.00,1.00
2016.05.04 01:12:56.400,0.83949,0.83958,1.00,1.00
2016.05.04 01:12:56.451,0.83949,0.83962,1.50,2.00
2016.05.04 01:12:56.503,0.83951,0.83962,1.00,1.25
2016.05.04 01:12:57.009,0.83951,0.83965,1.00,2.00
2016.05.04 01:12:57.563,0.83951,0.83965,1.00,1.50
2016.05.04 01:12:58.070,0.83951,0.83964,1.00,1.00
2016.05.04 01:13:02.237,0.83951,0.83963,1.00,1.50
2016.05.04 01:13:02.425,0.83949,0.83963,1.00,2.25
2016.05.04 01:13:02.830,0.83947,0.83961,1.00,1.50
2016.05.04 01:13:05.161,0.83948,0.83961,1.00,1.54
2016.05.04 01:13:15.042,0.83948,0.83962,1.00,2.75
2016.05.04 01:13:15.245,0.83951,0.83964,1.00,2.00
2016.05.04 01:13:16.364,0.83951,0.83964,1.00,1.87
2016.05.04 01:13:16.936,0.83951,0.83963,1.00,1.12
2016.05.04 01:13:17.250,0.83949,0.83961,1.00,1.37
2016.05.04 01:13:17.756,0.83949,0.83961,1.00,1.25
2016.05.04 01:13:23.450,0.83949,0.83962,1.00,1.12
2016.05.04 01:13:23.652,0.83951,0.83961,1.00,1.00
2016.05.04 01:13:23.805,0.83951,0.83964,1.00,2.25
2016.05.04 01:13:24.222,0.83954,0.83967,1.00,1.95
2016.05.04 01:13:24.425,0.83956,0.83968,1.00,1.00
2016.05.04 01:13:24.730,0.83958,0.83968,1.00,1.00
2016.05.04 01:13:25.088,0.83958,0.83971,1.00,1.50
2016.05.04 01:13:25.191,0.8396,0.83972,1.00,1.87
2016.05.04 01:13:25.341,0.8396,0.83972,1.00,1.00
2016.05.04 01:13:25.392,0.83962,0.83972,1.00,1.00
2016.05.04 01:13:25.798,0.83959,0.83971,1.00,1.50
2016.05.04 01:13:27.277,0.83962,0.83973,1.00,1.37
2016.05.04 01:13:27.328,0.83962,0.83974,1.00,1.50
2016.05.04 01:13:27.429,0.83962,0.83975,1.00,1.00
2016.05.04 01:13:27.946,0.83962,0.83976,1.00,1.12
2016.05.04 01:13:29.889,0.83963,0.83976,1.00,1.12
2016.05.04 01:13:29.940,0.83965,0.83976,1.00,1.12
2016.05.04 01:13:30.139,0.83968,0.83981,1.00,1.12
2016.05.04 01:13:30.241,0.8397,0.83981,1.00,1.12
2016.05.04 01:13:30.758,0.8397,0.83982,1.00,1.00
2016.05.04 01:13:31.094,0.8397,0.83981,1.00,1.37
2016.05.04 01:13:31.780,0.8397,0.83978,1.00,1.00
2016.05.04 01:13:31.832,0.83966,0.83978,1.00,1.00
2016.05.04 01:13:32.348,0.83966,0.83979,1.00,1.00
2016.05.04 01:13:32.399,0.8397,0.83979,1.00,1.00
2016.05.04 01:13:32.910,0.8397,0.8398,1.00,1.12
2016.05.04 01:13:33.377,0.8397,0.83978,1.00,1.00
2016.05.04 01:13:33.882,0.8397,0.83979,1.00,1.00
2016.05.04 01:13:36.184,0.8397,0.8398,1.00,1.50
2016.05.04 01:13:40.506,0.8397,0.83979,1.00,1.00
2016.05.04 01:13:41.161,0.8397,0.8398,1.00,1.12
2016.05.04 01:13:42.425,0.8397,0.83981,1.00,2.25
2016.05.04 01:13:43.318,0.8397,0.8398,1.00,1.00
2016.05.04 01:13:43.419,0.8397,0.83982,1.00,1.12
2016.05.04 01:13:45.964,0.83971,0.83982,1.00,1.12
2016.05.04 01:13:47.418,0.83969,0.83981,1.00,1.00
2016.05.04 01:13:47.519,0.83969,0.8398,1.00,1.37
2016.05.04 01:13:47.772,0.83972,0.83985,1.00,2.25
2016.05.04 01:13:47.824,0.83972,0.83984,1.00,1.50
2016.05.04 01:13:47.977,0.8397,0.83982,1.00,1.12
2016.05.04 01:13:48.028,0.8397,0.83981,1.00,1.37
2016.05.04 01:13:48.866,0.8397,0.83979,1.00,1.00
2016.05.04 01:13:48.917,0.83968,0.83979,1.00,1.50
2016.05.04 01:13:49.018,0.83968,0.83976,1.00,1.00
2016.05.04 01:13:49.069,0.83965,0.83976,1.00,1.00
2016.05.04 01:13:49.120,0.83963,0.83976,1.00,1.50
2016.05.04 01:13:49.222,0.83963,0.83978,1.00,2.62
2016.05.04 01:13:49.324,0.83965,0.83978,1.00,2.25
2016.05.04 01:13:49.950,0.83965,0.83978,1.00,1.87
2016.05.04 01:13:50.466,0.83965,0.83977,1.00,1.00
2016.05.04 01:13:51.253,0.83967,0.83978,1.00,1.00
2016.05.04 01:13:51.659,0.83965,0.83977,1.00,1.00
2016.05.04 01:13:54.933,0.83965,0.83978,1.00,3.00
2016.05.04 01:13:55.439,0.83965,0.83977,1.00,1.00
2016.05.04 01:13:58.281,0.83968,0.83978,1.00,1.37
2016.05.04 01:13:59.022,0.83968,0.8398,1.00,2.62
2016.05.04 01:13:59.539,0.83968,0.8398,1.00,2.62
2016.05.04 01:14:05.176,0.83968,0.83982,1.00,1.12
2016.05.04 01:14:05.227,0.8397,0.83982,1.00,1.12
2016.05.04 01:14:05.732,0.8397,0.83981,1.00,1.00
2016.05.04 01:14:06.328,0.8397,0.8398,1.00,1.00
2016.05.04 01:14:10.689,0.83968,0.8398,1.00,1.50
2016.05.04 01:14:12.999,0.83968,0.83982,1.00,1.87
2016.05.04 01:14:15.766,0.83968,0.83981,1.00,1.00
2016.05.04 01:14:15.968,0.83968,0.83979,1.00,1.00
2016.05.04 01:14:16.981,0.83968,0.8398,1.00,1.00
2016.05.04 01:14:18.158,0.83968,0.83982,1.00,1.87
2016.05.04 01:14:20.001,0.83971,0.83982,1.00,1.37
2016.05.04 01:14:20.305,0.83971,0.83984,1.00,1.54
2016.05.04 01:14:20.817,0.83971,0.83985,1.00,1.12
2016.05.04 01:14:21.420,0.83971,0.83985,1.00,1.00
2016.05.04 01:14:21.934,0.83972,0.83985,1.00,1.00
2016.05.04 01:14:24.447,0.83974,0.83986,1.00,1.00
2016.05.04 01:14:24.599,0.83974,0.83989,1.00,2.25
2016.05.04 01:14:25.229,0.83974,0.83988,1.00,1.37
2016.05.04 01:14:25.730,0.83974,0.83985,1.00,1.00
2016.05.04 01:14:25.884,0.83974,0.83987,1.00,1.50
2016.05.04 01:14:26.832,0.83974,0.83986,1.00,1.00
2016.05.04 01:14:29.437,0.83974,0.83985,1.00,1.00
2016.05.04 01:14:29.538,0.83972,0.83985,1.00,1.12
2016.05.04 01:14:29.690,0.83968,0.83985,1.87,1.87
2016.05.04 01:14:29.742,0.83972,0.83983,1.00,1.00
2016.05.04 01:14:30.046,0.83972,0.83985,1.00,1.87
2016.05.04 01:14:30.694,0.83972,0.83984,1.00,1.00
2016.05.04 01:14:31.293,0.83972,0.83985,1.00,1.87
2016.05.04 01:14:33.449,0.83973,0.83986,1.00,1.87
2016.05.04 01:14:33.601,0.83976,0.83988,1.00,1.10
2016.05.04 01:14:35.267,0.83976,0.83991,1.00,3.00
2016.05.04 01:14:36.127,0.83976,0.83992,1.50,1.87
2016.05.04 01:14:36.583,0.83976,0.83988,1.00,1.00
2016.05.04 01:14:37.094,0.83976,0.83989,1.00,1.87
2016.05.04 01:14:37.977,0.83973,0.83989,1.00,1.87
2016.05.04 01:14:38.515,0.83974,0.83987,1.00,1.12
2016.05.04 01:14:40.994,0.83974,0.83986,1.00,1.00
2016.05.04 01:14:41.525,0.83974,0.83985,1.00,1.00
2016.05.04 01:14:42.282,0.83974,0.83984,1.00,1.00
2016.05.04 01:14:42.484,0.83974,0.83986,1.00,1.00
2016.05.04 01:14:43.000,0.83974,0.83987,1.00,1.12
2016.05.04 01:14:45.657,0.83974,0.83989,1.00,1.50
2016.05.04 01:14:46.163,0.83974,0.83987,1.00,1.00
2016.05.04 01:14:47.236,0.83974,0.83987,1.00,1.12
2016.05.04 01:14:47.744,0.83973,0.83987,1.00,1.75
2016.05.04 01:14:48.662,0.83973,0.83984,1.00,1.37
2016.05.04 01:14:51.156,0.83973,0.83987,1.00,1.50
2016.05.04 01:14:52.505,0.83974,0.83988,1.00,1.95
2016.05.04 01:14:53.028,0.83974,0.83988,1.00,1.50
2016.05.04 01:14:55.463,0.83974,0.83991,1.00,3.00
2016.05.04 01:14:55.564,0.83974,0.83989,1.00,1.12
2016.05.04 01:14:58.163,0.83974,0.83986,1.00,1.00
2016.05.04 01:14:58.963,0.83974,0.83986,1.00,1.37
2016.05.04 01:14:59.118,0.83971,0.83986,1.00,1.37
2016.05.04 01:15:00.251,0.83971,0.83988,1.12,1.87
2016.05.04 01:15:00.361,0.83969,0.83987,1.00,1.12
2016.05.04 01:15:00.563,0.83969,0.83984,1.00,1.12
2016.05.04 01:15:01.274,0.83969,0.83987,1.00,1.12
2016.05.04 01:15:01.658,0.8397,0.83987,1.00,1.00
2016.05.04 01:15:01.760,0.83969,0.83986,1.12,1.37
2016.05.04 01:15:02.274,0.83969,0.83985,1.00,1.87
2016.05.04 01:15:04.472,0.83969,0.83985,1.00,1.10
2016.05.04 01:15:04.612,0.83969,0.83985,1.00,1.20
2016.05.04 01:15:05.118,0.83967,0.83986,1.87,1.50
2016.05.04 01:15:05.371,0.83967,0.83985,1.00,1.47
2016.05.04 01:15:05.777,0.83967,0.83984,1.00,1.12
2016.05.04 01:15:05.828,0.83965,0.83984,1.12,1.12
2016.05.04 01:15:06.284,0.83966,0.83986,1.12,1.87
2016.05.04 01:15:06.588,0.83971,0.83987,1.50,1.50
2016.05.04 01:15:06.740,0.83971,0.83988,1.50,1.00
2016.05.04 01:15:06.791,0.83972,0.83991,1.12,1.12
2016.05.04 01:15:07.095,0.83976,0.83994,1.87,1.47
2016.05.04 01:15:07.443,0.83976,0.83992,1.00,1.50
2016.05.04 01:15:07.544,0.83974,0.83992,1.00,1.87
2016.05.04 01:15:10.315,0.83974,0.83993,1.50,1.50
2016.05.04 01:15:10.828,0.83976,0.83995,1.12,2.62
2016.05.04 01:15:10.879,0.83978,0.83995,1.00,1.87
2016.05.04 01:15:11.391,0.83978,0.83993,1.00,1.57
2016.05.04 01:15:12.268,0.83978,0.83993,1.00,2.32
2016.05.04 01:15:12.420,0.83973,0.83991,1.12,1.37
2016.05.04 01:15:13.070,0.83973,0.83991,1.50,1.37
2016.05.04 01:15:13.626,0.83973,0.83989,1.12,1.00
2016.05.04 01:15:14.159,0.83973,0.83989,1.00,1.50
2016.05.04 01:15:14.681,0.83973,0.83989,1.12,1.00
2016.05.04 01:15:15.450,0.83975,0.83989,1.00,1.00
2016.05.04 01:15:16.797,0.83975,0.83988,1.00,1.37
2016.05.04 01:15:16.949,0.83973,0.83988,1.00,1.37
2016.05.04 01:15:17.101,0.8397,0.83988,1.37,1.50
2016.05.04 01:15:17.405,0.83971,0.83989,1.12,1.50
2016.05.04 01:15:17.911,0.83974,0.83989,1.00,1.50
2016.05.04 01:15:19.517,0.8397,0.83987,1.00,1.20
2016.05.04 01:15:19.618,0.8397,0.83987,1.12,1.20
2016.05.04 01:15:22.320,0.8397,0.83987,1.00,1.95
2016.05.04 01:15:22.658,0.8397,0.83987,1.50,1.50
2016.05.04 01:15:32.247,0.8397,0.83982,1.50,1.00
2016.05.04 01:15:33.547,0.8397,0.83979,1.00,1.00
2016.05.04 01:15:33.801,0.8396,0.83974,1.00,1.00
2016.05.04 01:15:34.332,0.83961,0.83973,1.00,1.00
2016.05.04 01:15:34.884,0.83961,0.83971,1.00,1.00
2016.05.04 01:15:35.137,0.83958,0.83971,1.12,1.00
2016.05.04 01:15:35.414,0.83958,0.83973,1.12,1.00
2016.05.04 01:15:35.465,0.83958,0.83974,2.62,1.00
2016.05.04 01:15:35.770,0.83961,0.83972,1.00,1.00
2016.05.04 01:15:37.094,0.83961,0.83975,1.00,1.00
2016.05.04 01:15:37.608,0.83961,0.83975,1.50,1.00
2016.05.04 01:15:38.093,0.83961,0.83972,1.50,1.00
2016.05.04 01:15:38.620,0.83961,0.83971,1.00,1.00
2016.05.04 01:15:38.771,0.83961,0.83973,1.00,1.00
2016.05.04 01:15:38.974,0.83963,0.83973,1.12,1.00
2016.05.04 01:15:39.945,0.83963,0.83971,1.00,1.00
2016.05.04 01:15:39.996,0.83961,0.83971,1.12,1.00
2016.05.04 01:15:40.349,0.83961,0.83973,1.00,1.00
2016.05.04 01:15:43.231,0.83961,0.83971,1.00,1.00
2016.05.04 01:15:45.162,0.83961,0.83973,1.00,1.00
2016.05.04 01:15:45.868,0.83962,0.83973,1.00,1.00
2016.05.04 01:15:48.079,0.8396,0.83973,1.00,1.00
2016.05.04 01:15:49.830,0.8396,0.83971,1.00,1.00
2016.05.04 01:15:51.734,0.8396,0.83973,1.00,1.00
2016.05.04 01:15:53.990,0.8396,0.83974,1.00,1.00
2016.05.04 01:15:54.092,0.83961,0.83974,1.37,1.00
2016.05.04 01:15:54.598,0.83961,0.83973,1.37,1.00
2016.05.04 01:15:54.700,0.8396,0.83973,1.12,1.00
2016.05.04 01:15:55.647,0.8396,0.8397,1.12,1.00
2016.05.04 01:15:58.390,0.8396,0.83968,1.00,1.00
2016.05.04 01:15:58.515,0.83957,0.83968,1.00,1.00
2016.05.04 01:15:58.617,0.83955,0.83969,1.50,1.00
2016.05.04 01:15:58.718,0.83956,0.83967,1.37,1.00
2016.05.04 01:16:00.216,0.83955,0.8397,1.87,1.00
2016.05.04 01:16:01.211,0.83955,0.83972,1.87,1.12
2016.05.04 01:16:01.356,0.8396,0.83973,1.00,1.12
2016.05.04 01:16:01.659,0.8396,0.83975,1.50,1.10
2016.05.04 01:16:07.646,0.83961,0.83974,1.12,1.00
2016.05.04 01:16:07.797,0.83963,0.83977,1.12,1.00
2016.05.04 01:16:08.303,0.83965,0.83978,1.12,1.00
2016.05.04 01:16:08.952,0.83966,0.83978,1.00,1.00
2016.05.04 01:16:09.898,0.83967,0.83978,1.37,1.00
2016.05.04 01:16:11.837,0.83966,0.83978,1.12,1.00
2016.05.04 01:16:19.644,0.83966,0.83981,1.12,1.00
2016.05.04 01:16:19.846,0.83968,0.83981,1.00,1.12
2016.05.04 01:16:20.566,0.83967,0.83981,1.00,1.12
2016.05.04 01:16:21.071,0.83967,0.83979,1.00,1.00
2016.05.04 01:16:24.760,0.83967,0.83976,1.00,1.00
2016.05.04 01:16:24.862,0.83964,0.83976,1.25,1.00
2016.05.04 01:16:27.149,0.83962,0.83976,1.25,1.00
2016.05.04 01:16:29.305,0.83965,0.83976,1.00,1.00
2016.05.04 01:16:29.407,0.83965,0.83979,1.00,1.12
2016.05.04 01:16:29.913,0.83966,0.83979,1.00,1.00
2016.05.04 01:16:30.416,0.83965,0.83979,1.12,1.00
2016.05.04 01:16:34.175,0.83965,0.83979,1.87,1.00
2016.05.04 01:16:43.555,0.83967,0.83979,1.37,1.00
2016.05.04 01:16:49.486,0.83967,0.83979,1.00,1.00
2016.05.04 01:16:50.427,0.83967,0.83978,1.00,1.00
2016.05.04 01:17:07.317,0.83967,0.83977,1.00,1.00
2016.05.04 01:17:07.419,0.83967,0.83979,1.00,1.00
2016.05.04 01:17:11.817,0.83966,0.83979,1.00,1.00
2016.05.04 01:17:12.405,0.83967,0.83979,1.00,1.00
2016.05.04 01:17:12.935,0.83968,0.83981,1.00,1.50
2016.05.04 01:17:13.036,0.83968,0.83983,1.50,1.87
2016.05.04 01:17:13.254,0.83971,0.83983,1.00,1.00
2016.05.04 01:17:16.471,0.83971,0.83981,1.50,1.00
2016.05.04 01:17:21.724,0.83971,0.83982,1.00,1.00
2016.05.04 01:17:38.278,0.83971,0.83983,1.50,1.00
2016.05.04 01:17:38.629,0.83973,0.83983,1.00,1.00
2016.05.04 01:17:39.422,0.83972,0.83983,1.87,1.00
2016.05.04 01:17:39.575,0.8397,0.83982,1.12,1.00
2016.05.04 01:17:40.724,0.8397,0.83981,1.00,1.00
2016.05.04 01:17:45.096,0.83969,0.83981,1.12,1.00
2016.05.04 01:17:48.661,0.83968,0.83982,1.62,1.00
2016.05.04 01:17:54.271,0.83968,0.8398,1.50,1.00
2016.05.04 01:17:57.640,0.83968,0.83979,1.50,1.00
2016.05.04 01:17:58.523,0.83968,0.83979,1.00,1.00
2016.05.04 01:17:59.915,0.83968,0.8398,1.00,1.00
2016.05.04 01:18:00.440,0.83969,0.8398,1.00,1.00
2016.05.04 01:18:03.123,0.83969,0.83981,1.50,1.00
2016.05.04 01:18:03.693,0.83971,0.83981,1.50,1.00
2016.05.04 01:18:03.745,0.83971,0.83983,1.50,1.00
2016.05.04 01:18:04.804,0.83971,0.83983,1.00,1.00
2016.05.04 01:18:05.081,0.83969,0.8398,1.50,1.00
2016.05.04 01:18:05.601,0.83969,0.8398,1.00,1.50
2016.05.04 01:18:05.957,0.83966,0.83978,2.25,1.00
2016.05.04 01:18:06.192,0.83959,0.83974,3.50,1.87
2016.05.04 01:18:06.243,0.83959,0.83971,2.37,1.00
2016.05.04 01:18:06.547,0.83959,0.83969,1.62,1.00
2016.05.04 01:18:06.955,0.83956,0.83969,1.87,1.00
2016.05.04 01:18:07.007,0.83958,0.83971,1.00,1.00
2016.05.04 01:18:07.311,0.8396,0.83973,1.00,1.37
2016.05.04 01:18:07.757,0.83961,0.83975,1.12,1.17
2016.05.04 01:18:08.709,0.83962,0.83975,1.00,1.17
2016.05.04 01:18:10.331,0.83962,0.83974,1.00,1.00
2016.05.04 01:18:10.523,0.8396,0.83974,2.62,1.00
2016.05.04 01:18:12.326,0.8396,0.83975,1.87,1.00
2016.05.04 01:18:12.427,0.8396,0.83975,2.62,1.00
2016.05.04 01:18:12.732,0.83962,0.83973,1.00,1.00
2016.05.04 01:18:12.783,0.83958,0.83973,2.07,1.00
2016.05.04 01:18:13.289,0.83957,0.83972,2.00,1.00
2016.05.04 01:18:14.292,0.83957,0.83972,2.00,1.00
2016.05.04 01:18:17.224,0.83957,0.83974,2.00,1.87
2016.05.04 01:18:17.275,0.83959,0.83974,1.00,1.12
2016.05.04 01:18:17.821,0.8396,0.83974,1.00,1.00
2016.05.04 01:18:19.981,0.83962,0.83974,1.00,1.00
2016.05.04 01:18:20.487,0.83961,0.83974,1.00,1.00
2016.05.04 01:18:21.800,0.83961,0.83974,1.87,1.00
2016.05.04 01:18:22.735,0.83961,0.83976,1.87,1.00
2016.05.04 01:18:23.884,0.83961,0.83978,2.62,1.00
2016.05.04 01:18:24.238,0.83962,0.83978,1.50,1.00
2016.05.04 01:18:24.726,0.83962,0.83977,1.00,1.87
2016.05.04 01:18:24.777,0.83962,0.83973,1.00,1.00
2016.05.04 01:18:26.372,0.83958,0.83973,2.25,1.00
2016.05.04 01:18:28.284,0.83958,0.8397,1.50,1.00
2016.05.04 01:18:28.802,0.83958,0.8397,1.00,1.00
2016.05.04 01:18:30.160,0.83958,0.83969,1.00,1.00
2016.05.04 01:18:30.211,0.83956,0.83969,1.50,1.00
2016.05.04 01:18:30.553,0.83954,0.83965,1.12,1.00
2016.05.04 01:18:30.908,0.83951,0.83959,1.12,1.00
2016.05.04 01:18:31.010,0.83948,0.83959,1.50,1.00
2016.05.04 01:18:31.163,0.83946,0.83957,1.62,1.00
2016.05.04 01:18:32.425,0.83945,0.83957,1.00,1.00
2016.05.04 01:18:35.433,0.83945,0.83956,1.00,1.00
2016.05.04 01:18:35.484,0.83943,0.83956,1.12,1.00
2016.05.04 01:18:35.535,0.83943,0.83954,1.00,1.00
2016.05.04 01:18:35.586,0.8394,0.83954,1.87,1.00
2016.05.04 01:18:36.092,0.8394,0.83953,1.12,1.00
2016.05.04 01:18:37.712,0.8394,0.83954,1.00,1.50
2016.05.04 01:18:38.533,0.8394,0.83953,1.00,1.00
2016.05.04 01:18:38.634,0.83938,0.83953,1.00,1.00
2016.05.04 01:18:39.709,0.83936,0.83952,1.50,1.00
2016.05.04 01:18:40.270,0.83936,0.83951,1.00,1.00
2016.05.04 01:18:41.746,0.83936,0.83949,1.00,1.00
2016.05.04 01:18:42.547,0.83933,0.83949,2.62,1.00
2016.05.04 01:18:42.649,0.83933,0.83949,2.25,1.00
2016.05.04 01:18:46.558,0.83936,0.8395,1.00,1.50
2016.05.04 01:18:47.244,0.83936,0.83951,1.00,1.00
2016.05.04 01:18:48.612,0.83937,0.83951,1.00,1.00
2016.05.04 01:18:48.765,0.83938,0.83954,2.25,1.50
2016.05.04 01:18:49.342,0.83938,0.83953,1.50,1.00
2016.05.04 01:18:49.916,0.83938,0.83954,1.50,1.50
2016.05.04 01:18:50.278,0.83938,0.83952,1.50,1.00
2016.05.04 01:18:51.127,0.83937,0.83951,1.12,1.00
2016.05.04 01:18:51.632,0.83935,0.8395,1.75,1.50
2016.05.04 01:18:51.683,0.83935,0.8395,1.00,1.50
2016.05.04 01:18:52.191,0.83935,0.83949,1.00,1.00
2016.05.04 01:18:58.676,0.83935,0.83948,1.00,1.00
2016.05.04 01:18:58.879,0.83933,0.83948,1.12,1.12
2016.05.04 01:19:00.285,0.83933,0.83948,1.37,1.00
2016.05.04 01:19:01.341,0.83933,0.83949,2.25,1.00
2016.05.04 01:19:02.055,0.83934,0.8395,4.37,1.00
2016.05.04 01:19:02.258,0.83935,0.83952,1.50,1.50
2016.05.04 01:19:02.797,0.83936,0.83952,1.00,1.00
2016.05.04 01:19:02.848,0.83938,0.83952,1.00,1.00
2016.05.04 01:19:03.399,0.83937,0.83952,1.50,1.00
2016.05.04 01:19:05.646,0.83937,0.83953,1.00,1.50
2016.05.04 01:19:06.458,0.83939,0.83953,1.00,1.00
2016.05.04 01:19:06.880,0.83939,0.83955,1.00,1.00
2016.05.04 01:19:07.255,0.83939,0.83953,1.00,1.00
2016.05.04 01:19:10.977,0.83938,0.83953,2.12,1.00
2016.05.04 01:19:12.371,0.83938,0.83954,1.37,1.50
2016.05.04 01:19:14.957,0.83939,0.83954,1.37,1.50
2016.05.04 01:19:16.288,0.83939,0.83953,1.37,1.00
2016.05.04 01:19:16.592,0.83941,0.83954,1.00,1.50
2016.05.04 01:19:18.287,0.83941,0.83956,1.00,1.00
2016.05.04 01:19:18.920,0.83942,0.83956,1.00,1.00
2016.05.04 01:19:19.446,0.83941,0.83955,1.00,1.00
2016.05.04 01:19:20.095,0.83941,0.83956,1.00,1.00
2016.05.04 01:19:20.984,0.83941,0.83954,1.00,1.00
2016.05.04 01:19:23.210,0.83939,0.83949,2.75,1.00
2016.05.04 01:19:23.514,0.83939,0.83945,2.00,1.00
2016.05.04 01:19:23.869,0.8393,0.83945,2.75,1.00
2016.05.04 01:19:26.180,0.83931,0.83946,1.00,1.00
2016.05.04 01:19:26.232,0.83933,0.83946,1.00,1.00
2016.05.04 01:19:26.283,0.83933,0.83949,1.00,1.00
2016.05.04 01:19:26.486,0.83936,0.83953,1.00,2.25
2016.05.04 01:19:26.638,0.83938,0.83955,1.50,1.00
2016.05.04 01:19:26.689,0.8394,0.83957,1.00,2.37
2016.05.04 01:19:27.043,0.83939,0.83955,1.00,1.37
2016.05.04 01:19:27.561,0.83938,0.83955,1.50,1.37
2016.05.04 01:19:28.062,0.83939,0.83955,1.00,1.37
2016.05.04 01:19:30.374,0.83939,0.83955,1.00,1.00
2016.05.04 01:19:30.948,0.83939,0.83956,1.00,1.00
2016.05.04 01:19:31.551,0.83938,0.83955,3.50,1.00
2016.05.04 01:19:32.782,0.83938,0.83956,2.75,1.00
2016.05.04 01:19:36.037,0.83941,0.83956,1.00,1.50
2016.05.04 01:19:39.765,0.83941,0.83955,1.00,1.00
2016.05.04 01:19:40.069,0.83941,0.83953,1.00,1.00
2016.05.04 01:19:40.171,0.83938,0.83953,1.00,1.00
2016.05.04 01:19:42.477,0.83938,0.83954,1.00,1.50
2016.05.04 01:19:43.642,0.83938,0.83951,1.00,1.00
2016.05.04 01:19:47.693,0.83937,0.83951,1.00,1.00
2016.05.04 01:19:48.918,0.83937,0.83952,1.00,1.00
2016.05.04 01:19:51.097,0.83937,0.83953,1.00,1.00
2016.05.04 01:19:51.400,0.83937,0.83951,1.00,1.00
2016.05.04 01:19:55.148,0.83938,0.83953,1.00,1.50
2016.05.04 01:19:55.657,0.83938,0.83954,1.50,1.00
2016.05.04 01:19:57.716,0.83938,0.83952,1.50,1.50
2016.05.04 01:19:57.919,0.83936,0.8395,1.12,1.50
2016.05.04 01:19:58.121,0.83935,0.83948,2.25,1.00
2016.05.04 01:19:58.223,0.83935,0.8395,2.25,1.50
2016.05.04 01:19:59.396,0.83936,0.8395,1.37,1.50
2016.05.04 01:20:00.087,0.83936,0.83949,1.37,1.00
2016.05.04 01:20:00.998,0.83935,0.8395,1.50,1.50
2016.05.04 01:20:01.108,0.83936,0.8395,1.87,1.00
2016.05.04 01:20:01.209,0.8394,0.83954,1.00,1.37
2016.05.04 01:20:01.311,0.8394,0.83955,1.50,1.00
2016.05.04 01:20:01.412,0.8394,0.83955,2.62,1.00
2016.05.04 01:20:01.927,0.83942,0.83956,1.12,1.00
2016.05.04 01:20:03.230,0.83942,0.83958,1.12,1.50
2016.05.04 01:20:03.768,0.83942,0.83958,2.62,1.50
2016.05.04 01:20:05.848,0.83944,0.83961,1.00,1.00
2016.05.04 01:20:06.392,0.83945,0.83961,1.50,1.00
2016.05.04 01:20:09.192,0.83946,0.83962,1.00,1.00
2016.05.04 01:20:09.647,0.83948,0.83962,1.00,1.00
2016.05.04 01:20:10.153,0.83947,0.83962,1.00,1.00
2016.05.04 01:20:10.204,0.83948,0.83964,1.00,1.00
2016.05.04 01:20:10.744,0.8395,0.83964,1.00,1.00
2016.05.04 01:20:10.845,0.83952,0.83967,1.00,1.00
2016.05.04 01:20:10.896,0.83955,0.83967,1.00,1.00
2016.05.04 01:20:10.998,0.83955,0.83969,1.00,1.00
2016.05.04 01:20:11.099,0.83955,0.83971,1.00,1.17
2016.05.04 01:20:11.453,0.83956,0.83973,1.00,1.50
2016.05.04 01:20:11.554,0.83956,0.83971,1.00,1.00
2016.05.04 01:20:12.155,0.83956,0.8397,1.00,1.00
2016.05.04 01:20:12.963,0.83953,0.83969,1.00,1.00
2016.05.04 01:20:13.064,0.83953,0.83967,1.00,1.00
2016.05.04 01:20:13.115,0.83951,0.83967,5.12,1.00
2016.05.04 01:20:13.389,0.83951,0.83965,4.75,1.00
2016.05.04 01:20:13.902,0.83951,0.83966,1.50,1.00
2016.05.04 01:20:14.676,0.83951,0.83965,1.50,1.00
2016.05.04 01:20:15.050,0.83951,0.83967,1.50,1.50
2016.05.04 01:20:16.608,0.83951,0.83966,1.00,1.00
2016.05.04 01:20:16.723,0.83949,0.83966,1.00,1.00
2016.05.04 01:20:17.078,0.83949,0.83964,1.00,1.00
2016.05.04 01:20:17.293,0.83949,0.83966,1.00,1.50
2016.05.04 01:20:17.753,0.83949,0.83966,1.12,1.50
2016.05.04 01:20:18.855,0.83949,0.83966,1.17,1.50
2016.05.04 01:20:20.919,0.83952,0.83966,1.00,1.00
2016.05.04 01:20:21.424,0.83952,0.83967,1.00,1.00
2016.05.04 01:20:22.130,0.83952,0.83968,1.00,1.00
2016.05.04 01:20:22.774,0.83952,0.83968,1.75,1.00
2016.05.04 01:20:27.658,0.83952,0.83968,1.75,1.00
2016.05.04 01:20:30.008,0.83952,0.83968,1.00,1.00
2016.05.04 01:20:31.369,0.83952,0.83969,1.00,1.00
2016.05.04 01:20:31.420,0.83954,0.83969,1.00,1.00
2016.05.04 01:20:31.572,0.83956,0.83972,1.00,1.00
2016.05.04 01:20:31.727,0.83954,0.83971,1.00,1.00
2016.05.04 01:20:31.778,0.83954,0.83969,1.00,1.00
2016.05.04 01:20:31.880,0.83954,0.83971,1.00,1.50
2016.05.04 01:20:32.234,0.83956,0.83971,1.00,1.00
2016.05.04 01:20:32.386,0.83956,0.83973,1.00,1.50
2016.05.04 01:20:32.588,0.83958,0.83974,1.00,1.17
2016.05.04 01:20:37.577,0.83957,0.83974,1.00,1.50
2016.05.04 01:20:39.169,0.83959,0.83974,1.00,1.00
2016.05.04 01:20:39.220,0.83959,0.83976,1.00,1.57
2016.05.04 01:20:41.079,0.83959,0.83973,1.00,1.00
2016.05.04 01:20:41.181,0.83959,0.83975,1.00,1.00
2016.05.04 01:20:41.326,0.83961,0.83974,1.00,1.00
2016.05.04 01:20:41.630,0.83961,0.83972,1.00,1.00
2016.05.04 01:20:41.970,0.83961,0.83974,1.00,1.50
2016.05.04 01:20:42.524,0.83957,0.83974,1.50,1.50
2016.05.04 01:20:47.228,0.83957,0.83974,3.00,1.37
2016.05.04 01:20:47.532,0.83957,0.83974,3.75,1.50
2016.05.04 01:20:48.718,0.83957,0.83974,2.62,1.37
2016.05.04 01:20:48.994,0.83959,0.83974,1.00,1.50
2016.05.04 01:20:49.324,0.83961,0.83976,1.50,1.87
2016.05.04 01:20:49.526,0.83962,0.83977,1.12,1.50
2016.05.04 01:20:50.032,0.83962,0.83978,1.87,1.37
2016.05.04 01:20:50.880,0.83962,0.83978,1.00,1.87
2016.05.04 01:20:51.849,0.83962,0.83978,1.00,2.62
2016.05.04 01:20:52.152,0.83961,0.83978,1.87,1.12
2016.05.04 01:20:52.489,0.83964,0.83979,1.00,2.25
2016.05.04 01:20:55.967,0.83965,0.8398,1.00,1.12
2016.05.04 01:20:56.068,0.83965,0.83982,1.00,2.62
2016.05.04 01:20:56.606,0.83966,0.83982,1.12,1.37
2016.05.04 01:20:58.862,0.83967,0.83982,1.00,1.37
2016.05.04 01:20:59.014,0.83969,0.83983,1.00,1.37
2016.05.04 01:20:59.116,0.83969,0.83984,1.00,1.87
2016.05.04 01:20:59.621,0.8397,0.83984,1.50,1.00
2016.05.04 01:21:00.237,0.8397,0.83986,2.25,1.12
2016.05.04 01:21:02.304,0.83971,0.83987,1.00,2.62
2016.05.04 01:21:04.093,0.8397,0.83986,1.50,1.12
2016.05.04 01:21:05.925,0.8397,0.83985,1.00,1.00
2016.05.04 01:21:05.976,0.83969,0.83977,1.00,1.00
2016.05.04 01:21:06.226,0.83962,0.83975,1.50,1.00
2016.05.04 01:21:07.138,0.83962,0.83973,1.00,1.00
2016.05.04 01:21:07.340,0.83959,0.83973,1.50,1.00
2016.05.04 01:21:07.482,0.83959,0.83971,1.12,1.00
2016.05.04 01:21:09.073,0.83959,0.83973,1.12,1.00
2016.05.04 01:21:09.221,0.83962,0.83973,1.00,1.00
2016.05.04 01:21:09.736,0.83963,0.83973,1.00,1.00
2016.05.04 01:21:10.040,0.83962,0.83975,1.50,1.00
2016.05.04 01:21:10.142,0.83962,0.83972,1.00,1.00
2016.05.04 01:21:10.648,0.8396,0.83972,1.37,1.00
2016.05.04 01:21:14.002,0.8396,0.83972,1.00,1.00
2016.05.04 01:21:14.053,0.83958,0.83972,1.50,1.00
2016.05.04 01:21:14.458,0.83958,0.83972,1.87,1.00
2016.05.04 01:21:14.963,0.83962,0.83973,1.00,1.00
2016.05.04 01:21:15.966,0.83962,0.83972,1.00,1.00
2016.05.04 01:21:16.471,0.8396,0.83972,1.00,1.00
2016.05.04 01:21:16.962,0.83962,0.83973,1.00,1.00
2016.05.04 01:21:18.771,0.83964,0.83973,1.00,1.00
2016.05.04 01:21:21.181,0.83964,0.83975,1.00,1.00
2016.05.04 01:21:23.493,0.83964,0.83973,1.00,1.00
2016.05.04 01:21:23.544,0.83962,0.83973,1.00,1.00
2016.05.04 01:21:24.184,0.83962,0.83975,1.00,1.00
2016.05.04 01:21:24.386,0.83962,0.83975,1.50,1.00
2016.05.04 01:21:24.488,0.83962,0.83976,1.50,1.00
2016.05.04 01:21:24.539,0.83964,0.83976,1.00,1.00
2016.05.04 01:21:24.944,0.83967,0.83976,1.00,1.00
2016.05.04 01:21:24.996,0.83965,0.83976,1.12,1.00
2016.05.04 01:21:25.098,0.83967,0.83976,1.00,1.00
2016.05.04 01:21:29.982,0.83967,0.83978,1.00,1.00
2016.05.04 01:21:30.977,0.83967,0.8398,1.00,1.12
2016.05.04 01:21:31.586,0.83967,0.83977,1.00,1.00
2016.05.04 01:21:32.199,0.83967,0.83974,1.00,1.00
2016.05.04 01:21:32.252,0.83964,0.83974,1.00,1.00
2016.05.04 01:21:33.090,0.83964,0.83977,1.00,1.12
2016.05.04 01:21:33.343,0.83967,0.83978,1.00,1.12
2016.05.04 01:21:33.495,0.83967,0.83981,1.00,1.50
2016.05.04 01:21:33.676,0.8397,0.83982,1.00,1.50
2016.05.04 01:21:33.727,0.8397,0.83983,1.00,1.12
2016.05.04 01:21:34.030,0.83972,0.83983,1.00,1.12
2016.05.04 01:21:34.334,0.83976,0.83987,1.00,1.00
2016.05.04 01:21:37.301,0.83976,0.83986,1.00,1.00
2016.05.04 01:21:37.504,0.83972,0.83984,1.12,1.00
2016.05.04 01:21:38.059,0.83972,0.83983,1.00,1.50
2016.05.04 01:21:39.056,0.8397,0.83982,1.00,1.00
2016.05.04 01:21:39.107,0.8397,0.8398,1.00,1.00
2016.05.04 01:21:39.158,0.83968,0.8398,1.00,1.00
2016.05.04 01:21:39.260,0.83968,0.83978,1.00,1.00
2016.05.04 01:21:40.244,0.83968,0.8398,1.00,1.50
2016.05.04 01:21:40.447,0.8397,0.83983,1.00,1.50
2016.05.04 01:21:40.990,0.8397,0.83982,1.00,1.00
2016.05.04 01:21:41.509,0.8397,0.83983,1.00,1.50
2016.05.04 01:21:42.062,0.8397,0.83983,1.00,1.87
2016.05.04 01:21:42.565,0.8397,0.83981,1.00,1.00
2016.05.04 01:21:43.203,0.8397,0.8398,1.00,1.00
2016.05.04 01:21:46.332,0.83968,0.83972,1.00,1.00
2016.05.04 01:21:46.385,0.83964,0.83972,1.00,1.00
2016.05.04 01:21:46.487,0.83962,0.83972,1.12,1.00
2016.05.04 01:21:46.945,0.83962,0.83974,1.00,1.00
2016.05.04 01:21:49.666,0.83962,0.83975,1.12,1.00
2016.05.04 01:21:49.868,0.83962,0.83975,1.87,1.00
2016.05.04 01:21:59.719,0.83964,0.83976,1.00,1.00
2016.05.04 01:22:03.402,0.83964,0.83977,1.00,1.00
2016.05.04 01:22:03.706,0.83966,0.83977,1.12,1.00
2016.05.04 01:22:03.807,0.83966,0.83979,1.12,1.00
2016.05.04 01:22:04.115,0.83968,0.83979,1.00,1.00
2016.05.04 01:22:08.004,0.8397,0.83979,1.00,1.00
2016.05.04 01:22:08.842,0.8397,0.8398,1.00,1.00
2016.05.04 01:22:09.805,0.8397,0.83982,1.00,1.00
2016.05.04 01:22:09.957,0.83974,0.83982,1.00,1.00
2016.05.04 01:22:10.261,0.83974,0.83985,1.00,1.00
2016.05.04 01:22:10.615,0.83976,0.83985,1.00,1.00
2016.05.04 01:22:10.666,0.83976,0.83988,1.00,1.00
2016.05.04 01:22:11.515,0.83976,0.83989,1.00,1.50
2016.05.04 01:22:12.914,0.83979,0.83989,1.00,1.00
2016.05.04 01:22:12.965,0.83981,0.83994,1.00,1.50
2016.05.04 01:22:13.016,0.83985,0.83994,1.00,1.50
2016.05.04 01:22:13.118,0.83985,0.83997,1.00,1.87
2016.05.04 01:22:13.170,0.83989,0.83999,1.00,1.37
2016.05.04 01:22:13.271,0.8399,0.84001,1.00,1.50
2016.05.04 01:22:13.322,0.8399,0.84001,1.00,1.00
2016.05.04 01:22:13.676,0.83993,0.84002,1.00,3.25
2016.05.04 01:22:14.178,0.83993,0.84003,1.00,1.00
2016.05.04 01:22:14.280,0.83991,0.84003,1.00,1.00
2016.05.04 01:22:14.482,0.83991,0.84001,1.00,1.00
2016.05.04 01:22:14.786,0.83988,0.84001,1.87,1.00
2016.05.04 01:22:15.101,0.83986,0.84001,1.87,1.00
2016.05.04 01:22:15.606,0.83986,0.84,1.00,1.00
2016.05.04 01:22:20.022,0.83985,0.84,1.00,1.00
2016.05.04 01:22:20.528,0.83985,0.83999,1.00,1.00
2016.05.04 01:22:21.557,0.83984,0.83996,1.12,1.00
2016.05.04 01:22:21.659,0.83983,0.83998,1.50,1.00
2016.05.04 01:22:22.849,0.83983,0.83999,1.50,1.00
2016.05.04 01:22:22.900,0.83985,0.84,1.00,1.50
2016.05.04 01:22:23.001,0.83986,0.84001,1.12,1.00
2016.05.04 01:22:23.052,0.83988,0.84001,1.00,1.00
2016.05.04 01:22:23.204,0.83988,0.84003,1.00,1.12
2016.05.04 01:22:23.555,0.83989,0.84006,1.50,1.50
2016.05.04 01:22:23.606,0.83991,0.84006,1.00,1.50
2016.05.04 01:22:24.112,0.83991,0.84007,1.50,1.00
2016.05.04 01:22:24.416,0.83992,0.84008,1.37,4.00
2016.05.04 01:22:24.929,0.83994,0.84009,1.12,1.12
2016.05.04 01:22:25.435,0.83995,0.84009,1.00,1.00
2016.05.04 01:22:26.005,0.83996,0.84009,1.00,1.00
2016.05.04 01:22:29.716,0.83995,0.8401,1.87,1.00
2016.05.04 01:22:35.401,0.83996,0.84012,1.87,1.50
2016.05.04 01:22:35.963,0.83997,0.84012,1.00,1.00
2016.05.04 01:22:36.065,0.83999,0.84013,1.00,1.12
2016.05.04 01:22:36.571,0.83999,0.84014,1.87,1.00
2016.05.04 01:22:40.319,0.83999,0.84014,3.00,1.00
2016.05.04 01:22:40.370,0.84003,0.84017,1.00,1.00
2016.05.04 01:22:40.421,0.84004,0.84018,1.37,1.00
2016.05.04 01:22:40.761,0.84005,0.8402,1.00,1.00
2016.05.04 01:22:40.862,0.84007,0.8402,1.12,1.00
2016.05.04 01:22:42.074,0.84009,0.84022,1.00,1.87
2016.05.04 01:22:42.447,0.84008,0.84024,1.00,1.00
2016.05.04 01:22:42.499,0.84012,0.84026,1.00,2.62
2016.05.04 01:22:42.702,0.84013,0.84028,1.00,1.00
2016.05.04 01:22:43.210,0.84014,0.84028,1.00,1.00
2016.05.04 01:22:43.362,0.84017,0.84029,1.00,1.00
2016.05.04 01:22:43.535,0.84015,0.84029,1.00,1.00
2016.05.04 01:22:44.159,0.84019,0.84031,1.00,1.50
2016.05.04 01:22:44.513,0.84019,0.84034,1.00,1.12
2016.05.04 01:22:44.666,0.84025,0.84035,1.00,1.00
2016.05.04 01:22:44.861,0.8402,0.84036,1.12,1.00
2016.05.04 01:22:45.064,0.84024,0.84036,1.00,1.00
2016.05.04 01:22:45.166,0.84021,0.84036,1.00,1.00
2016.05.04 01:22:45.369,0.84023,0.84036,1.00,1.00
2016.05.04 01:22:45.470,0.8402,0.84034,1.12,1.00
2016.05.04 01:22:45.573,0.84018,0.84033,1.00,1.00
2016.05.04 01:22:45.676,0.84024,0.84035,1.00,1.50
2016.05.04 01:22:45.778,0.84021,0.84033,1.00,1.00
2016.05.04 01:22:45.971,0.84019,0.84034,1.00,1.00
2016.05.04 01:22:46.022,0.84019,0.84036,1.00,1.50
2016.05.04 01:22:46.074,0.84021,0.84036,1.00,1.00
2016.05.04 01:22:46.176,0.84021,0.84038,1.00,1.00
2016.05.04 01:22:46.330,0.84022,0.84041,1.50,1.87
2016.05.04 01:22:46.533,0.84025,0.84043,1.00,1.00
2016.05.04 01:22:46.735,0.84026,0.84046,1.00,1.50
2016.05.04 01:22:46.786,0.8403,0.84048,1.00,1.00
2016.05.04 01:22:47.127,0.84036,0.84053,1.00,1.00
2016.05.04 01:22:47.432,0.84047,0.84063,1.00,1.37
2016.05.04 01:22:47.534,0.84048,0.84065,1.00,1.00
2016.05.04 01:22:47.635,0.84048,0.84068,1.00,1.00
2016.05.04 01:22:47.686,0.84052,0.84068,1.00,1.00
2016.05.04 01:22:47.739,0.84052,0.84071,1.00,1.12
2016.05.04 01:22:47.790,0.84056,0.84071,1.00,1.00
2016.05.04 01:22:47.841,0.84056,0.84074,1.00,1.00
2016.05.04 01:22:47.943,0.84057,0.84076,1.00,1.00
2016.05.04 01:22:47.994,0.84064,0.8408,1.00,1.20
2016.05.04 01:22:48.096,0.84066,0.84084,1.00,1.57
2016.05.04 01:22:48.198,0.84069,0.84084,1.00,1.00
2016.05.04 01:22:48.249,0.84069,0.84087,1.00,1.50
2016.05.04 01:22:48.300,0.84071,0.84087,1.00,1.00
2016.05.04 01:22:48.605,0.84074,0.84091,1.50,1.00
2016.05.04 01:22:48.656,0.84074,0.84093,1.87,1.87
2016.05.04 01:22:48.707,0.84077,0.84097,1.50,1.87
2016.05.04 01:22:48.900,0.8408,0.841,2.32,1.12
2016.05.04 01:22:48.952,0.8408,0.841,1.00,1.12
2016.05.04 01:22:49.003,0.84083,0.841,1.00,1.00
2016.05.04 01:22:49.155,0.84084,0.84102,1.00,1.00
2016.05.04 01:22:49.207,0.84086,0.84106,1.00,1.50
2016.05.04 01:22:49.258,0.84086,0.84106,1.00,1.12
2016.05.04 01:22:49.309,0.84091,0.84111,1.00,2.25
2016.05.04 01:22:49.680,0.84092,0.84113,1.00,1.37
2016.05.04 01:22:49.732,0.84094,0.84113,1.00,1.37
2016.05.04 01:22:49.784,0.84096,0.84118,1.00,1.00
2016.05.04 01:22:49.836,0.84096,0.84118,1.37,1.00
2016.05.04 01:22:49.938,0.84098,0.84123,2.62,1.87
2016.05.04 01:22:50.040,0.84099,0.84119,1.12,1.00
2016.05.04 01:22:50.192,0.84099,0.84119,1.12,1.00
2016.05.04 01:22:50.912,0.841,0.8412,1.57,1.00
2016.05.04 01:22:51.166,0.84103,0.8412,1.00,1.00
2016.05.04 01:22:51.318,0.84101,0.8412,1.20,1.00
2016.05.04 01:22:51.370,0.841,0.84117,1.12,1.00
2016.05.04 01:22:51.523,0.84099,0.84121,1.37,1.00
2016.05.04 01:22:51.574,0.84105,0.84123,1.37,1.00
2016.05.04 01:22:51.625,0.84108,0.84127,1.00,1.37
2016.05.04 01:22:51.676,0.8411,0.84133,1.12,2.25
2016.05.04 01:22:51.826,0.84114,0.84139,1.50,1.48
2016.05.04 01:22:51.878,0.8412,0.84139,1.00,1.48
2016.05.04 01:22:51.981,0.84121,0.84143,1.10,1.00
2016.05.04 01:22:52.032,0.84122,0.84146,1.00,1.00
2016.05.04 01:22:52.083,0.84124,0.84148,1.87,1.96
2016.05.04 01:22:52.388,0.84123,0.84143,2.25,1.00
2016.05.04 01:22:52.622,0.84122,0.84141,1.50,1.00
2016.05.04 01:22:52.673,0.84117,0.84138,3.00,1.00
2016.05.04 01:22:52.978,0.84117,0.84129,1.00,1.00
2016.05.04 01:22:53.282,0.84116,0.84123,1.00,1.00
2016.05.04 01:22:53.384,0.841,0.84118,1.10,1.00
2016.05.04 01:22:53.486,0.84097,0.84118,1.00,1.00
2016.05.04 01:22:53.632,0.84097,0.84113,1.00,1.00
2016.05.04 01:22:53.683,0.84095,0.84113,1.50,1.00
2016.05.04 01:22:54.190,0.84092,0.84113,1.87,1.00
2016.05.04 01:22:54.392,0.84092,0.84117,1.50,1.12
2016.05.04 01:22:54.444,0.84093,0.84117,1.37,1.50
2016.05.04 01:22:54.596,0.84094,0.84117,1.47,1.00
2016.05.04 01:22:54.647,0.84095,0.84121,1.37,1.50
2016.05.04 01:22:54.748,0.84099,0.84121,1.00,1.12
2016.05.04 01:22:55.294,0.84099,0.84124,1.00,1.39
2016.05.04 01:22:55.407,0.84097,0.84118,1.12,1.00
2016.05.04 01:22:55.559,0.84094,0.84118,1.50,1.50
2016.05.04 01:22:55.661,0.84092,0.84118,1.87,1.57
2016.05.04 01:22:55.712,0.84092,0.84115,2.62,1.00
2016.05.04 01:22:56.021,0.84085,0.84104,1.12,1.00
2016.05.04 01:22:56.073,0.84083,0.84104,1.51,1.00
2016.05.04 01:22:56.124,0.84081,0.84102,1.96,1.00
2016.05.04 01:22:56.327,0.8408,0.84105,4.20,1.12
2016.05.04 01:22:56.847,0.8408,0.84103,4.20,1.00
2016.05.04 01:22:56.998,0.84079,0.84103,1.12,1.00
2016.05.04 01:22:57.331,0.84078,0.84102,1.00,1.00
2016.05.04 01:22:57.432,0.84075,0.84102,2.25,1.10
2016.05.04 01:22:57.838,0.8408,0.84105,1.00,1.37
2016.05.04 01:22:58.091,0.8408,0.84106,1.87,1.00
2016.05.04 01:22:58.192,0.8408,0.84106,1.12,1.00
2016.05.04 01:22:58.737,0.84084,0.84109,1.00,1.12
2016.05.04 01:22:59.041,0.84088,0.84114,1.87,1.12
2016.05.04 01:22:59.092,0.84089,0.84115,1.12,1.00
2016.05.04 01:22:59.598,0.8409,0.84115,1.87,1.00
2016.05.04 01:23:00.204,0.8409,0.84112,1.12,1.00
2016.05.04 01:23:00.305,0.8409,0.84115,1.12,1.00
2016.05.04 01:23:00.458,0.84088,0.84111,1.75,1.00
2016.05.04 01:23:00.712,0.84087,0.84111,2.62,1.00
2016.05.04 01:23:00.813,0.84087,0.84108,1.87,1.00
2016.05.04 01:23:00.965,0.84086,0.84108,1.10,1.00
2016.05.04 01:23:01.016,0.84087,0.84112,1.50,1.00
2016.05.04 01:23:01.210,0.84087,0.84108,3.00,1.00
2016.05.04 01:23:01.665,0.84087,0.84105,1.95,1.00
2016.05.04 01:23:01.970,0.8408,0.84099,1.10,1.00
2016.05.04 01:23:02.021,0.8408,0.84095,1.47,1.00
2016.05.04 01:23:02.174,0.84075,0.84095,1.50,1.00
2016.05.04 01:23:02.302,0.84074,0.84093,1.50,1.00
2016.05.04 01:23:02.369,0.84072,0.84093,3.00,1.00
2016.05.04 01:23:02.421,0.84078,0.84093,1.00,1.00
2016.05.04 01:23:02.522,0.84077,0.84096,1.00,1.00
2016.05.04 01:23:03.029,0.84076,0.84096,1.20,1.00
2016.05.04 01:23:03.080,0.84076,0.84092,1.20,1.00
2016.05.04 01:23:03.372,0.84072,0.84092,1.12,1.00
2016.05.04 01:23:03.525,0.84072,0.84088,1.12,1.00
2016.05.04 01:23:03.980,0.84067,0.84086,2.25,1.00
2016.05.04 01:23:04.669,0.84067,0.84083,1.12,1.00
2016.05.04 01:23:04.872,0.84063,0.84083,1.12,1.00
2016.05.04 01:23:04.923,0.84061,0.8408,1.20,1.00
2016.05.04 01:23:05.429,0.8406,0.8408,3.00,1.00
2016.05.04 01:23:05.878,0.84057,0.84077,1.10,1.00
2016.05.04 01:23:05.979,0.84058,0.84077,1.87,1.00
2016.05.04 01:23:06.182,0.84055,0.84074,1.00,1.00
2016.05.04 01:23:06.233,0.84057,0.84074,1.00,1.00
2016.05.04 01:23:06.538,0.84049,0.84067,1.12,1.00
2016.05.04 01:23:06.589,0.84047,0.84063,1.89,1.00
2016.05.04 01:23:06.985,0.84043,0.84063,2.70,1.00
2016.05.04 01:23:07.703,0.84043,0.84059,2.70,1.00
2016.05.04 01:23:08.181,0.84042,0.84055,1.12,1.00
2016.05.04 01:23:08.232,0.84043,0.8406,1.50,1.87
2016.05.04 01:23:08.284,0.84047,0.84059,1.12,1.00
2016.05.04 01:23:08.387,0.84045,0.84058,1.50,1.00
2016.05.04 01:23:08.438,0.84044,0.8406,1.12,1.00
2016.05.04 01:23:08.489,0.84043,0.8406,2.32,1.00
2016.05.04 01:23:08.591,0.84048,0.84064,1.00,1.00
2016.05.04 01:23:08.897,0.84053,0.84066,1.00,1.12
2016.05.04 01:23:08.948,0.84049,0.84066,1.50,1.12
2016.05.04 01:23:08.999,0.84049,0.84066,1.87,1.00
2016.05.04 01:23:09.199,0.84047,0.84064,1.50,1.50
2016.05.04 01:23:09.252,0.84049,0.84066,1.00,1.50
2016.05.04 01:23:09.303,0.84049,0.84066,1.12,1.12
2016.05.04 01:23:09.811,0.84051,0.84068,1.37,1.37
2016.05.04 01:23:09.914,0.84051,0.84071,1.37,1.87
2016.05.04 01:23:10.380,0.84052,0.84073,2.25,1.12
2016.05.04 01:23:10.431,0.84053,0.84074,1.75,1.87
2016.05.04 01:23:10.968,0.84055,0.84075,1.87,1.12
2016.05.04 01:23:11.070,0.84056,0.84076,1.37,1.75
2016.05.04 01:23:11.120,0.84057,0.84076,1.12,1.12
2016.05.04 01:23:11.222,0.84057,0.84067,1.12,1.00
2016.05.04 01:23:11.324,0.84052,0.8407,1.50,1.12
2016.05.04 01:23:11.490,0.84057,0.84072,1.37,1.00
2016.05.04 01:23:11.793,0.84059,0.84072,1.37,1.00
2016.05.04 01:23:12.294,0.84059,0.84076,1.37,1.12
2016.05.04 01:23:12.396,0.84062,0.84076,1.12,1.00
2016.05.04 01:23:12.497,0.84062,0.84079,1.12,1.00
2016.05.04 01:23:14.122,0.84062,0.84075,1.12,1.00
2016.05.04 01:23:14.458,0.84059,0.84072,1.12,1.00
2016.05.04 01:23:14.509,0.84056,0.84069,1.12,1.00
2016.05.04 01:23:14.713,0.84054,0.84069,1.12,1.00
2016.05.04 01:23:14.915,0.84054,0.84069,1.00,1.00
2016.05.04 01:23:16.413,0.84054,0.84063,1.00,1.00
2016.05.04 01:23:16.616,0.84046,0.84062,1.12,1.00
2016.05.04 01:23:16.718,0.84047,0.84059,1.50,1.00
2016.05.04 01:23:17.661,0.84046,0.84062,1.12,1.00
2016.05.04 01:23:17.864,0.84046,0.84058,1.12,1.00
2016.05.04 01:23:18.016,0.84043,0.84058,1.75,1.00
2016.05.04 01:23:18.522,0.84044,0.84058,1.12,1.00
2016.05.04 01:23:18.809,0.84043,0.84058,1.87,1.00
2016.05.04 01:23:19.818,0.84042,0.84058,1.87,1.00
2016.05.04 01:23:20.319,0.8404,0.84058,1.87,1.00
2016.05.04 01:23:22.036,0.8404,0.8406,1.12,1.50
2016.05.04 01:23:23.164,0.8404,0.84057,1.12,1.00
2016.05.04 01:23:23.670,0.8404,0.8406,1.87,1.50
2016.05.04 01:23:23.822,0.84045,0.84063,1.50,1.50
2016.05.04 01:23:23.954,0.84045,0.84063,1.87,1.00
2016.05.04 01:23:24.005,0.84048,0.84063,1.00,1.00
2016.05.04 01:23:24.411,0.84048,0.84066,1.75,1.50
2016.05.04 01:23:24.715,0.84049,0.84066,2.00,1.00
2016.05.04 01:23:25.018,0.84049,0.84062,1.63,1.00
2016.05.04 01:23:25.429,0.84047,0.84062,1.00,1.00
2016.05.04 01:23:25.682,0.84047,0.84064,1.00,1.00
2016.05.04 01:23:25.733,0.84049,0.84065,1.00,1.12
2016.05.04 01:23:26.841,0.84049,0.84062,1.00,1.00
2016.05.04 01:23:26.892,0.84046,0.84062,1.50,1.00
2016.05.04 01:23:27.044,0.84044,0.84062,1.50,1.00
2016.05.04 01:23:27.247,0.84044,0.84059,1.50,1.00
2016.05.04 01:23:27.765,0.84043,0.84059,1.87,1.00
2016.05.04 01:23:27.866,0.84043,0.84062,1.87,1.00
2016.05.04 01:23:28.905,0.84046,0.84062,1.00,1.00
2016.05.04 01:23:29.058,0.84048,0.84064,1.12,1.00
2016.05.04 01:23:29.408,0.84053,0.84068,1.00,1.50
2016.05.04 01:23:29.712,0.84056,0.84069,1.00,1.75
2016.05.04 01:23:29.814,0.84057,0.8407,1.00,1.00
2016.05.04 01:23:30.067,0.84059,0.8407,1.00,1.00
2016.05.04 01:23:30.586,0.84059,0.84071,1.00,1.00
2016.05.04 01:23:30.891,0.84056,0.84068,1.00,1.00
2016.05.04 01:23:31.195,0.84053,0.84065,1.00,1.00
2016.05.04 01:23:31.498,0.8405,0.84062,1.00,1.00
2016.05.04 01:23:32.141,0.8405,0.84064,1.00,1.00
2016.05.04 01:23:32.243,0.84055,0.84069,1.00,1.87
2016.05.04 01:23:32.548,0.84053,0.84066,1.00,1.00
2016.05.04 01:23:32.701,0.84055,0.84066,1.00,1.00
2016.05.04 01:23:32.802,0.84055,0.84068,1.00,1.00
2016.05.04 01:23:32.854,0.84062,0.8407,1.00,1.50
2016.05.04 01:23:33.317,0.84063,0.84073,1.00,1.00
2016.05.04 01:23:33.368,0.84063,0.84071,1.37,1.00
2016.05.04 01:23:33.469,0.84062,0.84077,1.12,1.75
2016.05.04 01:23:33.622,0.84064,0.84078,1.00,1.87
2016.05.04 01:23:34.128,0.84063,0.84076,1.00,1.00
2016.05.04 01:23:35.987,0.84063,0.84073,1.00,1.00
2016.05.04 01:23:36.038,0.84061,0.84072,1.00,1.00
2016.05.04 01:23:36.139,0.84057,0.84072,1.50,1.00
2016.05.04 01:23:36.291,0.84057,0.8407,1.00,1.00
2016.05.04 01:23:36.696,0.84057,0.84068,1.00,1.00
2016.05.04 01:23:36.798,0.84054,0.84066,2.75,1.00
2016.05.04 01:23:36.900,0.84054,0.84064,2.75,1.00
2016.05.04 01:23:37.350,0.8405,0.84064,1.00,1.00
2016.05.04 01:23:37.451,0.8405,0.84061,1.00,1.00
2016.05.04 01:23:37.603,0.84047,0.84061,1.87,1.00
2016.05.04 01:23:39.121,0.84047,0.84058,1.00,1.00
2016.05.04 01:23:39.273,0.84045,0.84057,1.00,1.00
2016.05.04 01:23:40.580,0.84047,0.84059,1.00,1.00
2016.05.04 01:23:40.631,0.84047,0.84061,1.00,1.00
2016.05.04 01:23:40.784,0.8405,0.84062,1.12,1.00
2016.05.04 01:23:40.981,0.84052,0.84065,1.00,1.00
2016.05.04 01:23:41.083,0.8405,0.84065,1.12,1.00
2016.05.04 01:23:41.488,0.8405,0.84063,1.00,1.00
2016.05.04 01:23:42.105,0.8405,0.84061,1.00,1.00
2016.05.04 01:23:43.002,0.8405,0.8406,1.00,1.00
2016.05.04 01:23:43.103,0.84047,0.8406,1.50,1.00
2016.05.04 01:23:43.460,0.84045,0.8406,1.00,1.00
2016.05.04 01:23:43.511,0.84045,0.84058,1.00,1.00
2016.05.04 01:23:46.774,0.84045,0.84059,1.00,1.00
2016.05.04 01:23:48.336,0.84048,0.84059,1.00,1.00
2016.05.04 01:23:48.925,0.84043,0.84058,2.25,1.00
2016.05.04 01:23:49.229,0.84043,0.84058,1.87,1.00
2016.05.04 01:23:49.280,0.84044,0.8406,1.12,1.00
2016.05.04 01:23:51.597,0.84047,0.8406,1.00,1.00
2016.05.04 01:23:52.116,0.84048,0.8406,1.00,1.00
2016.05.04 01:23:54.002,0.84048,0.84062,1.50,1.00
2016.05.04 01:23:56.214,0.84048,0.84063,1.50,1.00
2016.05.04 01:23:58.047,0.84048,0.84065,1.50,1.00
2016.05.04 01:23:58.098,0.8405,0.84065,1.00,1.00
2016.05.04 01:23:58.300,0.84052,0.84069,1.00,1.50
2016.05.04 01:23:58.403,0.84055,0.8407,1.00,1.17
2016.05.04 01:23:58.751,0.84058,0.84072,1.00,1.13
2016.05.04 01:23:59.962,0.84058,0.84072,1.00,1.00
2016.05.04 01:24:00.703,0.84058,0.84074,1.50,1.00
2016.05.04 01:24:00.755,0.8406,0.84073,1.00,1.00
2016.05.04 01:24:00.857,0.84057,0.84071,1.00,1.00
2016.05.04 01:24:00.908,0.84057,0.84073,1.00,1.00
2016.05.04 01:24:01.865,0.84058,0.84073,1.00,1.00
2016.05.04 01:24:02.388,0.84059,0.84074,1.50,1.00
2016.05.04 01:24:06.120,0.84059,0.84076,1.50,1.00
2016.05.04 01:24:06.274,0.84062,0.84076,1.00,1.00
2016.05.04 01:24:06.325,0.84062,0.84078,1.00,1.00
2016.05.04 01:24:07.233,0.84062,0.8408,2.25,1.00
2016.05.04 01:24:07.284,0.84066,0.84081,1.50,1.10
2016.05.04 01:24:07.829,0.84066,0.84082,1.00,1.00
2016.05.04 01:24:12.189,0.84066,0.8408,1.00,1.00
2016.05.04 01:24:13.319,0.84066,0.84079,1.00,1.00
2016.05.04 01:24:13.420,0.84063,0.84079,1.00,1.00
2016.05.04 01:24:13.623,0.84064,0.84081,1.00,1.00
2016.05.04 01:24:14.337,0.84063,0.84079,1.00,1.00
2016.05.04 01:24:14.641,0.84062,0.84076,1.00,1.00
2016.05.04 01:24:15.145,0.84062,0.84075,1.00,1.00
2016.05.04 01:24:15.451,0.84059,0.84075,1.00,1.00
2016.05.04 01:24:15.945,0.84059,0.84071,1.00,1.00
2016.05.04 01:24:16.047,0.84057,0.84072,1.00,1.00
2016.05.04 01:24:16.148,0.84057,0.8407,1.00,1.00
2016.05.04 01:24:16.402,0.84049,0.84065,1.42,1.00
2016.05.04 01:24:16.453,0.84055,0.84069,1.00,1.10
2016.05.04 01:24:16.605,0.84059,0.84075,1.67,1.00
2016.05.04 01:24:16.823,0.84058,0.84074,1.00,1.00
2016.05.04 01:24:16.874,0.84061,0.8407,1.00,1.00
2016.05.04 01:24:16.925,0.84057,0.84068,1.00,1.00
2016.05.04 01:24:17.077,0.84053,0.84068,1.00,1.00
2016.05.04 01:24:17.583,0.84052,0.84067,1.00,1.00
2016.05.04 01:24:19.215,0.84052,0.84064,1.00,1.00
2016.05.04 01:24:19.823,0.84049,0.84062,1.00,1.00
2016.05.04 01:24:19.926,0.84049,0.84059,1.00,1.00
2016.05.04 01:24:20.027,0.84045,0.84058,1.00,1.00
2016.05.04 01:24:20.129,0.84043,0.84058,1.00,1.00
2016.05.04 01:24:20.437,0.84043,0.84055,1.00,1.00
2016.05.04 01:24:20.590,0.8404,0.84055,1.50,1.00
2016.05.04 01:24:20.944,0.84038,0.84053,1.12,1.00
2016.05.04 01:24:23.292,0.84038,0.84055,1.50,1.00
2016.05.04 01:24:27.799,0.84038,0.84053,1.00,1.00
2016.05.04 01:24:30.718,0.84038,0.84052,1.00,1.00
2016.05.04 01:24:31.023,0.84035,0.84048,1.00,1.00
2016.05.04 01:24:31.529,0.84035,0.84049,1.00,1.00
2016.05.04 01:24:33.203,0.84035,0.84052,1.00,1.00
2016.05.04 01:24:33.764,0.84035,0.84049,1.00,1.00
2016.05.04 01:24:34.270,0.84035,0.84048,1.00,1.00
2016.05.04 01:24:34.887,0.84032,0.84048,1.00,1.00
2016.05.04 01:24:35.089,0.84034,0.8405,1.00,1.25
2016.05.04 01:24:35.443,0.84037,0.8405,1.00,1.13
2016.05.04 01:24:36.191,0.84037,0.84053,1.00,1.00
2016.05.04 01:24:36.444,0.84039,0.84054,1.00,1.00
2016.05.04 01:24:39.771,0.84039,0.84056,1.00,1.00
2016.05.04 01:24:39.873,0.84043,0.84057,1.00,1.00
2016.05.04 01:24:40.313,0.84041,0.84055,1.00,1.00
2016.05.04 01:24:41.293,0.84041,0.84054,1.00,1.00
2016.05.04 01:24:41.344,0.84037,0.84054,1.10,1.00
2016.05.04 01:24:41.474,0.84037,0.84052,1.10,1.00
2016.05.04 01:24:44.127,0.84043,0.84055,1.00,1.10
2016.05.04 01:24:44.178,0.84043,0.84058,1.00,1.95
2016.05.04 01:24:44.229,0.84043,0.84056,1.00,1.00
2016.05.04 01:24:44.280,0.8404,0.84056,1.00,1.00
2016.05.04 01:24:44.493,0.8404,0.84054,1.00,1.00
2016.05.04 01:24:44.746,0.8404,0.84056,1.50,1.00
2016.05.04 01:24:45.252,0.84041,0.84056,1.50,1.00
2016.05.04 01:24:45.303,0.84044,0.84056,1.00,1.00
2016.05.04 01:24:45.816,0.84044,0.84059,1.00,1.00
2016.05.04 01:24:50.943,0.84044,0.8406,1.00,1.00
2016.05.04 01:24:54.966,0.84044,0.84055,1.00,1.00
2016.05.04 01:24:55.068,0.84044,0.84057,1.00,1.00
2016.05.04 01:24:55.120,0.84041,0.84058,1.00,1.12
2016.05.04 01:24:55.171,0.84043,0.84058,1.00,1.12
2016.05.04 01:24:55.475,0.84043,0.8406,1.00,1.00
2016.05.04 01:25:00.852,0.84043,0.84059,1.00,1.00
2016.05.04 01:25:01.782,0.84044,0.84059,1.00,1.00
2016.05.04 01:25:01.832,0.84044,0.84056,1.00,1.00
2016.05.04 01:25:01.934,0.84041,0.84056,1.00,1.00
2016.05.04 01:25:03.505,0.84041,0.84055,1.00,1.00
2016.05.04 01:25:03.808,0.84039,0.84055,1.00,1.00
2016.05.04 01:25:04.214,0.84041,0.84055,1.00,1.00
2016.05.04 01:25:04.759,0.84041,0.84056,1.00,1.00
2016.05.04 01:25:05.264,0.84041,0.84055,1.00,1.00
2016.05.04 01:25:06.712,0.84041,0.84056,1.00,1.00
2016.05.04 01:25:07.232,0.84041,0.84055,1.00,1.00
2016.05.04 01:25:07.393,0.84039,0.84055,1.00,1.00
2016.05.04 01:25:07.905,0.84039,0.84054,1.00,1.00
2016.05.04 01:25:09.087,0.84036,0.84054,1.00,1.00
2016.05.04 01:25:10.154,0.84036,0.84054,1.00,1.50
2016.05.04 01:25:10.306,0.84036,0.8405,1.00,1.00
2016.05.04 01:25:10.658,0.84036,0.84052,1.00,1.50
2016.05.04 01:25:10.709,0.84034,0.84048,1.00,1.00
2016.05.04 01:25:11.013,0.84037,0.8405,1.00,1.00
2016.05.04 01:25:11.064,0.84035,0.8405,1.00,1.00
2016.05.04 01:25:11.419,0.84035,0.84048,1.00,1.00
2016.05.04 01:25:12.225,0.84035,0.8405,1.00,1.00
2016.05.04 01:25:15.483,0.84033,0.84048,1.00,1.00
2016.05.04 01:25:18.436,0.8403,0.84046,1.00,1.00
2016.05.04 01:25:18.790,0.8403,0.84043,1.00,1.00
2016.05.04 01:25:18.891,0.84028,0.84043,1.00,1.00
2016.05.04 01:25:19.436,0.84028,0.84042,1.00,1.00
2016.05.04 01:25:21.098,0.84025,0.84042,1.00,1.50
2016.05.04 01:25:23.873,0.84027,0.84042,1.00,1.00
2016.05.04 01:25:26.657,0.84025,0.84042,1.00,1.00
2016.05.04 01:25:32.955,0.84025,0.84042,1.00,1.50
2016.05.04 01:25:33.735,0.84025,0.84039,1.00,1.00
2016.05.04 01:25:34.040,0.84023,0.84037,1.00,1.00
2016.05.04 01:25:34.364,0.84021,0.84037,1.00,1.00
2016.05.04 01:25:35.789,0.84021,0.84036,1.00,1.00
2016.05.04 01:25:35.890,0.84019,0.84036,1.00,1.00
2016.05.04 01:25:35.992,0.84019,0.84033,1.00,1.00
2016.05.04 01:25:36.296,0.84012,0.84026,1.50,1.00
2016.05.04 01:25:36.600,0.84003,0.84016,1.37,1.00
2016.05.04 01:25:36.908,0.83997,0.84011,1.00,1.00
2016.05.04 01:25:36.959,0.83992,0.8401,1.63,1.00
2016.05.04 01:25:37.899,0.83992,0.8401,1.00,1.00
2016.05.04 01:25:37.950,0.83992,0.84005,1.00,1.00
2016.05.04 01:25:38.052,0.83988,0.84005,1.12,1.00
2016.05.04 01:25:38.153,0.83986,0.84004,1.50,1.00
2016.05.04 01:25:38.204,0.83986,0.84001,1.50,1.00
2016.05.04 01:25:38.356,0.83984,0.84002,1.17,1.00
2016.05.04 01:25:38.663,0.83987,0.84002,1.00,1.00
2016.05.04 01:25:38.714,0.83989,0.84008,1.00,3.37
2016.05.04 01:25:38.816,0.8399,0.8401,1.50,1.87
2016.05.04 01:25:38.868,0.8399,0.8401,1.57,1.12
2016.05.04 01:25:38.920,0.83998,0.84012,1.00,1.50
2016.05.04 01:25:39.074,0.84,0.84017,1.00,1.87
2016.05.04 01:25:39.176,0.84,0.84017,1.12,1.00
2016.05.04 01:25:40.000,0.84001,0.84019,1.10,1.00
2016.05.04 01:25:40.052,0.84003,0.84021,1.00,1.00
2016.05.04 01:25:40.356,0.84005,0.84023,1.37,1.00
2016.05.04 01:25:40.898,0.84004,0.84022,1.47,1.00
2016.05.04 01:25:41.051,0.84003,0.84022,1.20,1.00
2016.05.04 01:25:41.102,0.84002,0.8402,1.12,1.00
2016.05.04 01:25:41.608,0.84001,0.8402,2.25,1.50
2016.05.04 01:25:41.893,0.84,0.84022,3.00,1.12
2016.05.04 01:25:42.260,0.83999,0.84017,1.20,1.00
2016.05.04 01:25:42.322,0.83998,0.84017,1.87,1.00
2016.05.04 01:25:43.483,0.83997,0.84014,1.10,1.00
2016.05.04 01:25:43.989,0.83994,0.84015,1.37,1.00
2016.05.04 01:25:44.678,0.83993,0.84015,1.57,1.50
2016.05.04 01:25:44.880,0.83994,0.84013,1.00,1.00
2016.05.04 01:25:45.966,0.83994,0.84015,1.00,1.50
2016.05.04 01:25:46.169,0.83997,0.84015,1.00,1.00
2016.05.04 01:25:46.271,0.83998,0.84018,1.00,1.37
2016.05.04 01:25:46.772,0.83998,0.84019,1.00,1.50
2016.05.04 01:25:47.273,0.83997,0.84018,1.00,1.12
2016.05.04 01:25:47.479,0.83997,0.84014,1.50,1.00
2016.05.04 01:25:49.875,0.83998,0.84014,1.00,1.00
2016.05.04 01:25:51.662,0.83997,0.84014,1.50,1.00
2016.05.04 01:25:52.656,0.83997,0.84016,1.00,1.00
2016.05.04 01:25:53.933,0.83999,0.84016,1.00,1.00
2016.05.04 01:25:54.190,0.84,0.84019,1.50,1.00
2016.05.04 01:25:54.707,0.84001,0.84019,1.10,1.00
2016.05.04 01:25:55.400,0.84002,0.84019,1.00,1.00
2016.05.04 01:25:55.552,0.84002,0.84021,1.50,1.12
2016.05.04 01:25:55.805,0.84004,0.84021,1.00,1.00
2016.05.04 01:25:56.109,0.84002,0.84019,1.87,1.00
2016.05.04 01:25:56.782,0.84002,0.84019,1.10,1.00
2016.05.04 01:25:57.193,0.84,0.84017,1.57,1.00
2016.05.04 01:25:57.396,0.83999,0.84017,1.10,1.00
2016.05.04 01:25:57.944,0.83999,0.84016,1.00,1.50
2016.05.04 01:25:58.304,0.84,0.84017,1.50,1.00
2016.05.04 01:25:58.645,0.83988,0.84005,1.50,1.00
2016.05.04 01:25:58.949,0.8399,0.84005,1.20,1.00
2016.05.04 01:25:59.203,0.83992,0.84008,1.20,1.00
2016.05.04 01:25:59.499,0.83995,0.84013,1.50,1.00
2016.05.04 01:25:59.562,0.83997,0.84013,1.12,1.00
2016.05.04 01:25:59.866,0.84,0.84014,1.12,1.00
2016.05.04 01:26:00.321,0.84003,0.84019,1.00,1.00
2016.05.04 01:26:00.377,0.84005,0.84019,1.75,1.00
2016.05.04 01:26:00.503,0.84003,0.84018,1.75,1.00
2016.05.04 01:26:01.110,0.84004,0.84015,1.37,1.00
2016.05.04 01:26:01.414,0.83993,0.84005,3.25,1.00
2016.05.04 01:26:01.519,0.83993,0.84003,3.25,1.00
2016.05.04 01:26:01.924,0.83993,0.84006,3.25,1.00
2016.05.04 01:26:02.026,0.83997,0.84008,1.00,1.00
2016.05.04 01:26:02.127,0.83997,0.84012,1.00,1.00
2016.05.04 01:26:02.417,0.83999,0.84013,1.12,1.00
2016.05.04 01:26:02.721,0.84,0.84015,1.50,1.00
2016.05.04 01:26:03.025,0.84002,0.84017,2.32,1.00
2016.05.04 01:26:03.076,0.84005,0.84017,1.00,1.00
2016.05.04 01:26:03.228,0.84005,0.8402,1.00,1.00
2016.05.04 01:26:03.529,0.84007,0.84021,1.37,1.00
2016.05.04 01:26:04.034,0.84007,0.84022,1.37,1.00
2016.05.04 01:26:04.619,0.84007,0.84023,1.87,1.00
2016.05.04 01:26:05.124,0.84007,0.84022,1.00,1.00
2016.05.04 01:26:05.453,0.84007,0.84019,1.00,1.00
2016.05.04 01:26:05.858,0.84005,0.84019,1.00,1.00
2016.05.04 01:26:06.407,0.84005,0.84018,1.00,1.00
2016.05.04 01:26:06.917,0.84005,0.84017,1.00,1.00
2016.05.04 01:26:07.517,0.84007,0.84017,1.00,1.00
2016.05.04 01:26:07.670,0.84007,0.8402,1.00,1.00
2016.05.04 01:26:07.822,0.84007,0.8402,1.87,1.00
2016.05.04 01:26:07.974,0.84008,0.84022,1.37,1.00
2016.05.04 01:26:08.127,0.84012,0.84022,1.00,1.00
2016.05.04 01:26:08.178,0.84012,0.84024,1.00,1.00
2016.05.04 01:26:08.330,0.84017,0.84025,1.00,1.00
2016.05.04 01:26:08.432,0.84012,0.84026,1.00,1.00
2016.05.04 01:26:08.820,0.84016,0.84026,1.00,1.00
2016.05.04 01:26:09.125,0.84014,0.84025,1.00,1.00
2016.05.04 01:26:09.278,0.84012,0.84021,1.87,1.00
2016.05.04 01:26:09.582,0.84012,0.84019,1.00,1.00
2016.05.04 01:26:09.632,0.84009,0.84019,1.00,1.00
2016.05.04 01:26:09.936,0.84007,0.84019,1.50,1.00
2016.05.04 01:26:10.086,0.84007,0.84017,1.50,1.00
2016.05.04 01:26:10.393,0.84007,0.84015,1.00,1.00
2016.05.04 01:26:10.495,0.84007,0.84017,1.00,1.00
2016.05.04 01:26:10.697,0.84007,0.84015,1.00,1.00
2016.05.04 01:26:10.799,0.84004,0.84015,1.00,1.00
2016.05.04 01:26:11.847,0.84007,0.84015,1.00,1.00
2016.05.04 01:26:11.899,0.84007,0.84017,1.00,1.00
2016.05.04 01:26:12.001,0.84007,0.84022,1.10,1.00
2016.05.04 01:26:12.052,0.84007,0.84022,1.95,1.00
2016.05.04 01:26:12.441,0.84012,0.84023,1.00,1.00
2016.05.04 01:26:12.695,0.84011,0.84025,1.00,1.00
2016.05.04 01:26:12.746,0.84015,0.84025,1.00,1.00
2016.05.04 01:26:13.101,0.84015,0.84023,1.00,1.00
2016.05.04 01:26:13.624,0.84015,0.84024,1.00,1.00
2016.05.04 01:26:13.989,0.84015,0.84021,1.00,1.00
2016.05.04 01:26:14.091,0.84012,0.84023,1.00,1.00
2016.05.04 01:26:14.295,0.84012,0.84021,1.00,1.00
2016.05.04 01:26:14.346,0.84009,0.84021,1.00,1.00
2016.05.04 01:26:14.397,0.84009,0.84019,1.00,1.00
2016.05.04 01:26:14.936,0.84009,0.84018,1.00,1.00
2016.05.04 01:26:16.677,0.84009,0.84021,1.00,1.00
2016.05.04 01:26:17.182,0.84009,0.8402,1.00,1.00
2016.05.04 01:26:17.486,0.84009,0.84017,1.00,1.00
2016.05.04 01:26:17.790,0.84006,0.84015,1.00,1.00
2016.05.04 01:26:17.925,0.84004,0.84015,1.00,1.00
2016.05.04 01:26:18.279,0.84004,0.84013,1.00,1.00
2016.05.04 01:26:18.785,0.84004,0.84014,1.00,1.00
2016.05.04 01:26:19.172,0.84002,0.84012,1.00,1.00
2016.05.04 01:26:19.477,0.84003,0.84014,1.00,1.00
2016.05.04 01:26:19.579,0.84004,0.84016,1.00,1.00
2016.05.04 01:26:20.085,0.84004,0.84017,1.00,1.00
2016.05.04 01:26:20.186,0.84004,0.84015,1.00,1.00
2016.05.04 01:26:20.487,0.84006,0.84015,1.00,1.00
2016.05.04 01:26:20.538,0.84004,0.84015,1.00,1.00
2016.05.04 01:26:21.194,0.84004,0.84016,1.00,1.00
2016.05.04 01:26:22.267,0.84004,0.84017,1.00,1.00
2016.05.04 01:26:22.323,0.84006,0.84017,1.00,1.00
2016.05.04 01:26:22.374,0.84006,0.84019,1.00,1.00
2016.05.04 01:26:22.526,0.84008,0.84019,1.00,1.00
2016.05.04 01:26:23.121,0.84008,0.84018,1.00,1.00
2016.05.04 01:26:24.170,0.84008,0.8402,1.00,1.00
2016.05.04 01:26:24.504,0.84012,0.84021,1.00,1.00
2016.05.04 01:26:24.656,0.84014,0.84027,1.00,1.00
2016.05.04 01:26:24.962,0.84017,0.84028,1.00,1.00
2016.05.04 01:26:25.265,0.84017,0.84024,1.00,1.00
2016.05.04 01:26:25.407,0.84014,0.84024,1.00,1.00
2016.05.04 01:26:25.560,0.84015,0.84026,1.00,1.00
2016.05.04 01:26:27.563,0.84015,0.84027,1.00,1.00
2016.05.04 01:26:27.664,0.84018,0.84028,1.00,1.00
2016.05.04 01:26:28.176,0.84018,0.84027,1.00,1.00
2016.05.04 01:26:28.787,0.84018,0.84025,1.00,1.00
2016.05.04 01:26:29.091,0.84018,0.8403,1.00,1.00
2016.05.04 01:26:30.114,0.84016,0.8403,1.00,1.00
2016.05.04 01:26:31.139,0.84016,0.84029,1.00,1.00
2016.05.04 01:26:32.745,0.84013,0.84029,1.00,1.00
2016.05.04 01:26:32.947,0.84013,0.84026,1.00,1.00
2016.05.04 01:26:33.841,0.8401,0.84026,1.00,1.00
2016.05.04 01:26:33.893,0.8401,0.84024,1.00,1.00
2016.05.04 01:26:34.200,0.84008,0.84022,1.00,1.00
2016.05.04 01:26:34.505,0.84008,0.8402,1.00,1.00
2016.05.04 01:26:34.707,0.84003,0.84019,1.13,1.00
2016.05.04 01:26:35.053,0.84003,0.84019,1.00,1.00
2016.05.04 01:26:36.135,0.84001,0.84017,1.00,1.00
2016.05.04 01:26:36.575,0.84001,0.84015,1.00,1.00
2016.05.04 01:26:37.401,0.84001,0.84016,1.00,1.00
2016.05.04 01:26:37.759,0.84001,0.84011,1.00,1.00
2016.05.04 01:26:38.265,0.84002,0.84011,1.00,1.00
2016.05.04 01:26:39.282,0.84002,0.84012,1.00,1.00
2016.05.04 01:26:39.969,0.84002,0.8401,1.00,1.00
2016.05.04 01:26:42.035,0.84,0.8401,1.00,1.00
2016.05.04 01:26:42.187,0.84,0.84012,1.00,1.00
2016.05.04 01:26:42.692,0.84,0.84013,1.00,1.00
2016.05.04 01:26:43.254,0.84,0.84012,1.00,1.00
2016.05.04 01:26:43.799,0.84,0.84013,1.00,1.00
2016.05.04 01:26:44.590,0.84,0.84012,1.00,1.00
2016.05.04 01:26:46.565,0.84,0.84013,1.00,1.00
2016.05.04 01:26:47.081,0.84,0.84012,1.00,1.00
2016.05.04 01:26:47.625,0.84,0.84011,1.00,1.00
2016.05.04 01:26:47.676,0.84,0.84013,1.00,1.00
2016.05.04 01:26:47.777,0.84002,0.84013,1.00,1.00
2016.05.04 01:26:47.879,0.84002,0.84016,1.00,1.00
2016.05.04 01:26:47.981,0.84002,0.84019,1.00,1.00
2016.05.04 01:26:48.032,0.84005,0.84019,1.00,1.00
2016.05.04 01:26:48.338,0.8401,0.84021,1.00,1.00
2016.05.04 01:26:49.853,0.8401,0.8402,1.00,1.00
2016.05.04 01:26:51.059,0.8401,0.84021,1.00,1.00
2016.05.04 01:26:51.415,0.84008,0.84021,1.00,1.00
2016.05.04 01:26:51.466,0.84008,0.84019,1.00,1.00
2016.05.04 01:26:51.813,0.84007,0.84017,1.12,1.00
2016.05.04 01:26:52.117,0.84007,0.84015,1.00,1.00
2016.05.04 01:26:52.269,0.84005,0.84015,1.00,1.00
2016.05.04 01:26:54.903,0.84012,0.84016,1.00,1.00
2016.05.04 01:26:54.954,0.84012,0.84023,1.00,1.00
2016.05.04 01:26:55.116,0.84008,0.84022,1.00,1.00
2016.05.04 01:26:55.167,0.84008,0.84019,1.00,1.00
2016.05.04 01:26:55.268,0.84013,0.84025,1.00,1.12
2016.05.04 01:26:55.370,0.84013,0.84019,1.00,1.00
2016.05.04 01:26:55.421,0.84008,0.84019,1.00,1.00
2016.05.04 01:26:55.523,0.84012,0.84019,1.50,1.00
2016.05.04 01:26:55.573,0.84012,0.84025,1.50,1.10
2016.05.04 01:26:55.675,0.84012,0.84023,1.00,1.00
2016.05.04 01:26:55.980,0.84012,0.84026,1.50,1.00
2016.05.04 01:26:56.133,0.84015,0.84026,1.00,1.00
2016.05.04 01:26:56.235,0.84012,0.84026,1.00,1.50
2016.05.04 01:26:56.287,0.84011,0.84016,1.00,1.00
2016.05.04 01:26:56.699,0.84011,0.84018,1.00,1.00
2016.05.04 01:26:57.280,0.84009,0.84021,1.00,1.00
2016.05.04 01:26:57.434,0.84011,0.84021,1.00,1.00
2016.05.04 01:26:57.740,0.84017,0.84027,1.00,1.00
2016.05.04 01:26:57.994,0.84023,0.84037,1.00,1.00
2016.05.04 01:26:58.354,0.84026,0.84038,1.00,1.00
2016.05.04 01:26:58.660,0.84028,0.84039,1.00,1.00
2016.05.04 01:26:59.611,0.84026,0.84037,1.00,1.00
2016.05.04 01:26:59.926,0.84025,0.84029,1.00,1.00
2016.05.04 01:27:00.079,0.84014,0.84024,1.00,1.00
2016.05.04 01:27:00.130,0.84012,0.84024,1.12,1.00
2016.05.04 01:27:00.484,0.84012,0.84022,1.00,1.00
2016.05.04 01:27:01.018,0.84012,0.84023,1.00,1.00
2016.05.04 01:27:01.170,0.84008,0.8402,1.00,1.00
2016.05.04 01:27:01.272,0.84008,0.84018,1.00,1.00
2016.05.04 01:27:02.295,0.84008,0.84016,1.00,1.00
2016.05.04 01:27:02.598,0.84005,0.84014,1.50,1.00
2016.05.04 01:27:03.129,0.84005,0.84015,1.00,1.00
2016.05.04 01:27:03.435,0.84002,0.84012,1.00,1.00
2016.05.04 01:27:03.588,0.84003,0.84014,1.00,1.00
2016.05.04 01:27:04.141,0.84003,0.84015,1.50,1.00
2016.05.04 01:27:04.546,0.84005,0.84014,1.00,1.00
2016.05.04 01:27:04.598,0.84005,0.84017,1.00,1.00
2016.05.04 01:27:05.002,0.84005,0.84015,1.00,1.00
2016.05.04 01:27:05.524,0.84005,0.84014,1.00,1.00
2016.05.04 01:27:05.676,0.84005,0.84016,1.00,1.00
2016.05.04 01:27:06.072,0.84007,0.84018,1.00,1.00
2016.05.04 01:27:06.612,0.84007,0.84017,1.00,1.00
2016.05.04 01:27:07.316,0.84005,0.84017,1.00,1.00
2016.05.04 01:27:07.965,0.84005,0.84016,1.00,1.00
2016.05.04 01:27:08.816,0.84007,0.84016,1.00,1.00
2016.05.04 01:27:09.337,0.84007,0.84017,1.50,1.00
2016.05.04 01:27:09.882,0.84007,0.84015,1.50,1.00
2016.05.04 01:27:10.035,0.84003,0.84015,1.00,1.00
2016.05.04 01:27:10.087,0.84003,0.84012,1.00,1.00
2016.05.04 01:27:10.593,0.84002,0.84011,1.50,1.00
2016.05.04 01:27:10.994,0.84004,0.84014,1.00,1.00
2016.05.04 01:27:11.299,0.84006,0.84016,1.00,1.00
2016.05.04 01:27:11.603,0.84008,0.84017,1.00,1.00
2016.05.04 01:27:11.654,0.84006,0.84017,1.00,1.00
2016.05.04 01:27:11.985,0.84008,0.84019,1.00,1.00
2016.05.04 01:27:12.292,0.84012,0.8402,1.00,1.00
2016.05.04 01:27:13.416,0.84012,0.84018,1.00,1.00
2016.05.04 01:27:13.619,0.84008,0.84018,1.00,1.00
2016.05.04 01:27:14.178,0.84008,0.84017,1.00,1.00
2016.05.04 01:27:14.581,0.84008,0.84019,1.00,1.00
2016.05.04 01:27:14.832,0.84012,0.84019,1.00,1.00
2016.05.04 01:27:15.337,0.84012,0.8402,1.00,1.00
2016.05.04 01:27:16.004,0.84012,0.84023,1.00,1.00
2016.05.04 01:27:16.257,0.84011,0.84021,1.00,1.00
2016.05.04 01:27:16.561,0.84002,0.8401,1.00,1.00
2016.05.04 01:27:16.663,0.83997,0.84008,5.13,1.00
2016.05.04 01:27:17.116,0.83997,0.84005,3.25,1.00
2016.05.04 01:27:17.611,0.83997,0.84007,3.25,1.00
2016.05.04 01:27:18.204,0.83998,0.84013,1.87,1.00
2016.05.04 01:27:18.357,0.84002,0.84013,1.00,1.00
2016.05.04 01:27:18.812,0.84002,0.84011,1.00,1.00
2016.05.04 01:27:18.964,0.83999,0.8401,1.00,1.00
2016.05.04 01:27:19.205,0.83999,0.84007,1.00,1.00
2016.05.04 01:27:19.256,0.83997,0.84007,1.00,1.00
2016.05.04 01:27:20.414,0.83997,0.84006,1.00,1.00
2016.05.04 01:27:20.924,0.83997,0.84007,1.00,1.00
2016.05.04 01:27:21.725,0.84003,0.84013,1.00,1.00
2016.05.04 01:27:21.776,0.84001,0.84013,1.00,1.00
2016.05.04 01:27:21.928,0.84,0.84008,1.12,1.00
2016.05.04 01:27:22.030,0.84,0.8401,1.00,1.00
2016.05.04 01:27:22.182,0.84,0.84012,1.00,1.00
2016.05.04 01:27:22.486,0.84,0.84009,1.00,1.00
2016.05.04 01:27:23.422,0.84001,0.84009,1.00,1.00
2016.05.04 01:27:23.834,0.84003,0.84009,1.00,1.00
2016.05.04 01:27:23.986,0.84007,0.84017,1.00,1.00
2016.05.04 01:27:24.165,0.8401,0.84017,1.00,1.00
2016.05.04 01:27:24.216,0.84012,0.84021,1.00,1.13
2016.05.04 01:27:24.267,0.8401,0.84021,1.50,1.13
2016.05.04 01:27:24.318,0.84012,0.84021,1.00,1.13
2016.05.04 01:27:24.369,0.8401,0.84021,1.00,1.13
2016.05.04 01:27:24.471,0.84007,0.84018,1.00,1.00
2016.05.04 01:27:24.573,0.84006,0.84016,1.00,1.00
2016.05.04 01:27:24.624,0.84004,0.84016,1.50,1.00
2016.05.04 01:27:24.675,0.84004,0.84014,1.50,1.00
2016.05.04 01:27:25.181,0.84004,0.84015,1.50,1.00
2016.05.04 01:27:26.267,0.84004,0.84012,1.00,1.00
2016.05.04 01:27:26.418,0.84001,0.84012,1.00,1.00
2016.05.04 01:27:26.469,0.84001,0.84009,1.00,1.00
2016.05.04 01:27:26.874,0.84001,0.84011,1.00,1.00
2016.05.04 01:27:27.026,0.84003,0.84011,1.00,1.00
2016.05.04 01:27:27.078,0.84003,0.84013,1.00,1.00
2016.05.04 01:27:27.382,0.84004,0.84015,1.00,1.00
2016.05.04 01:27:27.483,0.84006,0.84015,1.00,1.00
2016.05.04 01:27:29.487,0.84006,0.84017,1.50,1.00
2016.05.04 01:27:29.993,0.84007,0.84018,1.00,1.00
2016.05.04 01:27:30.626,0.84006,0.84017,1.00,1.00
2016.05.04 01:27:31.081,0.84006,0.84015,1.00,1.00
2016.05.04 01:27:31.435,0.84006,0.84018,1.00,1.00
2016.05.04 01:27:31.577,0.84005,0.84015,1.00,1.00
2016.05.04 01:27:31.733,0.84002,0.84015,2.25,1.00
2016.05.04 01:27:31.937,0.84002,0.84013,1.00,1.00
2016.05.04 01:27:32.039,0.84008,0.8402,1.00,1.12
2016.05.04 01:27:32.092,0.84012,0.84022,1.00,1.12
2016.05.04 01:27:32.143,0.84012,0.84025,1.00,1.12
2016.05.04 01:27:32.295,0.84014,0.84025,1.50,1.00
2016.05.04 01:27:32.643,0.84016,0.84025,1.10,1.00
2016.05.04 01:27:32.948,0.84015,0.84027,1.00,1.00
2016.05.04 01:27:34.083,0.84015,0.84026,1.00,1.00
2016.05.04 01:27:34.786,0.84017,0.84026,1.00,1.00
2016.05.04 01:27:34.979,0.84016,0.84028,1.00,1.00
2016.05.04 01:27:35.131,0.84018,0.84028,1.00,1.00
2016.05.04 01:27:35.435,0.84015,0.84029,1.00,1.00
2016.05.04 01:27:35.486,0.84013,0.84026,1.10,1.00
2016.05.04 01:27:35.789,0.84012,0.84022,1.00,1.00
2016.05.04 01:27:36.082,0.84012,0.84024,1.00,1.00
2016.05.04 01:27:36.584,0.84012,0.84025,1.00,1.00
2016.05.04 01:27:36.838,0.84014,0.84024,1.00,1.00
2016.05.04 01:27:36.889,0.84014,0.84026,1.00,1.00
2016.05.04 01:27:37.427,0.84013,0.84025,1.00,1.00
2016.05.04 01:27:37.947,0.84013,0.84026,1.00,1.00
2016.05.04 01:27:38.484,0.84012,0.84026,1.00,1.00
2016.05.04 01:27:38.587,0.84012,0.84024,1.00,1.00
2016.05.04 01:27:39.148,0.84012,0.84023,1.00,1.00
2016.05.04 01:27:39.935,0.84009,0.84023,1.00,1.00
2016.05.04 01:27:40.973,0.84005,0.84019,1.37,1.00
2016.05.04 01:27:41.182,0.84005,0.84018,1.00,1.00
2016.05.04 01:27:41.588,0.84001,0.84016,1.13,1.00
2016.05.04 01:27:41.933,0.84002,0.84014,1.13,1.00
2016.05.04 01:27:42.390,0.84002,0.84012,1.00,1.00
2016.05.04 01:27:42.909,0.84002,0.84013,1.00,1.00
2016.05.04 01:27:43.513,0.84002,0.84012,1.00,1.00
2016.05.04 01:27:45.295,0.84002,0.84013,1.00,1.00
2016.05.04 01:27:45.818,0.84002,0.84012,1.00,1.00
2016.05.04 01:27:46.473,0.84002,0.84013,1.00,1.00
2016.05.04 01:27:46.859,0.84,0.84013,1.00,1.00
2016.05.04 01:27:47.568,0.84,0.84012,1.00,1.00
2016.05.04 01:27:48.392,0.84,0.84014,1.00,1.00
2016.05.04 01:27:49.166,0.84,0.84013,1.00,1.00
2016.05.04 01:27:49.766,0.84,0.84012,1.00,1.00
2016.05.04 01:27:50.316,0.84,0.84011,1.00,1.00
2016.05.04 01:27:51.372,0.84,0.84013,1.00,1.00
2016.05.04 01:27:51.726,0.84002,0.84014,1.00,1.00
2016.05.04 01:27:51.879,0.84,0.84014,1.00,1.00
2016.05.04 01:27:51.980,0.84,0.84012,1.00,1.00
2016.05.04 01:27:52.499,0.84,0.84013,1.00,1.00
2016.05.04 01:27:53.049,0.84,0.84014,1.00,1.00
2016.05.04 01:27:53.403,0.84,0.84012,1.00,1.00
2016.05.04 01:27:53.986,0.84,0.84014,1.00,1.00
2016.05.04 01:27:54.537,0.84,0.84013,1.00,1.00
2016.05.04 01:27:55.022,0.84006,0.84017,1.00,1.00
2016.05.04 01:27:55.073,0.84008,0.8402,1.00,1.00
2016.05.04 01:27:55.124,0.8401,0.8402,1.00,1.00
2016.05.04 01:27:55.277,0.8401,0.84022,1.00,1.12
2016.05.04 01:27:55.875,0.84009,0.84023,1.00,1.50
2016.05.04 01:27:56.585,0.84009,0.84024,1.00,1.00
2016.05.04 01:27:57.130,0.8401,0.84024,1.00,1.00
2016.05.04 01:27:58.045,0.84012,0.84024,1.00,1.00
2016.05.04 01:27:58.186,0.84013,0.84027,1.00,1.00
2016.05.04 01:27:58.748,0.84015,0.84027,1.00,1.00
2016.05.04 01:27:58.900,0.84015,0.84029,1.00,1.00
2016.05.04 01:28:00.388,0.84015,0.84028,1.00,1.00
2016.05.04 01:28:00.941,0.84016,0.84028,1.00,1.00
2016.05.04 01:28:00.992,0.84018,0.84031,1.00,1.00
2016.05.04 01:28:01.195,0.8402,0.84034,1.00,1.00
2016.05.04 01:28:01.926,0.8402,0.84035,1.50,1.00
2016.05.04 01:28:02.088,0.84017,0.84031,1.00,1.00
2016.05.04 01:28:02.543,0.84014,0.8403,1.50,1.00
2016.05.04 01:28:02.695,0.84012,0.84022,1.12,1.00
2016.05.04 01:28:02.746,0.8401,0.84022,1.13,1.00
2016.05.04 01:28:02.847,0.84007,0.8402,1.63,1.00
2016.05.04 01:28:03.202,0.84009,0.84025,1.13,1.00
2016.05.04 01:28:03.255,0.84014,0.84025,1.00,1.00
2016.05.04 01:28:03.306,0.84014,0.84028,1.00,1.00
2016.05.04 01:28:03.834,0.8401,0.84027,1.87,1.00
2016.05.04 01:28:03.886,0.8401,0.84023,1.00,1.00
2016.05.04 01:28:04.089,0.8401,0.84025,1.00,1.00
2016.05.04 01:28:04.292,0.8401,0.84023,1.00,1.00
2016.05.04 01:28:04.834,0.8401,0.84024,1.00,1.00
2016.05.04 01:28:04.986,0.84008,0.84024,1.87,1.00
2016.05.04 01:28:05.341,0.84008,0.84022,1.87,1.00
2016.05.04 01:28:05.773,0.84007,0.84017,1.00,1.00
2016.05.04 01:28:06.179,0.84003,0.84017,1.00,1.00
2016.05.04 01:28:06.695,0.84003,0.84018,1.00,1.00
2016.05.04 01:28:07.147,0.84001,0.84014,1.00,1.00
2016.05.04 01:28:07.451,0.83996,0.84009,1.00,1.00
2016.05.04 01:28:07.502,0.83994,0.84009,1.00,1.00
2016.05.04 01:28:07.604,0.84003,0.84008,1.00,1.00
2016.05.04 01:28:07.655,0.84006,0.84013,1.00,1.50
2016.05.04 01:28:07.706,0.84008,0.84016,1.00,1.37
2016.05.04 01:28:07.763,0.84004,0.84016,1.00,1.37
2016.05.04 01:28:07.814,0.84005,0.84019,1.00,1.50
2016.05.04 01:28:08.058,0.84007,0.8402,1.00,1.12
2016.05.04 01:28:08.160,0.84005,0.84017,1.00,1.00
2016.05.04 01:28:08.261,0.84003,0.84017,1.00,1.00
2016.05.04 01:28:08.666,0.84002,0.84015,1.50,1.00
2016.05.04 01:28:09.171,0.84003,0.84015,1.00,1.00
2016.05.04 01:28:09.376,0.84003,0.84018,1.00,1.50
2016.05.04 01:28:09.427,0.84006,0.84018,1.00,1.12
2016.05.04 01:28:09.528,0.84006,0.84021,1.50,1.00
2016.05.04 01:28:09.579,0.84009,0.84022,1.00,1.50
2016.05.04 01:28:09.734,0.84011,0.84025,1.00,1.50
2016.05.04 01:28:09.796,0.84017,0.84026,1.00,1.37
2016.05.04 01:28:10.050,0.8402,0.84032,1.00,1.50
2016.05.04 01:28:10.816,0.8402,0.84033,1.00,1.00
2016.05.04 01:28:10.867,0.84018,0.84033,1.50,1.00
2016.05.04 01:28:12.139,0.84018,0.84031,1.50,1.00
2016.05.04 01:28:12.739,0.84018,0.84032,1.50,1.00
2016.05.04 01:28:13.046,0.8402,0.84035,1.00,1.00
2016.05.04 01:28:13.147,0.84022,0.84035,1.00,1.00
2016.05.04 01:28:13.529,0.84024,0.84035,1.00,1.00
2016.05.04 01:28:13.580,0.84024,0.84037,1.00,1.00
2016.05.04 01:28:13.884,0.84025,0.8404,1.00,1.00
2016.05.04 01:28:14.239,0.84025,0.84038,1.00,1.00
2016.05.04 01:28:15.271,0.84025,0.84037,1.00,1.00
2016.05.04 01:28:15.799,0.84026,0.84038,1.00,1.00
2016.05.04 01:28:19.763,0.84029,0.84041,1.00,1.00
2016.05.04 01:28:19.965,0.84032,0.84045,1.00,1.00
2016.05.04 01:28:20.067,0.84035,0.84046,1.00,1.00
2016.05.04 01:28:20.321,0.84039,0.84051,1.00,1.00
2016.05.04 01:28:20.589,0.84037,0.84052,1.00,1.50
2016.05.04 01:28:20.640,0.84034,0.84052,1.87,1.50
2016.05.04 01:28:20.784,0.84037,0.84048,1.00,1.00
2016.05.04 01:28:20.835,0.84034,0.84048,1.50,1.00
2016.05.04 01:28:20.886,0.84036,0.84048,1.00,1.00
2016.05.04 01:28:20.937,0.84034,0.84048,1.50,1.00
2016.05.04 01:28:20.988,0.84036,0.84048,1.00,1.00
2016.05.04 01:28:21.039,0.84034,0.84048,1.50,1.00
2016.05.04 01:28:21.343,0.84031,0.84048,3.07,1.00
2016.05.04 01:28:21.395,0.84031,0.84044,3.07,1.00
2016.05.04 01:28:21.749,0.84033,0.84048,1.00,1.00
2016.05.04 01:28:21.801,0.84035,0.84048,1.00,1.00
2016.05.04 01:28:22.069,0.84035,0.84051,1.00,1.00
2016.05.04 01:28:22.584,0.84035,0.8405,1.00,1.00
2016.05.04 01:28:23.750,0.84034,0.8405,1.00,1.00
2016.05.04 01:28:23.802,0.84035,0.84047,1.00,1.00
2016.05.04 01:28:24.106,0.8404,0.84052,1.00,1.00
2016.05.04 01:28:24.157,0.8404,0.84056,1.00,1.00
2016.05.04 01:28:24.208,0.84042,0.84056,1.00,1.00
2016.05.04 01:28:24.516,0.84042,0.84054,1.00,1.00
2016.05.04 01:28:24.567,0.84042,0.84056,1.00,1.00
2016.05.04 01:28:24.618,0.84044,0.84056,1.00,1.00
2016.05.04 01:28:24.669,0.84044,0.84058,1.00,1.12
2016.05.04 01:28:24.821,0.84047,0.84059,1.00,1.37
2016.05.04 01:28:25.126,0.84053,0.84062,1.00,1.00
2016.05.04 01:28:25.892,0.84053,0.84067,1.00,1.00
2016.05.04 01:28:25.943,0.84051,0.84067,1.00,1.00
2016.05.04 01:28:25.994,0.84051,0.84065,1.00,1.00
2016.05.04 01:28:26.147,0.84048,0.84064,2.62,1.00
2016.05.04 01:28:26.299,0.84048,0.84061,2.25,1.00
2016.05.04 01:28:26.903,0.84048,0.84061,1.00,1.00
2016.05.04 01:28:27.207,0.84048,0.84058,1.00,1.00
2016.05.04 01:28:27.310,0.84044,0.84058,1.00,1.00
2016.05.04 01:28:27.463,0.84042,0.84055,1.00,1.00
2016.05.04 01:28:27.666,0.84039,0.84055,1.00,1.00
2016.05.04 01:28:28.116,0.8404,0.84053,1.00,1.00
2016.05.04 01:28:28.622,0.84037,0.84053,1.50,1.00
2016.05.04 01:28:28.874,0.84037,0.8405,1.00,1.00
2016.05.04 01:28:29.393,0.84034,0.84049,1.57,1.00
2016.05.04 01:28:29.646,0.84033,0.84049,1.10,1.00
2016.05.04 01:28:30.000,0.84034,0.84051,1.00,1.00
2016.05.04 01:28:30.152,0.84037,0.84051,1.00,1.00
2016.05.04 01:28:30.405,0.84037,0.84053,1.00,1.50
2016.05.04 01:28:30.642,0.84039,0.84053,1.00,1.00
2016.05.04 01:28:30.947,0.84042,0.84056,1.00,1.00
2016.05.04 01:28:31.302,0.84044,0.84059,1.00,1.00
2016.05.04 01:28:31.403,0.84046,0.84059,1.00,1.00
2016.05.04 01:28:31.504,0.84046,0.84061,1.00,1.00
2016.05.04 01:28:31.754,0.84048,0.84062,1.00,1.00
2016.05.04 01:28:32.108,0.84049,0.84064,1.00,1.00
2016.05.04 01:28:32.605,0.84046,0.84059,1.87,1.00
2016.05.04 01:28:32.706,0.84044,0.84059,1.00,1.00
2016.05.04 01:28:32.815,0.84044,0.84057,1.00,1.00
2016.05.04 01:28:33.038,0.84041,0.84057,1.47,1.00
2016.05.04 01:28:33.090,0.84041,0.84055,1.47,1.00
2016.05.04 01:28:33.191,0.84041,0.84057,1.00,1.00
2016.05.04 01:28:33.546,0.84045,0.84057,1.00,1.00
2016.05.04 01:28:33.597,0.84047,0.84061,1.00,1.20
2016.05.04 01:28:34.103,0.84047,0.8406,1.00,1.00
2016.05.04 01:28:34.300,0.84047,0.84062,1.00,1.00
2016.05.04 01:28:35.171,0.84047,0.8406,1.00,1.00
2016.05.04 01:28:35.323,0.84045,0.8406,1.00,1.00
2016.05.04 01:28:35.940,0.84047,0.8406,1.00,1.00
2016.05.04 01:28:35.992,0.84047,0.84062,1.00,1.00
2016.05.04 01:28:36.043,0.84049,0.84062,1.00,1.00
2016.05.04 01:28:36.549,0.84049,0.84063,1.00,1.00
2016.05.04 01:28:39.001,0.84047,0.84063,1.50,1.50
2016.05.04 01:28:39.103,0.84047,0.84059,1.00,1.00
2016.05.04 01:28:39.204,0.84043,0.84056,1.17,1.00
2016.05.04 01:28:39.416,0.84043,0.84058,1.17,1.00
2016.05.04 01:28:40.540,0.8404,0.84058,1.50,1.00
2016.05.04 01:28:42.043,0.8404,0.84055,1.00,1.00
2016.05.04 01:28:42.145,0.8404,0.84057,1.00,1.00
2016.05.04 01:28:42.694,0.84039,0.84057,1.00,1.50
2016.05.04 01:28:43.150,0.84037,0.84053,1.50,1.00
2016.05.04 01:28:43.453,0.84036,0.84051,1.00,1.00
2016.05.04 01:28:44.147,0.84036,0.8405,1.00,1.00
2016.05.04 01:28:44.602,0.84034,0.8405,1.00,1.00
2016.05.04 01:28:44.704,0.84032,0.8405,1.20,1.50
2016.05.04 01:28:45.245,0.84033,0.84048,1.00,1.00
2016.05.04 01:28:45.539,0.84028,0.84045,1.10,1.00
2016.05.04 01:28:45.641,0.84028,0.84043,1.00,1.00
2016.05.04 01:28:45.793,0.84025,0.84043,1.50,1.00
2016.05.04 01:28:45.946,0.84025,0.84041,1.50,1.00
2016.05.04 01:28:46.281,0.84027,0.84041,1.00,1.00
2016.05.04 01:28:47.361,0.84028,0.84044,1.00,1.50
2016.05.04 01:28:47.462,0.8403,0.84046,1.00,1.00
2016.05.04 01:28:47.766,0.84035,0.84048,1.00,1.37
2016.05.04 01:28:48.156,0.84038,0.84048,1.00,1.00
2016.05.04 01:28:48.545,0.84038,0.84053,1.00,1.00
2016.05.04 01:28:48.596,0.84036,0.84053,1.00,1.00
2016.05.04 01:28:49.104,0.84036,0.84053,1.00,1.50
2016.05.04 01:28:49.612,0.84036,0.84053,1.00,1.00
2016.05.04 01:28:50.153,0.84036,0.84054,1.00,1.00
2016.05.04 01:28:52.309,0.84036,0.84053,1.00,1.00
2016.05.04 01:28:52.669,0.84036,0.84051,1.00,1.00
2016.05.04 01:28:53.294,0.84036,0.84052,1.00,1.00
2016.05.04 01:28:53.959,0.84036,0.84051,1.00,1.00
2016.05.04 01:28:54.686,0.84036,0.84052,1.00,1.00
2016.05.04 01:28:55.367,0.84035,0.84052,1.50,1.50
2016.05.04 01:28:55.671,0.84032,0.84047,1.50,1.00
2016.05.04 01:28:56.576,0.84032,0.84046,1.00,1.00
2016.05.04 01:28:56.728,0.84029,0.84046,2.25,1.00
2016.05.04 01:28:56.779,0.84029,0.84044,1.95,1.00
2016.05.04 01:28:57.090,0.84029,0.84042,1.50,1.00
2016.05.04 01:28:57.540,0.84027,0.84043,2.25,1.00
2016.05.04 01:28:57.743,0.84029,0.84042,1.00,1.00
2016.05.04 01:28:57.845,0.84029,0.84044,1.00,1.00
2016.05.04 01:28:57.897,0.84027,0.84042,2.25,1.00
2016.05.04 01:28:58.334,0.84027,0.84045,1.00,1.50
2016.05.04 01:28:58.486,0.8403,0.84045,1.00,1.00
2016.05.04 01:28:58.820,0.84033,0.84047,1.00,1.12
2016.05.04 01:28:59.073,0.84035,0.84051,1.00,1.00
2016.05.04 01:28:59.428,0.84037,0.84051,1.00,1.50
2016.05.04 01:28:59.761,0.84035,0.84049,1.50,1.50
2016.05.04 01:29:00.066,0.84035,0.84047,1.00,1.00
2016.05.04 01:29:00.269,0.84033,0.84046,1.87,1.00
2016.05.04 01:29:00.894,0.84032,0.84045,1.00,1.00
2016.05.04 01:29:00.946,0.84028,0.84044,1.57,1.00
2016.05.04 01:29:00.997,0.84028,0.84041,1.50,1.00
2016.05.04 01:29:01.504,0.84028,0.84038,1.00,1.00
2016.05.04 01:29:01.811,0.8402,0.84032,3.75,1.00
2016.05.04 01:29:01.863,0.84018,0.84032,1.00,1.00
2016.05.04 01:29:01.964,0.84016,0.84031,1.87,1.00
2016.05.04 01:29:02.518,0.84016,0.8403,1.50,1.00
2016.05.04 01:29:02.882,0.84018,0.8403,1.12,1.00
2016.05.04 01:29:03.085,0.84019,0.84036,1.50,1.50
2016.05.04 01:29:03.136,0.84022,0.84036,1.00,1.50
2016.05.04 01:29:03.542,0.84024,0.84038,1.00,1.00
2016.05.04 01:29:03.593,0.84024,0.84041,1.50,1.12
