2008.01.10 22:00:00.155,1.0818,1.0828,8.80,8.80
2008.01.10 22:00:00.368,1.0818,1.0827,0.80,8.00
2008.01.10 22:00:00.581,1.0818,1.0827,0.80,8.00
2008.01.10 22:00:00.793,1.0818,1.0827,0.80,8.00
2008.01.10 22:00:01.050,1.0818,1.0827,0.80,8.00
2008.01.10 22:00:01.308,1.0818,1.0827,0.80,8.00
2008.01.10 22:00:01.567,1.0818,1.0828,8.80,8.80
2008.01.10 22:00:01.823,1.0818,1.0828,8.80,8.80
2008.01.10 22:00:02.091,1.0818,1.0828,8.80,8.80
2008.01.10 22:00:02.482,1.0818,1.0828,8.80,8.80
2008.01.10 22:00:02.749,1.0818,1.0828,8.80,8.80
2008.01.10 22:00:03.017,1.0818,1.0828,8.80,8.80
2008.01.10 22:00:03.418,1.0818,1.0828,8.80,8.80
2008.01.10 22:00:03.631,1.0818,1.0828,8.80,8.80
2008.01.10 22:00:03.842,1.0818,1.0828,8.80,8.80
2008.01.10 22:00:04.054,1.0818,1.0828,8.80,8.80
2008.01.10 22:00:04.267,1.0818,1.0828,8.80,8.80
2008.01.10 22:00:04.468,1.0818,1.0828,8.80,8.80
2008.01.10 22:00:04.670,1.0818,1.0828,8.80,8.80
2008.01.10 22:00:04.872,1.0818,1.0828,8.80,8.80
2008.01.10 22:00:05.074,1.0818,1.0828,8.80,8.80
2008.01.10 22:00:05.317,1.0818,1.0828,8.80,8.80
2008.01.10 22:00:05.559,1.0818,1.0828,8.80,8.80
2008.01.10 22:00:05.971,1.0818,1.0828,8.80,8.80
2008.01.10 22:00:06.213,1.0818,1.0828,8.80,8.80
2008.01.10 22:00:06.452,1.0818,1.0828,8.80,8.80
2008.01.10 22:00:06.733,1.0818,1.0828,0.80,0.80
2008.01.10 22:00:06.970,1.0818,1.0828,0.80,0.80
2008.01.10 22:00:07.207,1.0818,1.0828,0.80,0.80
2008.01.10 22:00:07.543,1.0818,1.0828,0.80,0.80
2008.01.10 22:00:07.785,1.0818,1.0828,0.80,0.80
2008.01.10 22:00:08.026,1.0818,1.0828,0.80,0.80
2008.01.10 22:00:08.270,1.0818,1.0828,0.80,0.80
2008.01.10 22:00:08.493,1.0818,1.0828,0.80,0.80
2008.01.10 22:00:08.716,1.0818,1.0828,0.80,0.80
2008.01.10 22:00:08.939,1.0818,1.0828,0.80,0.80
2008.01.10 22:00:09.161,1.0818,1.0828,0.80,0.80
2008.01.10 22:00:09.384,1.0818,1.0828,0.80,0.80
2008.01.10 22:00:09.596,1.0818,1.0828,0.80,0.80
2008.01.10 22:00:09.809,1.0818,1.0828,0.80,0.80
2008.01.10 22:00:10.199,1.0818,1.0828,0.80,0.80
2008.01.10 22:00:10.413,1.0818,1.0828,0.80,0.80
2008.01.10 22:00:10.635,1.0818,1.0828,0.80,0.80
2008.01.10 22:00:10.858,1.0818,1.0828,0.80,0.80
2008.01.10 22:00:11.080,1.0818,1.0828,0.80,0.80
2008.01.10 22:00:11.303,1.0818,1.0828,0.80,0.80
2008.01.10 22:00:11.525,1.0818,1.0828,0.80,0.80
2008.01.10 22:00:11.922,1.0818,1.0828,0.80,0.80
2008.01.10 22:00:12.194,1.0818,1.0828,0.80,0.80
2008.01.10 22:00:12.467,1.0818,1.0828,0.80,0.80
2008.01.10 22:00:12.854,1.0818,1.0828,0.80,0.80
2008.01.10 22:00:13.096,1.0818,1.0828,0.80,0.80
2008.01.10 22:00:13.339,1.0818,1.0828,0.80,0.80
2008.01.10 22:00:13.581,1.0818,1.0828,0.80,0.80
2008.01.10 22:00:13.783,1.0818,1.0828,0.80,0.80
2008.01.10 22:00:13.929,1.0818,1.0828,0.80,0.80
2008.01.10 22:00:14.077,1.0818,1.0828,0.80,0.80
2008.01.10 22:00:14.224,1.0818,1.0828,0.80,0.80
2008.01.10 22:00:14.434,1.0818,1.0828,0.80,0.80
2008.01.10 22:00:14.581,1.0818,1.0828,0.80,0.80
2008.01.10 22:00:14.883,1.0818,1.0828,0.80,0.80
2008.01.10 22:00:15.186,1.0818,1.0828,0.80,0.80
2008.01.10 22:00:15.489,1.0818,1.0828,0.80,0.80
2008.01.10 22:00:15.792,1.0818,1.0828,0.80,0.80
2008.01.10 22:00:15.959,1.0818,1.0828,0.80,0.80
2008.01.10 22:00:16.230,1.0818,1.0828,0.80,0.80
2008.01.10 22:00:16.397,1.0818,1.0828,0.80,0.80
2008.01.10 22:00:16.565,1.0818,1.0828,0.80,0.80
2008.01.10 22:00:16.733,1.0818,1.0828,0.80,0.80
2008.01.10 22:00:17.051,1.0818,1.0828,0.80,0.80
2008.01.10 22:00:17.368,1.0818,1.0828,0.80,0.80
2008.01.10 22:00:17.686,1.0818,1.0828,0.80,0.80
2008.01.10 22:00:18.004,1.0818,1.0828,0.80,0.80
2008.01.10 22:00:18.212,1.0818,1.0828,0.80,0.80
2008.01.10 22:00:18.419,1.0818,1.0828,0.80,0.80
2008.01.10 22:00:18.812,1.0818,1.0828,0.80,0.80
2008.01.10 22:00:19.019,1.0818,1.0828,0.80,0.80
2008.01.10 22:00:19.236,1.0818,1.0828,0.80,0.80
2008.01.10 22:00:19.454,1.0818,1.0828,0.80,0.80
2008.01.10 22:00:19.672,1.0818,1.0828,0.80,0.80
2008.01.10 22:00:19.889,1.0818,1.0828,0.80,0.80
2008.01.10 22:00:20.107,1.0818,1.0828,0.80,0.80
2008.01.10 22:00:20.513,1.0818,1.0828,0.80,0.80
2008.01.10 22:00:20.725,1.0818,1.0828,0.80,0.80
2008.01.10 22:00:20.937,1.0818,1.0828,0.80,0.80
2008.01.10 22:00:21.149,1.0818,1.0828,0.80,0.80
2008.01.10 22:00:21.354,1.0818,1.0828,0.80,0.80
2008.01.10 22:00:21.557,1.0818,1.0828,0.80,0.80
2008.01.10 22:00:21.760,1.0818,1.0828,0.80,0.80
2008.01.10 22:00:22.090,1.0818,1.0828,0.80,0.80
2008.01.10 22:00:22.352,1.0818,1.0828,0.80,0.80
2008.01.10 22:00:22.615,1.0818,1.0828,0.80,0.80
2008.01.10 22:00:23.011,1.0818,1.0828,0.80,0.80
2008.01.10 22:00:23.272,1.0818,1.0828,0.80,0.80
2008.01.10 22:00:23.494,1.0818,1.0828,0.80,0.80
2008.01.10 22:00:23.718,1.0818,1.0828,0.80,0.80
2008.01.10 22:00:23.941,1.0818,1.0828,0.80,0.80
2008.01.10 22:00:24.164,1.0818,1.0828,0.80,0.80
2008.01.10 22:00:24.386,1.0818,1.0828,0.80,0.80
2008.01.10 22:00:24.609,1.0818,1.0828,0.80,0.80
2008.01.10 22:00:24.833,1.0818,1.0828,8.80,8.80
2008.01.10 22:00:25.055,1.0818,1.0828,8.80,8.80
2008.01.10 22:00:25.277,1.0818,1.0828,8.80,8.80
2008.01.10 22:00:25.672,1.0818,1.0828,8.80,8.80
2008.01.10 22:00:25.885,1.0818,1.0828,8.80,8.80
2008.01.10 22:00:26.098,1.0818,1.0828,8.80,8.80
2008.01.10 22:00:26.311,1.0818,1.0828,8.80,8.80
2008.01.10 22:00:26.524,1.0818,1.0828,8.80,8.80
2008.01.10 22:00:26.731,1.0818,1.0828,8.80,8.80
2008.01.10 22:00:26.939,1.0818,1.0828,8.80,8.80
2008.01.10 22:00:27.332,1.0818,1.0828,8.80,8.80
2008.01.10 22:00:27.539,1.0818,1.0828,8.80,8.80
2008.01.10 22:00:27.847,1.0818,1.0828,8.80,8.80
2008.01.10 22:00:28.157,1.0818,1.0828,8.80,8.80
2008.01.10 22:00:28.466,1.0818,1.0828,8.80,8.80
2008.01.10 22:00:28.774,1.0819,1.0828,8.00,0.80
2008.01.10 22:00:29.133,1.0819,1.0828,8.00,0.80
2008.01.10 22:00:29.299,1.0819,1.0828,8.00,0.80
2008.01.10 22:00:29.467,1.0819,1.0828,8.00,0.80
2008.01.10 22:00:29.634,1.0819,1.0828,8.00,0.80
2008.01.10 22:00:29.847,1.0819,1.0828,8.00,0.80
2008.01.10 22:00:30.014,1.0819,1.0828,8.00,0.80
2008.01.10 22:00:30.272,1.0818,1.0828,8.80,8.80
2008.01.10 22:00:30.528,1.0818,1.0828,8.80,8.80
2008.01.10 22:00:30.818,1.0819,1.0828,8.00,0.80
2008.01.10 22:00:31.076,1.0819,1.0828,8.00,0.80
2008.01.10 22:00:31.294,1.0819,1.0828,8.00,0.80
2008.01.10 22:00:31.512,1.0819,1.0828,8.00,0.80
2008.01.10 22:00:31.770,1.0819,1.0828,8.00,0.80
2008.01.10 22:00:31.987,1.0819,1.0828,8.00,0.80
2008.01.10 22:00:32.204,1.0819,1.0828,8.00,0.80
2008.01.10 22:00:32.452,1.0819,1.0828,8.00,0.80
2008.01.10 22:00:32.699,1.0819,1.0828,8.00,0.80
2008.01.10 22:00:32.946,1.0819,1.0828,8.00,0.80
2008.01.10 22:00:33.194,1.0819,1.0828,8.00,0.80
2008.01.10 22:00:33.453,1.082,1.0828,8.00,0.80
2008.01.10 22:00:33.710,1.082,1.0828,8.00,0.80
2008.01.10 22:00:33.968,1.082,1.0828,8.00,0.80
2008.01.10 22:00:34.226,1.082,1.0828,8.00,0.80
2008.01.10 22:00:34.403,1.082,1.0828,8.00,0.80
2008.01.10 22:00:34.642,1.082,1.0828,8.00,0.80
2008.01.10 22:00:34.819,1.082,1.0828,8.00,0.80
2008.01.10 22:00:34.997,1.082,1.0828,8.00,0.80
2008.01.10 22:00:35.174,1.082,1.0828,8.00,0.80
2008.01.10 22:00:35.543,1.082,1.0828,8.00,0.80
2008.01.10 22:00:35.806,1.082,1.0828,8.00,0.80
2008.01.10 22:00:36.070,1.082,1.0828,8.00,0.80
2008.01.10 22:00:36.332,1.082,1.0828,8.00,0.80
2008.01.10 22:00:36.596,1.082,1.0828,8.00,0.80
2008.01.10 22:00:36.778,1.082,1.0828,8.00,0.80
2008.01.10 22:00:36.961,1.082,1.0828,8.00,0.80
2008.01.10 22:00:37.143,1.082,1.0828,8.00,0.80
2008.01.10 22:00:37.347,1.082,1.0828,8.00,0.80
2008.01.10 22:00:37.528,1.082,1.0828,8.00,0.80
2008.01.10 22:00:37.711,1.082,1.0828,8.00,0.80
2008.01.10 22:00:38.232,1.082,1.0828,8.00,0.80
2008.01.10 22:00:38.565,1.082,1.0828,8.00,0.80
2008.01.10 22:00:38.868,1.082,1.0829,8.00,3.20
2008.01.10 22:00:38.896,1.082,1.0828,8.00,0.80
2008.01.10 22:00:39.060,1.082,1.0828,8.00,0.80
2008.01.10 22:00:39.260,1.082,1.0828,8.00,0.80
2008.01.10 22:00:39.424,1.082,1.0828,8.00,0.80
2008.01.10 22:00:39.587,1.082,1.0828,8.00,0.80
2008.01.10 22:00:39.749,1.082,1.0828,8.00,0.80
2008.01.10 22:00:40.164,1.082,1.0828,8.00,0.80
2008.01.10 22:00:40.422,1.082,1.0828,8.00,0.80
2008.01.10 22:00:40.680,1.082,1.0828,8.00,0.80
2008.01.10 22:00:40.938,1.082,1.0828,8.00,0.80
2008.01.10 22:00:41.145,1.082,1.0828,8.00,0.80
2008.01.10 22:00:41.333,1.082,1.0828,8.00,0.80
2008.01.10 22:00:41.523,1.082,1.0828,8.00,0.80
2008.01.10 22:00:41.710,1.082,1.0828,8.00,0.80
2008.01.10 22:00:41.953,1.082,1.0828,8.00,0.80
2008.01.10 22:00:42.241,1.082,1.0828,8.00,0.80
2008.01.10 22:00:42.528,1.082,1.0828,8.00,0.80
2008.01.10 22:00:43.006,1.082,1.0828,8.00,0.80
2008.01.10 22:00:43.230,1.082,1.0828,8.00,0.80
2008.01.10 22:00:43.453,1.082,1.0828,8.00,0.80
2008.01.10 22:00:43.675,1.082,1.0828,8.00,0.80
2008.01.10 22:00:44.016,1.082,1.0828,8.00,0.80
2008.01.10 22:00:44.239,1.082,1.0828,8.00,0.80
2008.01.10 22:00:44.432,1.082,1.0828,8.00,0.80
2008.01.10 22:00:44.624,1.082,1.0828,8.00,0.80
2008.01.10 22:00:44.990,1.082,1.0828,8.00,0.80
2008.01.10 22:00:45.182,1.082,1.0828,8.00,0.80
2008.01.10 22:00:45.450,1.082,1.0828,8.00,0.80
2008.01.10 22:00:45.717,1.082,1.0828,8.00,0.80
2008.01.10 22:00:45.986,1.0818,1.0828,8.80,8.80
2008.01.10 22:00:46.253,1.0818,1.0828,8.80,8.80
2008.01.10 22:00:46.426,1.0818,1.0828,8.80,8.80
2008.01.10 22:00:46.599,1.0818,1.0828,8.80,8.80
2008.01.10 22:00:46.844,1.0818,1.0828,8.80,8.80
2008.01.10 22:00:47.016,1.0818,1.0828,8.80,8.80
2008.01.10 22:00:47.189,1.0818,1.0828,8.80,8.80
2008.01.10 22:00:47.361,1.0818,1.0828,8.80,8.80
2008.01.10 22:00:47.684,1.0818,1.0828,8.80,8.80
2008.01.10 22:00:48.007,1.0818,1.0828,8.80,8.80
2008.01.10 22:00:48.329,1.0818,1.0828,8.80,8.80
2008.01.10 22:00:48.799,1.0818,1.0828,8.80,8.80
2008.01.10 22:00:49.021,1.0818,1.0828,8.80,8.80
2008.01.10 22:00:49.244,1.0818,1.0828,8.80,8.80
2008.01.10 22:00:49.467,1.082,1.0828,8.00,0.80
2008.01.10 22:00:49.830,1.082,1.0828,8.00,0.80
2008.01.10 22:00:50.034,1.082,1.0828,8.00,0.80
2008.01.10 22:00:50.236,1.082,1.0828,8.00,0.80
2008.01.10 22:00:50.439,1.082,1.0828,8.00,0.80
2008.01.10 22:00:50.687,1.082,1.0828,8.00,0.80
2008.01.10 22:00:50.934,1.082,1.0828,8.00,0.80
2008.01.10 22:00:51.182,1.082,1.0828,8.00,0.80
2008.01.10 22:00:51.430,1.082,1.0828,8.00,0.80
2008.01.10 22:00:51.683,1.082,1.0828,8.00,0.80
2008.01.10 22:00:51.895,1.082,1.0828,8.00,0.80
2008.01.10 22:00:52.107,1.082,1.0828,8.00,0.80
2008.01.10 22:00:52.513,1.082,1.0828,8.00,0.80
2008.01.10 22:00:52.532,1.082,1.0828,8.00,0.80
2008.01.10 22:00:52.743,1.082,1.0828,8.00,0.80
2008.01.10 22:00:53.066,1.082,1.0828,8.00,0.80
2008.01.10 22:00:53.387,1.082,1.0828,8.00,0.80
2008.01.10 22:00:53.710,1.082,1.0828,8.00,0.80
2008.01.10 22:00:54.032,1.0818,1.0828,8.80,8.80
2008.01.10 22:00:54.195,1.0818,1.0828,8.80,8.80
2008.01.10 22:00:54.396,1.0818,1.0828,8.80,8.80
2008.01.10 22:00:54.559,1.0818,1.0828,8.80,8.80
2008.01.10 22:00:54.722,1.0818,1.0828,8.80,8.80
2008.01.10 22:00:54.885,1.0818,1.0828,8.80,8.80
2008.01.10 22:00:55.245,1.0818,1.0828,8.80,8.80
2008.01.10 22:00:55.542,1.0818,1.0828,8.80,8.80
2008.01.10 22:00:55.820,1.0818,1.0828,8.80,8.80
2008.01.10 22:00:56.098,1.0818,1.0828,8.80,8.80
2008.01.10 22:00:56.355,1.0818,1.0828,8.80,8.80
2008.01.10 22:00:56.582,1.0818,1.0828,8.80,8.80
2008.01.10 22:00:56.809,1.0818,1.0828,8.80,8.80
2008.01.10 22:00:57.040,1.0818,1.0828,8.80,8.80
2008.01.10 22:00:57.267,1.0818,1.0828,8.80,8.80
2008.01.10 22:00:57.679,1.0818,1.0828,8.80,8.80
2008.01.10 22:00:57.921,1.0818,1.0828,8.80,8.80
2008.01.10 22:00:58.166,1.0818,1.0828,8.80,8.80
2008.01.10 22:00:58.408,1.0818,1.0828,8.80,8.80
2008.01.10 22:00:58.635,1.0818,1.0828,8.80,8.80
2008.01.10 22:00:58.864,1.0818,1.0828,8.80,8.80
2008.01.10 22:00:59.091,1.0818,1.0828,8.80,8.80
2008.01.10 22:00:59.318,1.0818,1.0828,8.80,8.80
2008.01.10 22:00:59.546,1.0818,1.0828,8.80,8.80
2008.01.10 22:00:59.763,1.0818,1.0828,8.80,8.80
2008.01.10 22:00:59.981,1.0818,1.0828,8.80,8.80
2008.01.10 22:01:00.198,1.0818,1.0828,8.80,8.80
2008.01.10 22:01:00.415,1.0818,1.0828,8.80,8.80
2008.01.10 22:01:00.631,1.0818,1.0828,8.80,8.80
2008.01.10 22:01:00.913,1.0818,1.0828,8.80,8.80
2008.01.10 22:01:01.196,1.0818,1.0828,8.80,8.80
2008.01.10 22:01:01.479,1.0818,1.0828,8.80,8.80
2008.01.10 22:01:01.762,1.0818,1.0828,8.80,8.80
2008.01.10 22:01:02.127,1.0818,1.0828,8.80,8.80
2008.01.10 22:01:02.308,1.0818,1.0828,8.80,8.80
2008.01.10 22:01:02.491,1.0818,1.0828,8.80,8.80
2008.01.10 22:01:02.673,1.0818,1.0828,8.80,8.80
2008.01.10 22:01:03.006,1.0818,1.0828,8.80,8.80
2008.01.10 22:01:03.339,1.0818,1.0828,8.80,8.80
2008.01.10 22:01:03.671,1.0818,1.0828,8.80,8.80
2008.01.10 22:01:04.173,1.0818,1.0828,8.80,8.80
2008.01.10 22:01:04.345,1.0818,1.0828,8.80,8.80
2008.01.10 22:01:04.518,1.0818,1.0828,8.80,8.80
2008.01.10 22:01:04.690,1.0818,1.0828,8.80,8.80
2008.01.10 22:01:05.088,1.0818,1.0828,8.80,8.80
2008.01.10 22:01:05.296,1.0818,1.0828,8.80,8.80
2008.01.10 22:01:05.504,1.0818,1.0828,8.80,8.80
2008.01.10 22:01:05.903,1.0818,1.0828,8.80,8.80
2008.01.10 22:01:06.030,1.0818,1.0828,8.80,8.80
2008.01.10 22:01:06.348,1.0818,1.0827,0.80,8.00
2008.01.10 22:01:06.666,1.0818,1.0827,0.80,8.00
2008.01.10 22:01:06.983,1.0818,1.0827,0.80,8.00
2008.01.10 22:01:07.161,1.0818,1.0827,0.80,8.00
2008.01.10 22:01:07.338,1.0818,1.0827,0.80,8.00
2008.01.10 22:01:07.682,1.0818,1.0827,0.80,8.00
2008.01.10 22:01:07.859,1.0818,1.0827,0.80,8.00
2008.01.10 22:01:08.174,1.0818,1.0828,0.80,0.80
2008.01.10 22:01:08.486,1.0818,1.0828,0.80,0.80
2008.01.10 22:01:08.799,1.0818,1.0828,0.80,0.80
2008.01.10 22:01:09.112,1.0818,1.0828,0.80,0.80
2008.01.10 22:01:09.290,1.0818,1.0828,0.80,0.80
2008.01.10 22:01:09.468,1.0818,1.0828,0.80,0.80
2008.01.10 22:01:09.698,1.0818,1.0828,0.80,0.80
2008.01.10 22:01:09.876,1.0818,1.0828,0.80,0.80
2008.01.10 22:01:10.052,1.0818,1.0828,0.80,0.80
2008.01.10 22:01:10.290,1.0818,1.0828,0.80,0.80
2008.01.10 22:01:10.528,1.0818,1.0828,0.80,0.80
2008.01.10 22:01:10.766,1.0818,1.0828,0.80,0.80
2008.01.10 22:01:11.003,1.0818,1.0828,0.80,0.80
2008.01.10 22:01:11.240,1.0818,1.0828,0.80,0.80
2008.01.10 22:01:11.558,1.0818,1.0828,0.80,0.80
2008.01.10 22:01:11.875,1.0818,1.0828,0.80,0.80
2008.01.10 22:01:12.193,1.0818,1.0828,0.80,0.80
2008.01.10 22:01:12.539,1.0818,1.0828,0.80,0.80
2008.01.10 22:01:12.731,1.0818,1.0828,0.80,0.80
2008.01.10 22:01:12.917,1.0818,1.0828,0.80,0.80
2008.01.10 22:01:13.105,1.0818,1.0828,0.80,0.80
2008.01.10 22:01:13.339,1.0818,1.0828,0.80,0.80
2008.01.10 22:01:13.527,1.0818,1.0828,0.80,0.80
2008.01.10 22:01:13.714,1.0818,1.0828,0.80,0.80
2008.01.10 22:01:14.017,1.0818,1.0828,0.80,0.80
2008.01.10 22:01:14.403,1.0818,1.0828,0.80,0.80
2008.01.10 22:01:14.707,1.0818,1.0828,0.80,0.80
2008.01.10 22:01:15.012,1.0818,1.0828,0.80,0.80
2008.01.10 22:01:15.396,1.0818,1.0828,0.80,0.80
2008.01.10 22:01:15.583,1.0818,1.0828,0.80,0.80
2008.01.10 22:01:15.771,1.0818,1.0828,0.80,0.80
2008.01.10 22:01:15.959,1.0818,1.0828,0.80,0.80
2008.01.10 22:01:16.292,1.0818,1.0828,0.80,0.80
2008.01.10 22:01:16.625,1.0818,1.0828,0.80,0.80
2008.01.10 22:01:16.958,1.0818,1.0828,0.80,0.80
2008.01.10 22:01:17.301,1.0818,1.0828,0.80,0.80
2008.01.10 22:01:17.509,1.0818,1.0828,0.80,0.80
2008.01.10 22:01:17.717,1.0818,1.0828,0.80,0.80
2008.01.10 22:01:17.926,1.0818,1.0828,0.80,0.80
2008.01.10 22:01:18.199,1.0818,1.0828,0.80,0.80
2008.01.10 22:01:18.442,1.0818,1.0828,0.80,0.80
2008.01.10 22:01:18.686,1.0818,1.0828,0.80,0.80
2008.01.10 22:01:18.929,1.0818,1.0828,0.80,0.80
2008.01.10 22:01:19.234,1.0818,1.0828,0.80,0.80
2008.01.10 22:01:19.428,1.0818,1.0828,0.80,0.80
2008.01.10 22:01:19.624,1.0818,1.0828,0.80,0.80
2008.01.10 22:01:19.815,1.0818,1.0828,0.80,0.80
2008.01.10 22:01:20.017,1.0818,1.0828,0.80,0.80
2008.01.10 22:01:20.211,1.0818,1.0828,0.80,0.80
2008.01.10 22:01:20.402,1.0818,1.0828,0.80,0.80
2008.01.10 22:01:20.728,1.0818,1.0828,0.80,0.80
2008.01.10 22:01:21.051,1.0818,1.0828,0.80,0.80
2008.01.10 22:01:21.379,1.0818,1.0828,0.80,0.80
2008.01.10 22:01:21.710,1.0818,1.0828,0.80,0.80
2008.01.10 22:01:21.904,1.0818,1.0828,0.80,0.80
2008.01.10 22:01:22.096,1.0818,1.0828,0.80,0.80
2008.01.10 22:01:22.486,1.0818,1.0828,0.80,0.80
2008.01.10 22:01:22.679,1.0818,1.0828,0.80,0.80
2008.01.10 22:01:22.871,1.0818,1.0828,0.80,0.80
2008.01.10 22:01:23.283,1.0818,1.0828,0.80,0.80
2008.01.10 22:01:23.613,1.0818,1.0828,0.80,0.80
2008.01.10 22:01:23.941,1.0818,1.0828,0.80,0.80
2008.01.10 22:01:24.274,1.0818,1.0828,0.80,0.80
2008.01.10 22:01:24.418,1.0818,1.0828,0.80,0.80
2008.01.10 22:01:24.559,1.0818,1.0828,0.80,0.80
2008.01.10 22:01:24.701,1.0818,1.0828,0.80,0.80
2008.01.10 22:01:24.901,1.0818,1.0828,0.80,0.80
2008.01.10 22:01:25.043,1.0818,1.0828,0.80,0.80
2008.01.10 22:01:25.330,1.0818,1.0828,0.80,0.80
2008.01.10 22:01:25.618,1.0818,1.0828,0.80,0.80
2008.01.10 22:01:25.905,1.0818,1.0828,0.80,0.80
2008.01.10 22:01:26.193,1.0818,1.0828,0.80,0.80
2008.01.10 22:01:26.470,1.0818,1.0828,0.80,0.80
2008.01.10 22:01:26.749,1.0818,1.0828,0.80,0.80
2008.01.10 22:01:27.026,1.0818,1.0828,0.80,0.80
2008.01.10 22:01:27.305,1.0818,1.0828,0.80,0.80
2008.01.10 22:01:27.532,1.0818,1.0828,0.80,0.80
2008.01.10 22:01:27.760,1.0818,1.0828,0.80,0.80
2008.01.10 22:01:27.999,1.0818,1.0828,0.80,0.80
2008.01.10 22:01:28.228,1.0818,1.0828,0.80,0.80
2008.01.10 22:01:28.454,1.0818,1.0828,0.80,0.80
2008.01.10 22:01:28.717,1.0818,1.0828,0.80,0.80
2008.01.10 22:01:28.980,1.0818,1.0828,0.80,0.80
2008.01.10 22:01:28.999,1.0818,1.0829,0.80,3.20
2008.01.10 22:01:29.241,1.0818,1.0828,0.80,0.80
2008.01.10 22:01:29.504,1.0818,1.0828,0.80,0.80
2008.01.10 22:01:29.864,1.0818,1.0828,0.80,0.80
2008.01.10 22:01:30.071,1.0818,1.0828,0.80,0.80
2008.01.10 22:01:30.278,1.0818,1.0828,0.80,0.80
2008.01.10 22:01:30.600,1.0818,1.0828,0.80,0.80
2008.01.10 22:01:30.833,1.0818,1.0828,0.80,0.80
2008.01.10 22:01:31.066,1.0818,1.0828,0.80,0.80
2008.01.10 22:01:31.489,1.0818,1.0828,0.80,0.80
2008.01.10 22:01:31.723,1.0818,1.0828,0.80,0.80
2008.01.10 22:01:31.949,1.0818,1.0828,0.80,0.80
2008.01.10 22:01:32.227,1.0818,1.0828,0.80,0.80
2008.01.10 22:01:32.454,1.0818,1.0828,0.80,0.80
2008.01.10 22:01:32.681,1.0818,1.0828,0.80,0.80
2008.01.10 22:01:32.909,1.0818,1.0828,0.80,0.80
2008.01.10 22:01:33.241,1.0818,1.0828,0.80,0.80
2008.01.10 22:01:33.573,1.0818,1.0828,0.80,0.80
2008.01.10 22:01:34.068,1.0818,1.0828,0.80,0.80
2008.01.10 22:01:34.211,1.0818,1.0828,0.80,0.80
2008.01.10 22:01:34.353,1.0818,1.0828,0.80,0.80
2008.01.10 22:01:34.496,1.0818,1.0828,0.80,0.80
2008.01.10 22:01:34.639,1.0818,1.0828,0.80,0.80
2008.01.10 22:01:34.840,1.0818,1.0828,0.80,0.80
2008.01.10 22:01:34.981,1.0818,1.0828,0.80,0.80
2008.01.10 22:01:35.126,1.0818,1.0828,0.80,0.80
2008.01.10 22:01:35.644,1.0818,1.0828,0.80,0.80
2008.01.10 22:01:35.970,1.082,1.0828,8.00,0.80
2008.01.10 22:01:36.298,1.082,1.0828,8.00,0.80
2008.01.10 22:01:36.565,1.082,1.0828,8.00,0.80
2008.01.10 22:01:36.829,1.082,1.0828,8.00,0.80
2008.01.10 22:01:37.092,1.082,1.0828,8.00,0.80
2008.01.10 22:01:37.482,1.082,1.0828,8.00,0.80
2008.01.10 22:01:37.709,1.082,1.0828,8.00,0.80
2008.01.10 22:01:37.938,1.082,1.0828,8.00,0.80
2008.01.10 22:01:38.353,1.082,1.0828,8.00,0.80
2008.01.10 22:01:38.600,1.082,1.0828,8.00,0.80
2008.01.10 22:01:38.847,1.082,1.0828,8.00,0.80
2008.01.10 22:01:39.095,1.082,1.0828,8.00,0.80
2008.01.10 22:01:39.342,1.082,1.0828,8.00,0.80
2008.01.10 22:01:39.519,1.0821,1.0828,8.00,0.80
2008.01.10 22:01:39.697,1.0821,1.0828,8.00,0.80
2008.01.10 22:01:39.875,1.0821,1.0828,8.00,0.80
2008.01.10 22:01:40.083,1.0821,1.0828,8.00,0.80
2008.01.10 22:01:40.261,1.0821,1.0828,8.00,0.80
2008.01.10 22:01:40.439,1.0821,1.0828,8.00,0.80
2008.01.10 22:01:40.756,1.0821,1.0828,8.00,0.80
2008.01.10 22:01:41.073,1.0821,1.0828,8.00,0.80
2008.01.10 22:01:41.392,1.0821,1.0828,8.00,0.80
2008.01.10 22:01:41.709,1.0821,1.0828,8.00,0.80
2008.01.10 22:01:42.018,1.0821,1.0828,8.00,0.80
2008.01.10 22:01:42.325,1.0821,1.0828,8.00,0.80
2008.01.10 22:01:42.634,1.0821,1.0828,8.00,0.80
2008.01.10 22:01:42.821,1.0821,1.0828,8.00,0.80
2008.01.10 22:01:43.009,1.0821,1.0828,8.00,0.80
2008.01.10 22:01:43.280,1.0821,1.0828,8.00,0.80
2008.01.10 22:01:43.467,1.0821,1.0828,8.00,0.80
2008.01.10 22:01:43.657,1.0821,1.0828,8.00,0.80
2008.01.10 22:01:43.925,1.0821,1.0828,8.00,0.80
2008.01.10 22:01:44.192,1.0821,1.0828,8.00,0.80
2008.01.10 22:01:44.460,1.0821,1.0828,8.00,0.80
2008.01.10 22:01:44.727,1.0821,1.0828,8.00,0.80
2008.01.10 22:01:45.122,1.0821,1.0828,8.00,0.80
2008.01.10 22:01:45.315,1.0821,1.0831,8.00,8.00
2008.01.10 22:01:45.507,1.0821,1.0831,8.00,8.00
2008.01.10 22:01:45.753,1.0821,1.0831,8.00,8.00
2008.01.10 22:01:46.080,1.0821,1.0831,8.00,8.00
2008.01.10 22:01:46.408,1.0821,1.0831,8.00,8.00
2008.01.10 22:01:46.924,1.0821,1.0831,8.00,8.00
2008.01.10 22:01:47.063,1.0821,1.0831,8.00,8.00
2008.01.10 22:01:47.265,1.0821,1.0831,8.00,8.00
2008.01.10 22:01:47.468,1.0821,1.0831,8.00,8.00
2008.01.10 22:01:47.672,1.0821,1.0831,8.00,8.00
2008.01.10 22:01:47.873,1.0821,1.0831,8.00,8.00
2008.01.10 22:01:48.076,1.0821,1.0831,8.00,8.00
2008.01.10 22:01:48.394,1.0821,1.0831,8.00,8.00
2008.01.10 22:01:48.712,1.0821,1.0831,8.00,8.00
2008.01.10 22:01:49.029,1.0821,1.0831,8.00,8.00
2008.01.10 22:01:49.347,1.0821,1.0831,8.00,8.00
2008.01.10 22:01:49.525,1.0821,1.0831,8.00,8.00
2008.01.10 22:01:49.731,1.0821,1.0831,8.00,8.00
2008.01.10 22:01:49.908,1.0821,1.0831,8.00,8.00
2008.01.10 22:01:50.084,1.0821,1.0831,8.00,8.00
2008.01.10 22:01:50.263,1.0821,1.0831,8.00,8.00
2008.01.10 22:01:50.560,1.0821,1.0831,8.00,8.00
2008.01.10 22:01:50.858,1.0821,1.0831,8.00,8.00
2008.01.10 22:01:51.348,1.0821,1.0831,8.00,8.00
2008.01.10 22:01:51.645,1.0821,1.0831,8.00,8.00
2008.01.10 22:01:51.892,1.0821,1.0831,8.00,8.00
2008.01.10 22:01:52.189,1.0821,1.0831,8.00,8.00
2008.01.10 22:01:52.438,1.0821,1.0831,8.00,8.00
2008.01.10 22:01:52.676,1.0821,1.0831,8.00,8.00
2008.01.10 22:01:53.104,1.0821,1.0831,8.00,8.00
2008.01.10 22:01:53.342,1.0821,1.0831,8.00,8.00
2008.01.10 22:01:53.579,1.0821,1.0831,8.00,8.00
2008.01.10 22:01:53.816,1.0821,1.0831,8.00,8.00
2008.01.10 22:01:54.063,1.0821,1.0831,8.00,8.00
2008.01.10 22:01:54.301,1.0821,1.0831,8.00,8.00
2008.01.10 22:01:54.538,1.0821,1.0831,8.00,8.00
2008.01.10 22:01:54.777,1.0821,1.0831,8.00,8.00
2008.01.10 22:01:55.008,1.0821,1.0831,8.00,8.00
2008.01.10 22:02:41.423,1.0826,1.0838,8.00,8.00
2008.01.10 22:02:41.632,1.0826,1.0838,8.00,8.00
2008.01.10 22:02:42.014,1.0826,1.0838,8.00,8.00
2008.01.10 22:02:42.223,1.0826,1.0838,8.00,8.00
2008.01.10 22:02:42.430,1.0826,1.0838,8.00,8.00
2008.01.10 22:02:42.875,1.0826,1.0838,8.00,8.00
2008.01.10 22:02:43.127,1.0826,1.0838,8.00,8.00
2008.01.10 22:02:43.378,1.0826,1.0838,8.00,8.00
2008.01.10 22:02:43.631,1.0826,1.0838,8.00,8.00
2008.01.10 22:02:43.903,1.0826,1.0838,8.00,8.00
2008.01.10 22:02:44.175,1.0826,1.0838,8.00,8.00
2008.01.10 22:02:44.448,1.0826,1.0838,8.00,8.00
2008.01.10 22:02:44.600,1.0826,1.0838,8.00,8.00
2008.01.10 22:02:44.819,1.0826,1.0838,8.00,8.00
2008.01.10 22:02:44.973,1.0826,1.0838,8.00,8.00
2008.01.10 22:02:45.126,1.0826,1.0838,8.00,8.00
2008.01.10 22:02:45.279,1.0826,1.0838,8.00,8.00
2008.01.10 22:02:45.494,1.0826,1.0838,8.00,8.00
2008.01.10 22:02:45.822,1.0826,1.0838,8.00,8.00
2008.01.10 22:02:46.152,1.0826,1.0838,8.00,8.00
2008.01.10 22:02:46.479,1.0826,1.0838,8.00,8.00
2008.01.10 22:02:46.806,1.0826,1.0838,8.00,8.00
2008.01.10 22:02:47.044,1.0826,1.0838,8.00,8.00
2008.01.10 22:02:47.344,1.0826,1.0838,8.00,8.00
2008.01.10 22:02:47.583,1.0826,1.0838,8.00,8.00
2008.01.10 22:02:47.846,1.0826,1.0838,8.00,8.00
2008.01.10 22:02:48.279,1.0826,1.0838,8.00,8.00
2008.01.10 22:02:48.542,1.0826,1.0838,8.00,8.00
2008.01.10 22:02:48.804,1.0826,1.0838,8.00,8.00
2008.01.10 22:02:49.002,1.0826,1.0838,8.00,8.00
2008.01.10 22:02:49.245,1.0826,1.0838,8.00,8.00
2008.01.10 22:02:49.443,1.0826,1.0838,8.00,8.00
2008.01.10 22:02:49.640,1.0826,1.0838,8.00,8.00
2008.01.10 22:02:49.837,1.0826,1.0838,8.00,8.00
2008.01.10 22:02:50.176,1.0826,1.0838,8.00,8.00
2008.01.10 22:02:50.373,1.0826,1.0838,8.00,8.00
2008.01.10 22:02:50.571,1.0826,1.0838,8.00,8.00
2008.01.10 22:02:50.817,1.0826,1.0838,8.00,8.00
2008.01.10 22:02:51.014,1.0826,1.0838,8.00,8.00
2008.01.10 22:02:51.322,1.0826,1.0838,8.00,8.00
2008.01.10 22:02:51.790,1.0826,1.0838,8.00,8.00
2008.01.10 22:02:52.098,1.0826,1.0838,8.00,8.00
2008.01.10 22:02:52.296,1.0826,1.0838,8.00,8.00
2008.01.10 22:02:52.494,1.0826,1.0838,8.00,8.00
2008.01.10 22:02:52.758,1.0826,1.0838,8.00,8.00
2008.01.10 22:02:52.955,1.0826,1.0838,8.00,8.00
2008.01.10 22:02:53.152,1.0826,1.0838,8.00,8.00
2008.01.10 22:02:53.629,1.0826,1.0838,8.00,8.00
2008.01.10 22:02:53.936,1.0826,1.0838,8.00,8.00
2008.01.10 22:02:54.244,1.0826,1.0838,8.00,8.00
2008.01.10 22:02:54.386,1.0826,1.0838,8.00,8.00
2008.01.10 22:02:54.648,1.0826,1.0838,8.00,8.00
2008.01.10 22:02:54.790,1.0826,1.0838,8.00,8.00
2008.01.10 22:02:54.932,1.0826,1.0838,8.00,8.00
2008.01.10 22:02:55.074,1.0826,1.0838,8.00,8.00
2008.01.10 22:02:55.314,1.0826,1.0838,8.00,8.00
2008.01.10 22:02:55.645,1.0826,1.0838,8.00,8.00
2008.01.10 22:02:55.973,1.0826,1.0838,8.00,8.00
2008.01.10 22:02:56.300,1.0826,1.0838,8.00,8.00
2008.01.10 22:02:56.629,1.0826,1.0838,8.00,8.00
2008.01.10 22:02:56.827,1.0826,1.0838,8.00,8.00
2008.01.10 22:02:57.219,1.0826,1.0838,8.00,8.00
2008.01.10 22:02:57.417,1.0826,1.0838,8.00,8.00
2008.01.10 22:02:57.616,1.0826,1.0838,8.00,8.00
2008.01.10 22:02:58.005,1.0826,1.0838,8.00,8.00
2008.01.10 22:02:58.125,1.0826,1.0838,8.00,8.00
2008.01.10 22:02:58.438,1.0826,1.0838,8.00,8.00
2008.01.10 22:02:58.750,1.0826,1.0838,8.00,8.00
2008.01.10 22:02:59.136,1.0826,1.0838,8.00,8.00
2008.01.10 22:02:59.308,1.0826,1.0838,8.00,8.00
2008.01.10 22:02:59.482,1.0826,1.0838,8.00,8.00
2008.01.10 22:02:59.655,1.0826,1.0838,8.00,8.00
2008.01.10 22:02:59.994,1.0826,1.0838,8.00,8.00
2008.01.10 22:03:00.168,1.0826,1.0838,8.00,8.00
2008.01.10 22:03:00.480,1.0826,1.0838,8.00,8.00
2008.01.10 22:03:00.792,1.0827,1.0838,8.00,8.00
2008.01.10 22:03:01.106,1.0827,1.0838,8.00,8.00
2008.01.10 22:03:01.419,1.0827,1.0838,8.00,8.00
2008.01.10 22:03:01.737,1.0827,1.0838,8.00,8.00
2008.01.10 22:03:01.994,1.0827,1.0838,8.00,8.00
2008.01.10 22:03:02.252,1.0827,1.0838,8.00,8.00
2008.01.10 22:03:02.454,1.0827,1.0838,8.00,8.00
2008.01.10 22:03:02.657,1.0827,1.0838,8.00,8.00
2008.01.10 22:03:02.859,1.0827,1.0838,8.00,8.00
2008.01.10 22:03:03.062,1.0827,1.0838,8.00,8.00
2008.01.10 22:03:03.264,1.0827,1.0838,8.00,8.00
2008.01.10 22:03:03.567,1.0827,1.0838,8.00,8.00
2008.01.10 22:03:03.870,1.0828,1.0838,8.00,8.00
2008.01.10 22:03:04.174,1.0828,1.0838,8.00,8.00
2008.01.10 22:03:04.559,1.0828,1.0838,8.00,8.00
2008.01.10 22:03:04.711,1.0828,1.0838,8.00,8.00
2008.01.10 22:03:04.862,1.0828,1.0838,8.00,8.00
2008.01.10 22:03:05.016,1.0828,1.0838,8.00,8.00
2008.01.10 22:03:05.327,1.0828,1.0838,8.00,8.00
2008.01.10 22:03:05.482,1.0828,1.0838,8.00,8.00
2008.01.10 22:03:05.634,1.0828,1.0838,8.00,8.00
2008.01.10 22:03:06.157,1.0828,1.0838,8.00,8.00
2008.01.10 22:03:06.489,1.0828,1.0838,8.00,8.00
2008.01.10 22:03:06.821,1.0828,1.0838,8.00,8.00
2008.01.10 22:03:07.151,1.0828,1.0838,8.00,8.00
2008.01.10 22:03:07.310,1.0828,1.0838,8.00,8.00
2008.01.10 22:03:07.468,1.0828,1.0838,8.00,8.00
2008.01.10 22:03:07.625,1.0828,1.0838,8.00,8.00
2008.01.10 22:03:07.827,1.08265,1.0838,10.00,8.00
2008.01.10 22:03:07.832,1.0828,1.0838,8.00,8.00
2008.01.10 22:03:08.134,1.0828,1.0838,8.00,8.00
2008.01.10 22:03:08.437,1.0828,1.0838,8.00,8.00
2008.01.10 22:03:08.740,1.0829,1.0839,8.00,8.00
2008.01.10 22:03:09.042,1.0829,1.0839,8.00,8.00
2008.01.10 22:03:09.270,1.0829,1.0839,8.00,8.00
2008.01.10 22:03:09.686,1.0829,1.0839,8.00,8.00
2008.01.10 22:03:09.914,1.0829,1.0839,8.00,8.00
2008.01.10 22:03:10.142,1.0829,1.0839,8.00,8.00
2008.01.10 22:03:10.524,1.0829,1.0839,8.00,8.00
2008.01.10 22:03:10.715,1.0829,1.0839,8.00,8.00
2008.01.10 22:03:10.908,1.0829,1.0839,8.00,8.00
2008.01.10 22:03:11.100,1.0829,1.0839,8.00,8.00
2008.01.10 22:03:11.302,1.0829,1.0839,8.00,8.00
2008.01.10 22:03:11.603,1.0829,1.0839,8.00,8.00
2008.01.10 22:03:11.905,1.0829,1.0839,8.00,8.00
2008.01.10 22:03:12.210,1.0829,1.0839,8.00,8.00
2008.01.10 22:03:41.841,1.0828,1.0838,8.00,8.00
2008.01.10 22:03:42.102,1.0829,1.0837,1.60,1.60
2008.01.10 22:03:42.366,1.0829,1.0837,1.60,1.60
2008.01.10 22:03:42.599,1.0829,1.0837,1.60,1.60
2008.01.10 22:03:42.831,1.0829,1.0837,1.60,1.60
2008.01.10 22:03:43.064,1.0829,1.0837,1.60,1.60
2008.01.10 22:03:43.297,1.0829,1.0837,1.60,1.60
2008.01.10 22:03:43.530,1.0829,1.0837,1.60,1.60
2008.01.10 22:03:43.813,1.0829,1.0837,1.60,1.60
2008.01.10 22:03:44.095,1.0829,1.0837,1.60,1.60
2008.01.10 22:03:44.378,1.0829,1.0837,1.60,1.60
2008.01.10 22:03:44.731,1.0829,1.0837,1.60,1.60
2008.01.10 22:03:44.929,1.0829,1.0837,1.60,1.60
2008.01.10 22:03:45.129,1.0829,1.0837,1.60,1.60
2008.01.10 22:03:45.479,1.0829,1.0837,1.60,1.60
2008.01.10 22:03:45.677,1.0829,1.0837,1.60,1.60
2008.01.10 22:03:45.874,1.0829,1.0837,1.60,1.60
2008.01.10 22:03:46.345,1.0829,1.0837,1.60,1.60
2008.01.10 22:03:46.627,1.0829,1.0837,1.60,1.60
2008.01.10 22:03:46.912,1.0829,1.0837,1.60,1.60
2008.01.10 22:03:47.273,1.0829,1.0837,1.60,1.60
2008.01.10 22:03:47.435,1.0829,1.0837,1.60,1.60
2008.01.10 22:03:47.469,1.0829,1.0838,1.60,9.60
2008.01.10 22:03:47.598,1.0829,1.0837,1.60,1.60
2008.01.10 22:03:47.847,1.0829,1.0837,1.60,1.60
2008.01.10 22:03:48.011,1.0829,1.0837,1.60,1.60
2008.01.10 22:03:48.343,1.0829,1.0837,1.60,1.60
2008.01.10 22:03:48.675,1.0829,1.0837,1.60,1.60
2008.01.10 22:03:49.008,1.0829,1.0837,1.60,1.60
2008.01.10 22:03:49.236,1.0829,1.0837,1.60,1.60
2008.01.10 22:03:49.483,1.0829,1.0837,1.60,1.60
2008.01.10 22:03:49.711,1.0829,1.0837,1.60,1.60
2008.01.10 22:03:49.938,1.0829,1.0837,1.60,1.60
2008.01.10 22:03:50.165,1.0829,1.0837,1.60,1.60
2008.01.10 22:03:50.366,1.0829,1.0837,1.60,1.60
2008.01.10 22:03:50.553,1.0829,1.0837,1.60,1.60
2008.01.10 22:03:50.740,1.0829,1.0837,1.60,1.60
2008.01.10 22:03:50.964,1.0829,1.0837,1.60,1.60
2008.01.10 22:03:51.152,1.0829,1.0837,1.60,1.60
2008.01.10 22:03:51.339,1.0829,1.0837,1.60,1.60
2008.01.10 22:03:51.816,1.0829,1.0837,1.60,1.60
2008.01.10 22:03:52.103,1.0829,1.0837,1.60,1.60
2008.01.10 22:03:52.390,1.0829,1.0837,1.60,1.60
2008.01.10 22:03:52.679,1.0829,1.0837,1.60,1.60
2008.01.10 22:03:52.881,1.0829,1.0837,1.60,1.60
2008.01.10 22:03:53.083,1.0829,1.0837,1.60,1.60
2008.01.10 22:03:53.286,1.0829,1.0837,1.60,1.60
2008.01.10 22:03:53.489,1.0829,1.0837,1.60,1.60
2008.01.10 22:03:53.762,1.0829,1.0837,1.60,1.60
2008.01.10 22:03:54.036,1.0829,1.0837,1.60,1.60
2008.01.10 22:03:54.308,1.0829,1.0837,1.60,1.60
2008.01.10 22:03:54.582,1.0829,1.0837,1.60,1.60
2008.01.10 22:03:54.979,1.0829,1.0837,1.60,1.60
2008.01.10 22:03:55.232,1.0829,1.0837,1.60,1.60
2008.01.10 22:03:55.485,1.0829,1.0837,1.60,1.60
2008.01.10 22:03:55.739,1.0829,1.0837,1.60,1.60
2008.01.10 22:03:55.997,1.0829,1.0837,1.60,1.60
2008.01.10 22:03:56.254,1.0829,1.0837,1.60,1.60
2008.01.10 22:03:56.691,1.0829,1.0837,1.60,1.60
2008.01.10 22:03:56.833,1.0829,1.0837,1.60,1.60
2008.01.10 22:03:56.977,1.0829,1.0837,1.60,1.60
2008.01.10 22:03:57.120,1.0829,1.0837,1.60,1.60
2008.01.10 22:03:57.359,1.0829,1.0837,1.60,1.60
2008.01.10 22:03:57.500,1.0829,1.0837,1.60,1.60
2008.01.10 22:03:57.641,1.0829,1.0837,1.60,1.60
2008.01.10 22:03:57.882,1.0829,1.0837,1.60,1.60
2008.01.10 22:03:58.213,1.0829,1.0837,1.60,1.60
2008.01.10 22:03:58.546,1.0829,1.0837,1.60,1.60
2008.01.10 22:03:58.879,1.0829,1.0837,1.60,1.60
2008.01.10 22:03:59.211,1.0829,1.0837,1.60,1.60
2008.01.10 22:03:59.419,1.0829,1.0837,1.60,1.60
2008.01.10 22:03:59.627,1.0829,1.0837,1.60,1.60
2008.01.10 22:03:59.834,1.0829,1.0837,1.60,1.60
2008.01.10 22:04:00.042,1.0829,1.0837,1.60,1.60
2008.01.10 22:04:00.259,1.0829,1.0837,1.60,1.60
2008.01.10 22:04:00.477,1.0829,1.0837,1.60,1.60
2008.01.10 22:04:00.695,1.0829,1.0837,1.60,1.60
2008.01.10 22:04:00.912,1.0829,1.0837,1.60,1.60
2008.01.10 22:04:01.129,1.0829,1.0837,1.60,1.60
2008.01.10 22:04:01.392,1.0829,1.0837,1.60,1.60
2008.01.10 22:04:01.655,1.0829,1.0837,1.60,1.60
2008.01.10 22:04:02.104,1.0829,1.0837,1.60,1.60
2008.01.10 22:04:02.366,1.0829,1.0837,1.60,1.60
2008.01.10 22:04:02.603,1.0829,1.0837,1.60,1.60
2008.01.10 22:04:02.845,1.0829,1.0837,1.60,1.60
2008.01.10 22:04:03.082,1.0829,1.0837,1.60,1.60
2008.01.10 22:04:03.320,1.0829,1.0837,1.60,1.60
2008.01.10 22:04:03.608,1.0829,1.0837,1.60,1.60
2008.01.10 22:04:03.895,1.0829,1.0837,1.60,1.60
2008.01.10 22:04:04.184,1.0829,1.0837,1.60,1.60
2008.01.10 22:04:04.397,1.0829,1.0837,1.60,1.60
2008.01.10 22:04:04.609,1.0829,1.0837,1.60,1.60
2008.01.10 22:04:04.822,1.0829,1.0837,1.60,1.60
2008.01.10 22:04:05.223,1.0829,1.0837,1.60,1.60
2008.01.10 22:04:05.436,1.0829,1.0837,1.60,1.60
2008.01.10 22:04:05.648,1.0829,1.0837,1.60,1.60
2008.01.10 22:04:05.862,1.0829,1.0837,1.60,1.60
2008.01.10 22:04:06.074,1.0829,1.0837,1.60,1.60
2008.01.10 22:04:06.286,1.0829,1.0837,1.60,1.60
2008.01.10 22:04:06.796,1.0829,1.0837,1.60,1.60
2008.01.10 22:04:07.113,1.0829,1.0837,1.60,1.60
2008.01.10 22:04:07.430,1.0829,1.0837,1.60,1.60
2008.01.10 22:04:07.747,1.0829,1.0837,1.60,1.60
2008.01.10 22:04:07.890,1.0829,1.0837,1.60,1.60
2008.01.10 22:04:08.031,1.0829,1.0837,1.60,1.60
2008.01.10 22:04:08.174,1.0829,1.0837,1.60,1.60
2008.01.10 22:04:08.316,1.0829,1.0837,1.60,1.60
2008.01.10 22:04:08.517,1.0829,1.0837,1.60,1.60
2008.01.10 22:04:08.813,1.0829,1.0837,1.60,1.60
2008.01.10 22:04:09.111,1.0829,1.0837,1.60,1.60
2008.01.10 22:04:09.410,1.0829,1.0837,1.60,1.60
2008.01.10 22:04:09.706,1.0829,1.0837,1.60,1.60
2008.01.10 22:04:09.949,1.0829,1.0837,1.60,1.60
2008.01.10 22:04:10.192,1.0829,1.0837,1.60,1.60
2008.01.10 22:04:10.434,1.0829,1.0837,1.60,1.60
2008.01.10 22:04:10.675,1.0829,1.0837,1.60,1.60
2008.01.10 22:04:10.918,1.0829,1.0837,1.60,1.60
2008.01.10 22:04:11.266,1.0829,1.0837,1.60,1.60
2008.01.10 22:04:11.509,1.0829,1.0837,1.60,1.60
2008.01.10 22:04:11.752,1.0829,1.0837,1.60,1.60
2008.01.10 22:04:11.935,1.0829,1.0837,1.60,1.60
2008.01.10 22:04:18.915,1.0829,1.0837,1.60,9.60
2008.01.10 22:04:19.183,1.0829,1.0837,1.60,9.60
2008.01.10 22:04:19.623,1.0829,1.0837,1.60,9.60
2008.01.10 22:04:19.846,1.0829,1.0837,1.60,9.60
2008.01.10 22:04:20.071,1.0829,1.0837,1.60,9.60
2008.01.10 22:04:20.492,1.0829,1.0837,1.60,9.60
2008.01.10 22:04:20.664,1.0829,1.0837,1.60,9.60
2008.01.10 22:04:20.836,1.0829,1.0837,1.60,9.60
2008.01.10 22:04:21.009,1.0829,1.0837,1.60,9.60
2008.01.10 22:04:21.255,1.0829,1.0837,1.60,9.60
2008.01.10 22:04:21.428,1.0829,1.0837,1.60,9.60
2008.01.10 22:04:21.722,1.0829,1.0837,1.60,9.60
2008.01.10 22:04:22.016,1.0829,1.0837,1.60,9.60
2008.01.10 22:04:22.308,1.0829,1.0837,1.60,9.60
2008.01.10 22:04:22.601,1.0829,1.0837,1.60,9.60
2008.01.10 22:04:22.838,1.0829,1.0837,1.60,9.60
2008.01.10 22:04:23.077,1.0829,1.0837,1.60,9.60
2008.01.10 22:04:23.314,1.0829,1.0837,1.60,9.60
2008.01.10 22:04:23.552,1.0829,1.0837,1.60,9.60
2008.01.10 22:04:23.819,1.0829,1.0837,1.60,9.60
2008.01.10 22:04:24.086,1.0829,1.0837,1.60,9.60
2008.01.10 22:04:24.355,1.0827,1.0835,1.60,1.60
2008.01.10 22:04:24.622,1.0827,1.0835,1.60,1.60
2008.01.10 22:04:24.990,1.0827,1.0835,1.60,1.60
2008.01.10 22:04:25.234,1.0827,1.0835,1.60,1.60
2008.01.10 22:04:25.477,1.0827,1.0835,1.60,1.60
2008.01.10 22:04:25.720,1.0827,1.0835,1.60,1.60
2008.01.10 22:04:25.953,1.0827,1.0835,1.60,1.60
2008.01.10 22:04:26.185,1.0827,1.0835,1.60,1.60
2008.01.10 22:04:26.420,1.0827,1.0835,9.60,1.60
2008.01.10 22:04:26.839,1.0827,1.0835,9.60,1.60
2008.01.10 22:04:27.046,1.0827,1.0835,9.60,1.60
2008.01.10 22:04:27.253,1.0827,1.0835,9.60,1.60
2008.01.10 22:04:27.461,1.0827,1.0835,9.60,1.60
2008.01.10 22:04:27.701,1.0827,1.0835,9.60,1.60
2008.01.10 22:04:27.908,1.0827,1.0835,9.60,1.60
2008.01.10 22:04:28.191,1.0827,1.0835,9.60,1.60
2008.01.10 22:04:28.658,1.0827,1.0835,9.60,1.60
2008.01.10 22:04:28.941,1.0827,1.0835,1.60,1.60
2008.01.10 22:04:29.094,1.0827,1.0835,1.60,1.60
2008.01.10 22:04:29.435,1.0827,1.0835,1.60,1.60
2008.01.10 22:04:29.586,1.0827,1.0835,1.60,1.60
2008.01.10 22:04:29.740,1.0827,1.0835,1.60,1.60
2008.01.10 22:04:29.893,1.0827,1.0835,1.60,1.60
2008.01.10 22:04:30.094,1.0827,1.0835,1.60,1.60
2008.01.10 22:04:30.421,1.0827,1.0835,1.60,1.60
2008.01.10 22:04:30.748,1.0828,1.0836,1.60,9.60
2008.01.10 22:04:31.076,1.0827,1.0836,1.60,9.60
2008.01.10 22:04:31.404,1.0827,1.0835,9.60,1.60
2008.01.10 22:04:31.637,1.0827,1.0835,9.60,1.60
2008.01.10 22:04:31.872,1.0827,1.0835,9.60,1.60
2008.01.10 22:04:32.104,1.0827,1.0835,9.60,1.60
2008.01.10 22:04:32.337,1.0827,1.0835,9.60,1.60
2008.01.10 22:04:32.701,1.0827,1.0835,9.60,1.60
2008.01.10 22:04:32.914,1.0827,1.0835,9.60,1.60
2008.01.10 22:04:33.126,1.0827,1.0835,9.60,1.60
2008.01.10 22:04:33.339,1.0827,1.0835,9.60,1.60
2008.01.10 22:04:33.646,1.0827,1.0835,9.60,1.60
2008.01.10 22:04:33.954,1.0827,1.0835,9.60,1.60
2008.01.10 22:04:34.262,1.0827,1.0835,9.60,1.60
2008.01.10 22:04:34.569,1.0827,1.0835,9.60,1.60
2008.01.10 22:04:34.776,1.0827,1.0835,9.60,1.60
2008.01.10 22:04:34.983,1.0827,1.0835,9.60,1.60
2008.01.10 22:04:35.191,1.0827,1.0835,9.60,1.60
2008.01.10 22:04:35.399,1.0827,1.0835,9.60,1.60
2008.01.10 22:04:35.606,1.0827,1.0835,9.60,1.60
2008.01.10 22:04:35.868,1.0827,1.0835,9.60,1.60
2008.01.10 22:04:36.199,1.0827,1.0835,9.60,1.60
2008.01.10 22:04:36.463,1.0827,1.0835,9.60,1.60
2008.01.10 22:04:36.725,1.0827,1.0835,9.60,1.60
2008.01.10 22:04:36.912,1.0827,1.0835,9.60,1.60
2008.01.10 22:04:37.120,1.0827,1.0835,9.60,1.60
2008.01.10 22:04:37.308,1.0827,1.0835,9.60,1.60
2008.01.10 22:04:37.498,1.0827,1.0835,9.60,1.60
2008.01.10 22:04:37.684,1.0827,1.0835,9.60,1.60
2008.01.10 22:04:37.923,1.0827,1.0835,9.60,1.60
2008.01.10 22:04:38.214,1.0827,1.0835,9.60,1.60
2008.01.10 22:04:38.506,1.0827,1.0835,9.60,1.60
2008.01.10 22:04:38.798,1.0827,1.0835,9.60,1.60
2008.01.10 22:04:39.091,1.0827,1.0835,9.60,1.60
2008.01.10 22:04:39.294,1.0827,1.0835,9.60,1.60
2008.01.10 22:04:39.515,1.0827,1.0835,9.60,1.60
2008.01.10 22:04:39.718,1.0827,1.0835,9.60,1.60
2008.01.10 22:04:39.921,1.0827,1.0835,9.60,1.60
2008.01.10 22:04:40.208,1.0827,1.0835,9.60,1.60
2008.01.10 22:04:40.497,1.0827,1.0835,9.60,1.60
2008.01.10 22:04:40.784,1.0827,1.0835,9.60,1.60
2008.01.10 22:04:41.073,1.0827,1.0835,9.60,1.60
2008.01.10 22:04:41.320,1.0827,1.0835,9.60,1.60
2008.01.10 22:04:41.569,1.0827,1.0835,9.60,1.60
2008.01.10 22:04:41.816,1.0827,1.0835,9.60,1.60
2008.01.10 22:04:41.926,1.08255,1.0835,12.00,1.60
2008.01.10 22:04:42.231,1.0827,1.0835,9.60,1.60
2008.01.10 22:04:42.443,1.0827,1.0835,9.60,1.60
2008.01.10 22:04:42.656,1.0827,1.0835,9.60,1.60
2008.01.10 22:04:42.868,1.0827,1.0835,9.60,1.60
2008.01.10 22:04:43.082,1.0827,1.0835,9.60,1.60
2008.01.10 22:04:43.330,1.0827,1.0835,9.60,1.60
2008.01.10 22:04:43.734,1.0827,1.0835,9.60,1.60
2008.01.10 22:04:43.981,1.0827,1.0835,9.60,1.60
2008.01.10 22:04:44.230,1.0827,1.0835,9.60,1.60
2008.01.10 22:04:44.434,1.0827,1.0835,9.60,1.60
2008.01.10 22:04:44.635,1.0827,1.0835,9.60,1.60
2008.01.10 22:04:44.838,1.0827,1.0835,9.60,1.60
2008.01.10 22:04:45.040,1.0827,1.0835,9.60,1.60
2008.01.10 22:04:45.243,1.0827,1.0835,9.60,1.60
2008.01.10 22:04:45.484,1.0827,1.0835,9.60,1.60
2008.01.10 22:04:45.917,1.0827,1.0835,9.60,1.60
2008.01.10 22:04:45.969,1.0827,1.0835,9.60,1.60
2008.01.10 22:04:46.212,1.0827,1.0835,9.60,1.60
2008.01.10 22:04:46.454,1.0827,1.0835,9.60,1.60
2008.01.10 22:04:46.798,1.0827,1.0835,9.60,1.60
2008.01.10 22:04:47.063,1.0827,1.0835,9.60,1.60
2008.01.10 22:04:47.325,1.0827,1.0835,9.60,1.60
2008.01.10 22:04:47.707,1.0827,1.0835,9.60,1.60
2008.01.10 22:04:47.871,1.0827,1.0835,9.60,1.60
2008.01.10 22:04:48.032,1.0827,1.0835,9.60,1.60
2008.01.10 22:04:48.350,1.0827,1.0835,9.60,1.60
2008.01.10 22:04:48.513,1.0827,1.0835,9.60,1.60
2008.01.10 22:04:48.675,1.0827,1.0835,9.60,1.60
2008.01.10 22:04:48.837,1.0827,1.0835,9.60,1.60
2008.01.10 22:04:49.154,1.0827,1.0835,9.60,1.60
2008.01.10 22:04:49.472,1.0827,1.0835,9.60,1.60
2008.01.10 22:04:49.865,1.0827,1.0835,9.60,1.60
2008.01.10 22:04:50.074,1.0827,1.0835,9.60,1.60
2008.01.10 22:04:50.281,1.0827,1.0835,9.60,1.60
2008.01.10 22:04:50.602,1.0827,1.0835,9.60,1.60
2008.01.10 22:04:50.810,1.0827,1.0835,9.60,1.60
2008.01.10 22:04:51.018,1.0827,1.0835,9.60,1.60
2008.01.10 22:04:51.351,1.0827,1.0835,9.60,1.60
2008.01.10 22:04:51.684,1.0827,1.0835,9.60,1.60
2008.01.10 22:04:52.207,1.0827,1.0835,9.60,1.60
2008.01.10 22:04:52.359,1.0827,1.0835,9.60,1.60
2008.01.10 22:04:52.512,1.0827,1.0835,9.60,1.60
2008.01.10 22:04:52.817,1.0827,1.0835,9.60,1.60
2008.01.10 22:04:52.969,1.0827,1.0835,1.60,1.60
2008.01.10 22:04:53.248,1.0827,1.0835,1.60,1.60
2008.01.10 22:04:53.582,1.0827,1.0835,9.60,1.60
2008.01.10 22:04:53.860,1.0827,1.0835,9.60,1.60
2008.01.10 22:04:54.137,1.0827,1.0835,9.60,1.60
2008.01.10 22:04:54.396,1.0827,1.0835,9.60,1.60
2008.01.10 22:04:54.600,1.0827,1.0835,9.60,1.60
2008.01.10 22:04:54.805,1.0827,1.0835,9.60,1.60
2008.01.10 22:04:55.196,1.0827,1.0835,9.60,1.60
2008.01.10 22:04:55.449,1.0827,1.0835,9.60,1.60
2008.01.10 22:04:55.704,1.0827,1.0835,9.60,1.60
2008.01.10 22:04:55.956,1.0827,1.0835,9.60,1.60
2008.01.10 22:04:56.208,1.0827,1.0835,9.60,1.60
2008.01.10 22:04:56.426,1.0827,1.0835,9.60,1.60
2008.01.10 22:04:56.834,1.0827,1.0835,9.60,1.60
2008.01.10 22:04:57.051,1.0827,1.0835,9.60,1.60
2008.01.10 22:04:57.270,1.0827,1.0835,9.60,1.60
2008.01.10 22:04:57.670,1.0827,1.0835,9.60,1.60
2008.01.10 22:04:57.866,1.0827,1.0835,9.60,1.60
2008.01.10 22:04:58.063,1.0827,1.0835,9.60,1.60
2008.01.10 22:04:58.294,1.0827,1.0835,9.60,1.60
2008.01.10 22:04:58.568,1.0827,1.0835,9.60,1.60
2008.01.10 22:04:58.840,1.0827,1.0835,9.60,1.60
2008.01.10 22:04:59.280,1.0827,1.0835,9.60,1.60
2008.01.10 22:04:59.552,1.0827,1.0835,9.60,1.60
2008.01.10 22:04:59.749,1.0827,1.0835,9.60,1.60
2008.01.10 22:05:00.026,1.0827,1.0835,9.60,1.60
2008.01.10 22:05:00.224,1.0827,1.0835,9.60,1.60
2008.01.10 22:05:00.422,1.0827,1.0835,9.60,1.60
2008.01.10 22:05:00.704,1.0827,1.0835,9.60,1.60
2008.01.10 22:05:00.988,1.0827,1.0835,9.60,1.60
2008.01.10 22:05:01.270,1.0827,1.0835,9.60,1.60
2008.01.10 22:05:01.552,1.0827,1.0835,9.60,1.60
2008.01.10 22:05:01.800,1.0827,1.0835,9.60,1.60
2008.01.10 22:05:02.239,1.0827,1.0835,9.60,1.60
2008.01.10 22:05:02.294,1.0827,1.0835,9.60,1.60
2008.01.10 22:05:02.541,1.0827,1.0835,9.60,1.60
2008.01.10 22:05:02.914,1.0827,1.0835,9.60,1.60
2008.01.10 22:05:03.111,1.0827,1.0835,9.60,1.60
2008.01.10 22:05:03.505,1.0827,1.0835,9.60,1.60
2008.01.10 22:05:03.762,1.0827,1.0835,9.60,1.60
2008.01.10 22:05:04.018,1.0827,1.0835,9.60,1.60
2008.01.10 22:05:04.276,1.0828,1.0835,8.00,1.60
2008.01.10 22:05:04.534,1.0828,1.0835,8.00,1.60
2008.01.10 22:05:04.855,1.0828,1.0835,8.00,1.60
2008.01.10 22:05:05.123,1.0828,1.0835,8.00,1.60
2008.01.10 22:05:05.577,1.0828,1.0835,8.00,1.60
2008.01.10 22:05:05.760,1.0828,1.0835,8.00,1.60
2008.01.10 22:05:05.942,1.0827,1.0835,1.60,9.60
2008.01.10 22:05:06.147,1.0827,1.0835,1.60,9.60
2008.01.10 22:05:06.330,1.0827,1.0835,1.60,9.60
2008.01.10 22:05:06.513,1.0827,1.0835,1.60,9.60
2008.01.10 22:05:06.722,1.0827,1.0835,1.60,9.60
2008.01.10 22:05:06.994,1.0827,1.0835,1.60,9.60
2008.01.10 22:05:07.267,1.0827,1.0835,1.60,9.60
2008.01.10 22:05:07.539,1.0825,1.0835,8.00,8.00
2008.01.10 22:05:08.005,1.0825,1.0835,8.00,8.00
2008.01.10 22:05:08.225,1.0825,1.0835,8.00,8.00
2008.01.10 22:05:08.441,1.0825,1.0835,8.00,8.00
2008.01.10 22:05:08.659,1.0825,1.0835,8.00,8.00
2008.01.10 22:05:08.877,1.0825,1.0835,8.00,8.00
2008.01.10 22:05:09.160,1.0825,1.0835,8.00,8.00
2008.01.10 22:05:09.444,1.0828,1.0836,8.00,1.60
2008.01.10 22:05:09.726,1.0828,1.0836,8.00,1.60
2008.01.10 22:05:10.009,1.0828,1.0836,8.00,1.60
2008.01.10 22:05:10.246,1.0828,1.0836,8.00,1.60
2008.01.10 22:05:10.609,1.0827,1.0836,8.00,1.60
2008.01.10 22:05:10.847,1.0827,1.0836,8.00,1.60
2008.01.10 22:05:11.089,1.0827,1.0836,8.00,1.60
2008.01.10 22:05:11.321,1.0827,1.0836,8.00,1.60
2008.01.10 22:05:11.554,1.0828,1.0836,8.00,1.60
2008.01.10 22:05:11.979,1.0828,1.0836,8.00,1.60
2008.01.10 22:05:12.211,1.0828,1.0836,8.00,1.60
2008.01.10 22:05:12.433,1.0828,1.0836,8.00,1.60
2008.01.10 22:05:12.665,1.0828,1.0836,8.00,1.60
2008.01.10 22:05:12.886,1.0828,1.0836,8.00,1.60
2008.01.10 22:05:13.305,1.0828,1.0836,8.00,1.60
2008.01.10 22:05:13.533,1.0828,1.0836,8.00,1.60
2008.01.10 22:05:13.761,1.0828,1.0836,8.00,1.60
2008.01.10 22:05:13.989,1.0828,1.0838,8.00,8.00
2008.01.10 22:05:14.216,1.0828,1.0838,8.00,8.00
2008.01.10 22:05:14.620,1.0828,1.0838,8.00,8.00
2008.01.10 22:05:14.866,1.0828,1.0838,8.00,8.00
2008.01.10 22:05:15.113,1.0828,1.0838,8.00,8.00
2008.01.10 22:05:15.360,1.0828,1.0838,8.00,8.00
2008.01.10 22:05:15.608,1.0828,1.0838,8.00,8.00
2008.01.10 22:05:15.999,1.0828,1.0838,8.00,8.00
2008.01.10 22:05:16.253,1.0828,1.0838,8.00,8.00
2008.01.10 22:05:16.504,1.0828,1.0838,8.00,8.00
2008.01.10 22:05:16.757,1.0828,1.0838,8.00,8.00
2008.01.10 22:05:16.949,1.0828,1.0838,8.00,8.00
2008.01.10 22:05:17.141,1.0828,1.0838,8.00,8.00
2008.01.10 22:05:17.353,1.0828,1.0838,8.00,8.00
2008.01.10 22:05:17.544,1.0828,1.0838,8.00,8.00
2008.01.10 22:05:17.737,1.0828,1.0838,8.00,8.00
2008.01.10 22:05:17.997,1.0828,1.0838,8.00,8.00
2008.01.10 22:05:18.239,1.0828,1.0838,8.00,8.00
2008.01.10 22:05:18.672,1.0828,1.0838,8.00,8.00
2008.01.10 22:05:18.915,1.0828,1.0838,8.00,8.00
2008.01.10 22:05:19.182,1.0828,1.0838,8.00,8.00
2008.01.10 22:05:19.450,1.0828,1.0838,8.00,8.00
2008.01.10 22:05:19.718,1.0828,1.0838,8.00,8.00
2008.01.10 22:05:20.111,1.0828,1.0838,8.00,8.00
2008.01.10 22:05:20.301,1.0828,1.0838,8.00,8.00
2008.01.10 22:05:20.678,1.0828,1.0838,8.00,8.00
2008.01.10 22:05:20.866,1.0828,1.0838,8.00,8.00
2008.01.10 22:05:21.054,1.0828,1.0838,8.00,8.00
2008.01.10 22:05:21.257,1.0828,1.0838,8.00,8.00
2008.01.10 22:05:21.548,1.0828,1.0838,8.00,8.00
2008.01.10 22:05:21.841,1.0828,1.0838,8.00,8.00
2008.01.10 22:05:22.134,1.0828,1.0838,8.00,8.00
2008.01.10 22:05:22.426,1.0828,1.0838,8.00,8.00
2008.01.10 22:05:22.722,1.0828,1.0838,8.00,8.00
2008.01.10 22:05:22.912,1.0828,1.0838,8.00,8.00
2008.01.10 22:05:23.105,1.0828,1.0838,8.00,8.00
2008.01.10 22:05:23.492,1.0828,1.0838,8.00,8.00
2008.01.10 22:05:23.739,1.0828,1.0838,8.00,8.00
2008.01.10 22:05:23.988,1.0828,1.0838,8.00,8.00
2008.01.10 22:05:24.236,1.0828,1.0838,8.00,8.00
2008.01.10 22:05:24.681,1.0828,1.0838,8.00,8.00
2008.01.10 22:05:24.913,1.0828,1.0838,8.00,8.00
2008.01.10 22:05:25.146,1.0828,1.0838,8.00,8.00
2008.01.10 22:05:25.378,1.0828,1.0838,8.00,8.00
2008.01.10 22:05:25.612,1.0828,1.0838,8.00,8.00
2008.01.10 22:05:26.004,1.0828,1.0838,8.00,8.00
2008.01.10 22:05:26.237,1.0828,1.0838,8.00,8.00
2008.01.10 22:05:26.470,1.0828,1.0838,8.00,8.00
2008.01.10 22:05:26.702,1.0828,1.0838,8.00,8.00
2008.01.10 22:05:26.940,1.0828,1.0838,8.00,8.00
2008.01.10 22:05:27.170,1.0828,1.0838,8.00,8.00
2008.01.10 22:05:27.427,1.0828,1.0838,8.00,8.00
2008.01.10 22:05:27.685,1.0828,1.0838,8.00,8.00
2008.01.10 22:05:28.052,1.0828,1.0838,8.00,8.00
2008.01.10 22:05:28.250,1.0828,1.0838,8.00,8.00
2008.01.10 22:05:28.583,1.0828,1.0838,8.00,8.00
2008.01.10 22:05:28.782,1.0828,1.0838,8.00,8.00
2008.01.10 22:05:28.979,1.0828,1.0838,8.00,8.00
2008.01.10 22:05:29.257,1.0828,1.0838,8.00,8.00
2008.01.10 22:05:29.510,1.0828,1.0838,8.00,8.00
2008.01.10 22:05:29.956,1.0828,1.0838,8.00,8.00
2008.01.10 22:05:30.015,1.0828,1.0838,8.00,8.00
2008.01.10 22:05:30.413,1.0828,1.0838,8.00,8.00
2008.01.10 22:05:30.666,1.0828,1.0838,8.00,8.00
2008.01.10 22:05:30.937,1.0828,1.0838,8.00,8.00
2008.01.10 22:05:31.234,1.0828,1.0838,8.00,8.00
2008.01.10 22:05:31.466,1.0828,1.0838,8.00,8.00
2008.01.10 22:05:31.900,1.0828,1.0838,8.00,8.00
2008.01.10 22:05:31.960,1.0828,1.0838,2.30,8.00
2008.01.10 22:05:32.142,1.08235,1.0838,8.20,8.00
2008.01.10 22:05:32.384,1.08235,1.0838,8.20,8.00
2008.01.10 22:05:32.626,1.08235,1.0838,8.20,8.00
2008.01.10 22:05:32.870,1.08235,1.0838,8.20,8.00
2008.01.10 22:05:33.197,1.0828,1.0838,8.00,8.00
2008.01.10 22:05:33.378,1.0828,1.0838,8.00,8.00
2008.01.10 22:05:33.561,1.0828,1.0838,8.00,8.00
2008.01.10 22:05:33.937,1.0828,1.0838,8.00,8.00
2008.01.10 22:05:34.189,1.0828,1.0838,8.00,8.00
2008.01.10 22:05:34.442,1.0828,1.0838,8.00,8.00
2008.01.10 22:05:34.699,1.0828,1.0838,8.00,8.00
2008.01.10 22:05:34.956,1.0828,1.0838,8.00,8.00
2008.01.10 22:05:35.376,1.0828,1.0838,8.00,8.00
2008.01.10 22:05:35.603,1.0828,1.0838,8.00,8.00
2008.01.10 22:05:35.830,1.0828,1.0838,8.00,8.00
2008.01.10 22:05:36.060,1.0828,1.0838,8.00,8.00
2008.01.10 22:05:36.306,1.0828,1.0838,8.00,8.00
2008.01.10 22:05:36.552,1.0828,1.0838,8.00,8.00
2008.01.10 22:05:36.799,1.0828,1.0838,8.00,8.00
2008.01.10 22:05:37.046,1.0828,1.0838,8.00,8.00
2008.01.10 22:05:37.294,1.0828,1.0838,8.00,8.00
2008.01.10 22:05:37.698,1.0827,1.0841,8.00,8.00
2008.01.10 22:05:37.939,1.0827,1.0841,8.00,8.00
2008.01.10 22:05:38.180,1.0827,1.0841,8.00,8.00
2008.01.10 22:05:38.407,1.0827,1.0841,8.00,8.00
2008.01.10 22:05:38.634,1.0827,1.0841,8.00,8.00
2008.01.10 22:05:38.861,1.0827,1.0841,8.00,8.00
2008.01.10 22:05:39.088,1.0827,1.0841,8.00,8.00
2008.01.10 22:05:39.315,1.0827,1.0841,8.00,8.00
2008.01.10 22:05:39.603,1.0827,1.0841,8.00,8.00
2008.01.10 22:05:39.947,1.0827,1.0841,8.00,8.00
2008.01.10 22:05:40.234,1.0827,1.0841,8.00,8.00
2008.01.10 22:05:40.606,1.0827,1.0841,8.00,8.00
2008.01.10 22:05:40.792,1.0827,1.0841,8.00,8.00
2008.01.10 22:05:40.980,1.0827,1.0841,8.00,8.00
2008.01.10 22:05:41.191,1.0827,1.0841,8.00,8.00
2008.01.10 22:05:41.378,1.0827,1.0841,8.00,8.00
2008.01.10 22:05:41.696,1.0827,1.0841,8.00,8.00
2008.01.10 22:05:42.201,1.0827,1.0841,8.00,8.00
2008.01.10 22:05:42.518,1.0827,1.0841,8.00,8.00
2008.01.10 22:05:42.836,1.0827,1.0841,8.00,8.00
2008.01.10 22:05:43.037,1.0827,1.0841,8.00,8.00
2008.01.10 22:05:43.183,1.0827,1.0841,8.00,8.00
2008.01.10 22:05:43.324,1.0827,1.0841,8.00,8.00
2008.01.10 22:05:43.624,1.0827,1.0841,8.00,8.00
2008.01.10 22:05:43.932,1.0827,1.0841,8.00,8.00
2008.01.10 22:05:44.239,1.0827,1.0841,8.00,8.00
2008.01.10 22:05:44.640,1.0827,1.0841,8.00,8.00
2008.01.10 22:05:44.947,1.0827,1.0841,8.00,8.00
2008.01.10 22:05:45.110,1.0827,1.0841,8.00,8.00
2008.01.10 22:05:45.327,1.0827,1.0841,8.00,8.00
2008.01.10 22:05:45.488,1.0827,1.0841,8.00,8.00
2008.01.10 22:05:45.651,1.0827,1.0841,8.00,8.00
2008.01.10 22:05:45.984,1.0827,1.0841,8.00,8.00
2008.01.10 22:05:46.318,1.0827,1.0841,8.00,8.00
2008.01.10 22:05:46.651,1.0827,1.0841,8.00,8.00
2008.01.10 22:05:46.858,1.0827,1.0841,8.00,8.00
2008.01.10 22:05:47.015,1.0827,1.0841,8.00,8.00
2008.01.10 22:05:47.173,1.0827,1.0841,8.00,8.00
2008.01.10 22:05:47.330,1.0827,1.0841,8.00,8.00
2008.01.10 22:05:47.534,1.0827,1.0841,8.00,8.00
2008.01.10 22:05:47.692,1.0827,1.0841,8.00,8.00
2008.01.10 22:05:47.974,1.0827,1.0841,8.00,8.00
2008.01.10 22:05:48.257,1.0827,1.0841,8.00,8.00
2008.01.10 22:05:48.540,1.0827,1.0841,8.00,8.00
2008.01.10 22:05:49.019,1.0827,1.0841,8.00,8.00
2008.01.10 22:05:49.316,1.0827,1.0841,8.00,8.00
2008.01.10 22:05:49.613,1.0827,1.0841,8.00,8.00
2008.01.10 22:05:49.975,1.0827,1.0841,8.00,8.00
2008.01.10 22:05:50.116,1.0827,1.0841,8.00,8.00
2008.01.10 22:05:50.258,1.0827,1.0841,8.00,8.00
2008.01.10 22:05:50.589,1.0827,1.0841,8.00,8.00
2008.01.10 22:05:50.732,1.0827,1.0841,8.00,8.00
2008.01.10 22:05:50.874,1.0827,1.0841,8.00,8.00
2008.01.10 22:05:51.017,1.0827,1.0841,8.00,8.00
2008.01.10 22:05:51.216,1.0827,1.0841,8.00,8.00
2008.01.10 22:05:51.548,1.0827,1.0841,8.00,8.00
2008.01.10 22:05:51.881,1.0827,1.0841,8.00,8.00
2008.01.10 22:05:52.214,1.0827,1.0841,8.00,8.00
2008.01.10 22:05:52.387,1.0827,1.0841,8.00,8.00
2008.01.10 22:05:52.561,1.0827,1.0841,8.00,8.00
2008.01.10 22:05:52.921,1.0827,1.0841,8.00,8.00
2008.01.10 22:05:53.095,1.0827,1.0841,8.00,8.00
2008.01.10 22:05:53.377,1.0827,1.0841,8.00,8.00
2008.01.10 22:05:53.660,1.0827,1.0841,8.00,8.00
2008.01.10 22:05:53.943,1.0827,1.0841,8.00,8.00
2008.01.10 22:05:54.226,1.0827,1.0841,8.00,8.00
2008.01.10 22:05:54.562,1.0827,1.0841,8.00,8.00
2008.01.10 22:05:54.785,1.0827,1.0841,8.00,8.00
2008.01.10 22:05:55.008,1.0827,1.0841,8.00,8.00
2008.01.10 22:05:55.243,1.0827,1.0841,8.00,8.00
2008.01.10 22:05:55.492,1.0827,1.0841,8.00,8.00
2008.01.10 22:05:55.740,1.0827,1.0841,8.00,8.00
2008.01.10 22:05:55.993,1.0827,1.0841,8.00,8.00
2008.01.10 22:05:56.240,1.0827,1.0841,8.00,8.00
2008.01.10 22:05:56.488,1.0827,1.0841,8.00,8.00
2008.01.10 22:05:56.765,1.0827,1.0841,8.00,8.00
2008.01.10 22:05:57.043,1.0827,1.0841,8.00,8.00
2008.01.10 22:05:57.320,1.0827,1.0841,8.00,8.00
2008.01.10 22:05:57.498,1.0827,1.0841,8.00,8.00
2008.01.10 22:05:57.677,1.0827,1.0841,8.00,8.00
2008.01.10 22:05:57.878,1.0827,1.0841,8.00,8.00
2008.01.10 22:05:58.056,1.0827,1.0841,8.00,8.00
2008.01.10 22:05:58.235,1.0827,1.0841,8.00,8.00
2008.01.10 22:05:58.603,1.0827,1.0841,8.00,8.00
2008.01.10 22:05:58.892,1.0827,1.0841,8.00,8.00
2008.01.10 22:05:59.183,1.0827,1.0841,8.00,8.00
2008.01.10 22:05:59.470,1.0827,1.0841,8.00,8.00
2008.01.10 22:05:59.673,1.0827,1.0841,8.00,8.00
2008.01.10 22:05:59.875,1.0827,1.0841,8.00,8.00
2008.01.10 22:06:00.248,1.0827,1.0841,8.00,8.00
2008.01.10 22:06:00.452,1.0827,1.0841,8.00,8.00
2008.01.10 22:06:00.654,1.0827,1.0841,8.00,8.00
2008.01.10 22:06:00.943,1.0827,1.0841,8.00,8.00
2008.01.10 22:06:01.232,1.0827,1.0841,8.00,8.00
2008.01.10 22:06:01.519,1.0827,1.0841,8.00,8.00
2008.01.10 22:06:01.838,1.0826,1.0836,8.00,8.00
2008.01.10 22:06:02.037,1.0826,1.0836,8.00,8.00
2008.01.10 22:06:02.234,1.0826,1.0836,8.00,8.00
2008.01.10 22:06:02.621,1.0826,1.0836,8.00,8.00
2008.01.10 22:06:02.630,1.0826,1.0836,8.00,8.00
2008.01.10 22:06:02.828,1.0826,1.0836,8.00,8.00
2008.01.10 22:06:03.026,1.0826,1.0836,8.00,8.00
2008.01.10 22:06:03.312,1.0826,1.0836,8.00,8.00
2008.01.10 22:06:03.601,1.0826,1.0836,8.00,8.00
2008.01.10 22:06:03.888,1.0826,1.0836,8.00,8.00
2008.01.10 22:06:04.186,1.0826,1.0836,8.00,8.00
2008.01.10 22:06:04.484,1.0826,1.0836,8.00,8.00
2008.01.10 22:06:04.965,1.0826,1.0836,8.00,8.00
2008.01.10 22:06:05.122,1.0826,1.0836,8.00,8.00
2008.01.10 22:06:05.271,1.0826,1.0836,8.00,8.00
2008.01.10 22:06:05.596,1.0826,1.0836,8.00,8.00
2008.01.10 22:06:05.748,1.0826,1.0836,8.00,8.00
2008.01.10 22:06:05.901,1.0826,1.0836,8.00,8.00
2008.01.10 22:06:06.219,1.0827,1.0841,8.00,8.00
2008.01.10 22:06:06.552,1.0827,1.0841,8.00,8.00
2008.01.10 22:06:06.884,1.0827,1.0841,8.00,8.00
2008.01.10 22:06:07.218,1.0827,1.0841,8.00,8.00
2008.01.10 22:06:07.368,1.0827,1.0841,8.00,8.00
2008.01.10 22:06:07.516,1.0827,1.0841,8.00,8.00
2008.01.10 22:06:07.664,1.0827,1.0841,8.00,8.00
2008.01.10 22:06:07.863,1.0827,1.0841,8.00,8.00
2008.01.10 22:06:08.012,1.0827,1.0841,8.00,8.00
2008.01.10 22:06:08.160,1.0827,1.0841,8.00,8.00
2008.01.10 22:06:08.448,1.0827,1.0841,8.00,8.00
2008.01.10 22:06:08.771,1.0827,1.0841,8.00,8.00
2008.01.10 22:06:09.092,1.0827,1.0841,8.00,8.00
2008.01.10 22:06:09.415,1.0827,1.0841,8.00,8.00
2008.01.10 22:06:09.738,1.0827,1.0841,8.00,8.00
2008.01.10 22:06:09.985,1.0827,1.0841,8.00,8.00
2008.01.10 22:06:10.289,1.0827,1.0841,8.00,8.00
2008.01.10 22:06:10.536,1.0827,1.0841,8.00,8.00
2008.01.10 22:06:10.765,1.0827,1.0837,8.00,8.00
2008.01.10 22:06:10.992,1.0827,1.0837,8.00,8.00
2008.01.10 22:06:11.221,1.0827,1.0837,8.00,8.00
2008.01.10 22:06:11.449,1.0827,1.0837,8.00,8.00
2008.01.10 22:06:11.868,1.0827,1.0837,8.00,8.00
2008.01.10 22:06:12.160,1.0827,1.0837,8.00,8.00
2008.01.10 22:06:12.453,1.0827,1.0837,8.00,8.00
2008.01.10 22:06:12.896,1.0827,1.0837,8.00,8.00
2008.01.10 22:06:13.048,1.0827,1.0837,8.00,8.00
2008.01.10 22:06:13.201,1.0827,1.0837,8.00,8.00
2008.01.10 22:06:13.419,1.0827,1.0837,8.00,8.00
2008.01.10 22:06:13.572,1.0827,1.0837,8.00,8.00
2008.01.10 22:06:14.093,1.0827,1.0837,8.00,8.00
2008.01.10 22:06:14.425,1.0827,1.0837,8.00,8.00
2008.01.10 22:06:14.947,1.0827,1.0837,8.00,8.00
2008.01.10 22:06:15.088,1.0827,1.0837,8.00,8.00
2008.01.10 22:06:15.322,1.0827,1.0837,8.00,8.00
2008.01.10 22:06:15.466,1.0827,1.0837,8.00,8.00
2008.01.10 22:06:15.799,1.0827,1.0837,8.00,8.00
2008.01.10 22:06:15.942,1.0827,1.0837,8.00,8.00
2008.01.10 22:06:16.274,1.0827,1.0837,8.00,8.00
2008.01.10 22:06:16.670,1.0827,1.0837,8.00,8.00
2008.01.10 22:06:17.002,1.0827,1.0837,8.00,8.00
2008.01.10 22:06:17.355,1.0827,1.0837,8.00,8.00
2008.01.10 22:06:17.367,1.0826,1.0836,8.00,8.00
2008.01.10 22:06:17.529,1.0826,1.0836,8.00,8.00
2008.01.10 22:06:17.692,1.0826,1.0836,8.00,8.00
2008.01.10 22:06:17.901,1.0826,1.0836,8.00,8.00
2008.01.10 22:06:18.183,1.0825,1.0835,8.00,8.00
2008.01.10 22:06:18.466,1.0825,1.0835,8.00,8.00
2008.01.10 22:06:18.749,1.0825,1.0835,8.00,8.00
2008.01.10 22:06:19.188,1.0825,1.0835,8.00,8.00
2008.01.10 22:06:19.430,1.0825,1.0835,8.00,8.00
2008.01.10 22:06:19.672,1.0826,1.084,8.00,8.00
2008.01.10 22:06:19.916,1.0826,1.084,8.00,8.00
2008.01.10 22:06:20.158,1.0826,1.084,8.00,8.00
2008.01.10 22:06:20.416,1.0826,1.084,8.00,8.00
2008.01.10 22:06:20.673,1.0826,1.084,8.00,8.00
2008.01.10 22:06:20.987,1.0826,1.084,8.00,8.00
2008.01.10 22:06:21.246,1.0827,1.0841,8.00,8.00
2008.01.10 22:06:21.628,1.0827,1.0841,8.00,8.00
2008.01.10 22:06:21.883,1.0827,1.0841,8.00,8.00
2008.01.10 22:06:22.325,1.0827,1.0841,8.00,8.00
2008.01.10 22:06:22.577,1.0825,1.0835,8.00,8.00
2008.01.10 22:06:22.829,1.0825,1.0835,8.00,8.00
2008.01.10 22:06:23.062,1.0825,1.0835,8.00,8.00
2008.01.10 22:06:23.295,1.0825,1.0835,8.00,8.00
2008.01.10 22:06:23.666,1.0825,1.0835,8.00,8.00
2008.01.10 22:06:23.902,1.0825,1.0835,8.00,8.00
2008.01.10 22:06:24.139,1.0825,1.0835,8.00,8.00
2008.01.10 22:06:24.377,1.0825,1.0835,8.00,8.00
2008.01.10 22:06:24.615,1.0825,1.0835,8.00,8.00
2008.01.10 22:06:24.853,1.0825,1.0835,8.00,8.00
2008.01.10 22:06:25.115,1.0825,1.0835,8.00,8.00
2008.01.10 22:06:25.378,1.0825,1.0835,8.00,8.00
2008.01.10 22:06:25.764,1.0825,1.0835,8.00,8.00
2008.01.10 22:06:25.970,1.0825,1.0835,8.00,8.00
2008.01.10 22:06:26.177,1.0825,1.0835,8.00,8.00
2008.01.10 22:06:26.385,1.0825,1.0835,8.00,8.00
2008.01.10 22:06:26.592,1.0825,1.0835,8.00,8.00
2008.01.10 22:06:26.799,1.0825,1.0835,8.00,8.00
2008.01.10 22:06:27.071,1.0825,1.0835,8.00,8.00
2008.01.10 22:06:27.343,1.0825,1.0835,8.00,8.00
2008.01.10 22:06:27.616,1.0825,1.0835,8.00,8.00
2008.01.10 22:06:27.889,1.0825,1.0835,8.00,8.00
2008.01.10 22:06:28.076,1.0825,1.0835,8.00,8.00
2008.01.10 22:06:28.448,1.0825,1.0835,8.00,8.00
2008.01.10 22:06:28.637,1.0826,1.0835,1.60,9.60
2008.01.10 22:06:29.015,1.08225,1.0835,9.80,1.60
2008.01.10 22:06:29.339,1.08225,1.0835,9.80,1.60
2008.01.10 22:06:29.667,1.08225,1.0835,9.80,1.60
2008.01.10 22:06:29.996,1.0826,1.0835,0.50,1.60
2008.01.10 22:06:30.128,1.0826,1.0835,9.60,1.60
2008.01.10 22:06:30.392,1.0826,1.0835,9.60,1.60
2008.01.10 22:06:30.524,1.0826,1.0835,9.60,1.60
2008.01.10 22:06:30.771,1.0826,1.0835,9.60,1.60
2008.01.10 22:06:30.902,1.0826,1.0835,9.60,1.60
2008.01.10 22:06:31.234,1.0826,1.0835,9.60,1.60
2008.01.10 22:06:31.567,1.0826,1.0835,9.60,1.60
2008.01.10 22:06:31.899,1.0826,1.0835,9.60,1.60
2008.01.10 22:06:32.062,1.0826,1.0835,9.60,1.60
2008.01.10 22:06:32.276,1.0826,1.0835,9.60,1.60
2008.01.10 22:06:32.437,1.0826,1.0835,9.60,1.60
2008.01.10 22:06:32.600,1.0826,1.0835,9.60,1.60
2008.01.10 22:06:32.860,1.0826,1.0835,9.60,1.60
2008.01.10 22:06:33.021,1.0826,1.0835,9.60,1.60
2008.01.10 22:06:33.478,1.0826,1.0835,9.60,1.60
2008.01.10 22:06:33.547,1.0826,1.0835,9.60,1.60
2008.01.10 22:06:33.810,1.0826,1.0835,9.60,1.60
2008.01.10 22:06:34.072,1.0826,1.0835,9.60,1.60
2008.01.10 22:06:34.334,1.0826,1.0835,9.60,1.60
2008.01.10 22:06:34.736,1.0826,1.0835,9.60,1.60
2008.01.10 22:06:35.000,1.0826,1.0835,9.60,1.60
2008.01.10 22:06:35.421,1.0826,1.0835,9.60,1.60
2008.01.10 22:06:35.634,1.0826,1.0835,9.60,1.60
2008.01.10 22:06:35.969,1.0826,1.0835,9.60,1.60
2008.01.10 22:06:36.182,1.0826,1.0835,9.60,1.60
2008.01.10 22:06:36.424,1.0826,1.0835,9.60,1.60
2008.01.10 22:06:36.667,1.0826,1.0835,9.60,1.60
2008.01.10 22:06:36.910,1.0826,1.0835,9.60,1.60
2008.01.10 22:06:37.312,1.0826,1.0835,9.60,1.60
2008.01.10 22:06:37.505,1.0826,1.0835,9.60,1.60
2008.01.10 22:06:37.697,1.0826,1.0835,9.60,1.60
2008.01.10 22:06:37.930,1.0826,1.0835,9.60,1.60
2008.01.10 22:06:38.121,1.0826,1.0835,9.60,1.60
2008.01.10 22:06:38.510,1.0826,1.0835,9.60,1.60
2008.01.10 22:06:38.802,1.0826,1.0835,9.60,1.60
2008.01.10 22:06:39.161,1.0826,1.0835,9.60,1.60
2008.01.10 22:06:39.454,1.0826,1.0835,9.60,1.60
2008.01.10 22:06:39.636,1.0826,1.0835,9.60,1.60
2008.01.10 22:06:39.849,1.0826,1.0835,9.60,1.60
2008.01.10 22:06:40.030,1.0826,1.0835,9.60,1.60
2008.01.10 22:06:40.414,1.0826,1.0835,9.60,1.60
2008.01.10 22:06:40.598,1.0826,1.0835,9.60,1.60
2008.01.10 22:06:40.941,1.0826,1.0835,9.60,1.60
2008.01.10 22:06:41.244,1.0826,1.0835,9.60,1.60
2008.01.10 22:06:41.546,1.0826,1.0835,9.60,1.60
2008.01.10 22:06:41.850,1.0826,1.0835,9.60,1.60
2008.01.10 22:06:42.017,1.0826,1.0835,9.60,1.60
2008.01.10 22:06:42.281,1.0826,1.0835,9.60,1.60
2008.01.10 22:06:42.448,1.0826,1.0835,9.60,1.60
2008.01.10 22:06:42.616,1.0826,1.0835,9.60,1.60
2008.01.10 22:06:42.819,1.0826,1.0835,9.60,1.60
2008.01.10 22:06:43.076,1.0826,1.0835,9.60,1.60
2008.01.10 22:06:43.421,1.0826,1.0835,9.60,1.60
2008.01.10 22:06:43.678,1.0826,1.0835,9.60,1.60
2008.01.10 22:06:44.117,1.0826,1.0835,9.60,1.60
2008.01.10 22:06:44.355,1.0826,1.0835,9.60,1.60
2008.01.10 22:06:44.593,1.0826,1.0835,9.60,1.60
2008.01.10 22:06:44.830,1.0826,1.0835,9.60,1.60
2008.01.10 22:06:45.067,1.0826,1.0835,9.60,1.60
2008.01.10 22:06:45.462,1.0826,1.0835,9.60,1.60
2008.01.10 22:06:45.668,1.0826,1.0835,9.60,1.60
2008.01.10 22:06:46.063,1.0826,1.0835,9.60,1.60
2008.01.10 22:06:46.272,1.0826,1.0835,9.60,1.60
2008.01.10 22:06:46.466,1.0826,1.0835,9.60,0.60
2008.01.10 22:06:46.518,1.0826,1.0836,9.60,9.60
2008.01.10 22:06:46.765,1.0826,1.0835,9.60,0.60
2008.01.10 22:06:47.013,1.0826,1.0835,9.60,0.70
2008.01.10 22:06:47.416,1.0826,1.0836,9.60,9.60
2008.01.10 22:06:47.663,1.0826,1.0835,9.60,0.50
2008.01.10 22:06:48.047,1.0826,1.0836,9.60,9.60
2008.01.10 22:06:48.063,1.0826,1.0836,9.60,9.60
2008.01.10 22:06:48.255,1.0826,1.0835,9.60,0.60
2008.01.10 22:06:48.513,1.0826,1.0836,9.60,9.60
2008.01.10 22:06:48.796,1.0826,1.0836,9.60,9.60
2008.01.10 22:06:49.162,1.0826,1.0836,9.60,9.60
2008.01.10 22:06:49.446,1.0826,1.08365,1.60,12.00
2008.01.10 22:06:49.918,1.0826,1.08365,1.60,12.00
2008.01.10 22:06:50.146,1.0826,1.0835,1.60,0.70
2008.01.10 22:06:50.373,1.0826,1.0835,1.60,0.90
2008.01.10 22:06:50.603,1.0826,1.0835,1.60,0.90
2008.01.10 22:06:50.830,1.0826,1.0835,1.60,0.80
2008.01.10 22:06:51.248,1.0826,1.08365,1.60,12.00
2008.01.10 22:06:51.486,1.0826,1.08365,1.60,12.00
2008.01.10 22:06:51.921,1.0826,1.0835,1.60,0.50
2008.01.10 22:06:51.967,1.0826,1.08365,1.60,12.00
2008.01.10 22:06:52.151,1.0826,1.0835,1.60,0.60
2008.01.10 22:06:52.333,1.0826,1.08365,1.60,12.00
2008.01.10 22:06:52.543,1.0826,1.0835,1.60,0.90
2008.01.10 22:06:52.727,1.0826,1.08365,1.60,12.00
2008.01.10 22:06:52.912,1.0826,1.08365,1.60,12.00
2008.01.10 22:06:53.118,1.0826,1.08365,1.60,12.00
2008.01.10 22:06:53.391,1.0826,1.0835,1.60,0.50
2008.01.10 22:06:53.825,1.0826,1.08365,1.60,12.00
2008.01.10 22:06:54.086,1.0826,1.08365,1.60,12.00
2008.01.10 22:06:54.533,1.0826,1.08365,1.60,12.00
2008.01.10 22:06:54.795,1.0826,1.08365,1.60,12.00
2008.01.10 22:06:55.248,1.0826,1.08365,1.60,12.00
2008.01.10 22:06:55.511,1.0826,1.0835,1.60,0.90
2008.01.10 22:06:55.683,1.0826,1.08365,1.60,12.00
2008.01.10 22:06:55.896,1.0826,1.08365,1.60,12.00
2008.01.10 22:06:56.069,1.0826,1.0835,1.60,0.70
2008.01.10 22:06:56.430,1.0826,1.0835,1.60,0.50
2008.01.10 22:06:56.451,1.0826,1.08365,1.60,12.00
2008.01.10 22:06:56.624,1.0826,1.08365,1.60,12.00
2008.01.10 22:06:57.124,1.0826,1.0835,1.60,0.60
2008.01.10 22:06:57.430,1.0826,1.08365,1.60,12.00
2008.01.10 22:06:57.738,1.0826,1.0835,1.60,0.50
2008.01.10 22:06:58.047,1.0826,1.08365,1.60,12.00
2008.01.10 22:06:58.221,1.0826,1.0835,1.60,0.50
2008.01.10 22:06:58.582,1.0826,1.08365,1.60,12.00
2008.01.10 22:06:58.754,1.0826,1.0835,1.60,0.70
2008.01.10 22:06:59.006,1.0826,1.0835,1.60,0.90
2008.01.10 22:06:59.258,1.0826,1.0835,1.60,0.70
2008.01.10 22:06:59.512,1.0826,1.08365,1.60,12.00
2008.01.10 22:06:59.846,1.0826,1.08365,1.60,12.00
2008.01.10 22:07:00.084,1.0826,1.08365,1.60,12.00
2008.01.10 22:07:00.321,1.0826,1.0835,1.60,0.80
2008.01.10 22:07:00.559,1.0826,1.08365,1.60,12.00
2008.01.10 22:07:00.797,1.0826,1.08365,1.60,12.00
2008.01.10 22:07:01.047,1.0826,1.0835,1.60,0.70
2008.01.10 22:07:01.315,1.0826,1.08365,1.60,12.00
2008.01.10 22:07:01.582,1.0826,1.08365,1.60,12.00
2008.01.10 22:07:01.852,1.0826,1.0835,1.60,0.90
2008.01.10 22:07:02.119,1.0826,1.08365,1.60,12.00
2008.01.10 22:07:02.316,1.0826,1.0835,1.60,0.70
2008.01.10 22:07:02.521,1.0826,1.08365,1.60,12.00
2008.01.10 22:07:02.719,1.0826,1.08365,1.60,12.00
2008.01.10 22:07:03.115,1.0826,1.0836,9.60,9.60
2008.01.10 22:07:03.342,1.0826,1.0835,9.60,0.80
2008.01.10 22:07:03.737,1.0826,1.0835,9.60,0.90
2008.01.10 22:07:03.963,1.0826,1.0835,9.60,0.70
2008.01.10 22:07:04.191,1.0826,1.0835,9.60,0.80
2008.01.10 22:07:04.489,1.0826,1.0835,9.60,0.70
2008.01.10 22:07:04.785,1.0826,1.0836,9.60,9.60
2008.01.10 22:07:05.208,1.0826,1.0836,9.60,9.60
2008.01.10 22:07:05.361,1.0826,1.0836,9.60,9.60
2008.01.10 22:07:05.514,1.0826,1.0836,9.60,9.60
2008.01.10 22:07:05.789,1.0826,1.0836,9.60,9.60
2008.01.10 22:07:05.943,1.0826,1.0836,9.60,9.60
2008.01.10 22:07:06.287,1.0826,1.0836,9.60,9.60
2008.01.10 22:07:06.298,1.0826,1.0835,9.60,0.50
2008.01.10 22:07:06.632,1.0826,1.0836,9.60,9.60
2008.01.10 22:07:07.154,1.0826,1.0836,9.60,9.60
2008.01.10 22:07:07.486,1.0826,1.0836,9.60,9.60
2008.01.10 22:07:07.838,1.0826,1.0836,9.60,9.60
2008.01.10 22:07:07.848,1.0826,1.0836,9.60,9.60
2008.01.10 22:07:08.017,1.0826,1.0835,9.60,0.70
2008.01.10 22:07:08.366,1.0826,1.0836,9.60,9.60
2008.01.10 22:07:08.643,1.0826,1.0835,9.60,0.80
2008.01.10 22:07:08.920,1.0826,1.0835,9.60,0.90
2008.01.10 22:07:09.197,1.0826,1.0836,9.60,9.60
2008.01.10 22:07:09.475,1.0826,1.0835,9.60,0.80
2008.01.10 22:07:09.752,1.0826,1.0835,9.60,0.60
2008.01.10 22:07:09.985,1.0826,1.0836,9.60,9.60
2008.01.10 22:07:10.407,1.0826,1.0835,9.60,0.70
2008.01.10 22:07:10.639,1.0826,1.0835,9.60,0.60
2008.01.10 22:07:10.956,1.0826,1.0835,1.60,0.90
2008.01.10 22:07:11.208,1.0826,1.08365,1.60,12.00
2008.01.10 22:07:11.461,1.0826,1.0835,1.60,0.80
2008.01.10 22:07:11.714,1.0826,1.0835,1.60,0.60
2008.01.10 22:07:11.956,1.0826,1.0835,1.60,0.50
2008.01.10 22:07:12.391,1.0826,1.08365,1.60,12.00
2008.01.10 22:07:12.442,1.0826,1.08365,1.60,12.00
2008.01.10 22:07:12.685,1.0826,1.08365,1.60,12.00
2008.01.10 22:07:12.927,1.0826,1.08365,1.60,12.00
2008.01.10 22:07:13.155,1.0826,1.08365,1.60,12.00
2008.01.10 22:07:13.383,1.0826,1.08365,1.60,12.00
2008.01.10 22:07:13.783,1.0826,1.0835,1.60,0.50
2008.01.10 22:07:14.000,1.0826,1.08365,1.60,12.00
2008.01.10 22:07:14.407,1.0826,1.0835,1.60,0.80
2008.01.10 22:07:14.436,1.0826,1.08365,1.60,12.00
2008.01.10 22:07:14.654,1.0826,1.08365,1.60,12.00
2008.01.10 22:07:14.871,1.0826,1.08365,1.60,12.00
2008.01.10 22:07:15.129,1.0826,1.08365,1.60,12.00
2008.01.10 22:07:15.388,1.0826,1.0835,1.60,9.60
2008.01.10 22:07:15.816,1.0826,1.0835,1.60,9.60
2008.01.10 22:07:16.074,1.0826,1.0835,1.60,9.60
2008.01.10 22:07:16.516,1.0826,1.0835,1.60,9.60
2008.01.10 22:07:16.768,1.0826,1.0835,1.60,9.60
2008.01.10 22:07:17.021,1.0826,1.0835,1.60,9.60
2008.01.10 22:07:17.274,1.0826,1.0835,1.60,9.60
2008.01.10 22:07:17.479,1.0826,1.0835,1.60,9.60
2008.01.10 22:07:17.681,1.0826,1.0835,1.60,9.60
2008.01.10 22:07:17.894,1.0826,1.0835,1.60,9.60
2008.01.10 22:07:18.099,1.0826,1.0835,1.60,9.60
2008.01.10 22:07:18.533,1.0826,1.0835,1.60,9.60
2008.01.10 22:07:18.776,1.0826,1.0835,1.60,9.60
2008.01.10 22:07:19.018,1.0826,1.0835,1.60,9.60
2008.01.10 22:07:19.267,1.0826,1.0835,1.60,9.60
2008.01.10 22:07:19.514,1.0826,1.0835,1.60,9.60
2008.01.10 22:07:19.880,1.0826,1.0835,1.60,9.60
2008.01.10 22:07:20.125,1.0826,1.0835,1.60,9.60
2008.01.10 22:07:20.342,1.0826,1.0835,1.60,9.60
2008.01.10 22:07:20.560,1.0826,1.0835,1.60,9.60
2008.01.10 22:07:20.778,1.0826,1.0835,1.60,9.60
2008.01.10 22:07:21.118,1.0826,1.0835,1.60,9.60
2008.01.10 22:07:21.390,1.0826,1.0835,1.60,9.60
2008.01.10 22:07:21.662,1.0826,1.0835,1.60,9.60
2008.01.10 22:07:21.936,1.0826,1.0835,1.60,9.60
2008.01.10 22:07:22.210,1.0826,1.0835,1.60,9.60
2008.01.10 22:07:22.446,1.0826,1.0835,1.60,9.60
2008.01.10 22:07:22.685,1.0826,1.0835,1.60,9.60
2008.01.10 22:07:22.922,1.0826,1.0835,1.60,9.60
2008.01.10 22:07:23.160,1.0826,1.0835,1.60,9.60
2008.01.10 22:07:23.398,1.0826,1.0835,1.60,9.60
2008.01.10 22:07:23.851,1.0826,1.0835,1.60,9.60
2008.01.10 22:07:23.922,1.0826,1.0835,1.60,9.60
2008.01.10 22:07:24.183,1.0826,1.0835,1.60,9.60
2008.01.10 22:07:24.497,1.0826,1.0835,1.60,9.60
2008.01.10 22:07:24.699,1.0826,1.0835,1.60,9.60
2008.01.10 22:07:24.900,1.0826,1.0835,1.60,9.60
2008.01.10 22:07:25.193,1.0826,1.0835,1.60,9.60
2008.01.10 22:07:25.394,1.0826,1.0835,1.60,9.60
2008.01.10 22:07:25.597,1.0826,1.0835,1.60,9.60
2008.01.10 22:07:25.846,1.0826,1.0835,1.60,9.60
2008.01.10 22:07:26.095,1.0826,1.0835,1.60,9.60
2008.01.10 22:07:26.344,1.0826,1.0835,1.60,9.60
2008.01.10 22:07:26.592,1.0826,1.0835,1.60,9.60
2008.01.10 22:07:26.879,1.0826,1.0835,1.60,9.60
2008.01.10 22:07:27.167,1.0826,1.0835,1.60,9.60
2008.01.10 22:07:27.456,1.0826,1.0835,1.60,9.60
2008.01.10 22:07:27.742,1.0826,1.0835,1.60,9.60
2008.01.10 22:07:27.940,1.0826,1.0835,1.60,9.60
2008.01.10 22:07:28.142,1.0826,1.0835,1.60,9.60
2008.01.10 22:07:28.340,1.0826,1.0835,1.60,9.60
2008.01.10 22:07:28.540,1.0826,1.0835,1.60,9.60
2008.01.10 22:07:28.739,1.0826,1.0835,1.60,9.60
2008.01.10 22:07:29.006,1.0826,1.0835,1.60,9.60
2008.01.10 22:07:29.274,1.0826,1.0835,1.60,9.60
2008.01.10 22:07:29.543,1.0826,1.0835,1.60,9.60
2008.01.10 22:07:29.811,1.0826,1.0835,1.60,9.60
2008.01.10 22:07:30.053,1.0826,1.0835,1.60,9.60
2008.01.10 22:07:30.296,1.0826,1.0835,1.60,9.60
2008.01.10 22:07:30.539,1.0826,1.0835,1.60,9.60
2008.01.10 22:07:30.782,1.0826,1.0835,1.60,9.60
2008.01.10 22:07:31.025,1.0826,1.0835,1.60,9.60
2008.01.10 22:07:31.287,1.0826,1.0835,1.60,9.60
2008.01.10 22:07:31.550,1.0826,1.0835,1.60,9.60
2008.01.10 22:07:31.812,1.0826,1.0835,1.60,9.60
2008.01.10 22:07:32.074,1.0826,1.0835,1.60,9.60
2008.01.10 22:07:32.317,1.0826,1.0835,1.60,9.60
2008.01.10 22:07:32.749,1.0826,1.0835,1.60,9.60
2008.01.10 22:07:32.801,1.0826,1.0835,1.60,9.60
2008.01.10 22:07:33.043,1.0826,1.0835,1.60,9.60
2008.01.10 22:07:33.267,1.0826,1.0835,1.60,9.60
2008.01.10 22:07:33.527,1.0826,1.0835,1.60,9.60
2008.01.10 22:07:33.750,1.0826,1.0835,1.60,9.60
2008.01.10 22:07:33.973,1.0826,1.0835,1.60,9.60
2008.01.10 22:07:34.386,1.0826,1.0835,1.60,9.60
2008.01.10 22:07:34.637,1.0826,1.0835,1.60,9.60
2008.01.10 22:07:34.890,1.0826,1.0835,1.60,9.60
2008.01.10 22:07:35.143,1.0826,1.0835,1.60,9.60
2008.01.10 22:07:35.395,1.0826,1.0835,1.60,9.60
2008.01.10 22:07:35.613,1.0826,1.0835,1.60,9.60
2008.01.10 22:07:35.776,1.0826,1.08365,1.60,12.00
2008.01.10 22:07:35.831,1.0826,1.0835,1.60,0.80
2008.01.10 22:07:36.050,1.0826,1.08365,1.60,12.00
2008.01.10 22:07:36.269,1.0826,1.0835,1.60,0.60
2008.01.10 22:07:36.541,1.0826,1.08365,1.60,12.00
2008.01.10 22:07:36.813,1.0826,1.08365,1.60,12.00
2008.01.10 22:07:37.086,1.0826,1.08365,1.60,12.00
2008.01.10 22:07:37.358,1.0826,1.08365,1.60,12.00
2008.01.10 22:07:37.792,1.0826,1.08365,1.60,12.00
2008.01.10 22:07:38.033,1.0826,1.0835,1.60,0.60
2008.01.10 22:07:38.277,1.0826,1.0835,1.60,0.60
2008.01.10 22:07:38.518,1.0826,1.08365,1.60,12.00
2008.01.10 22:07:38.782,1.0826,1.0835,1.60,0.70
2008.01.10 22:07:39.045,1.0826,1.08365,1.60,12.00
2008.01.10 22:07:39.497,1.0826,1.0835,1.60,0.90
2008.01.10 22:07:39.571,1.0826,1.0835,1.60,0.80
2008.01.10 22:07:39.718,1.0826,1.0835,1.60,0.90
2008.01.10 22:07:39.865,1.0826,1.08365,1.60,12.00
2008.01.10 22:07:40.111,1.0826,1.08365,1.60,12.00
2008.01.10 22:07:40.260,1.0826,1.08365,1.60,12.00
2008.01.10 22:07:40.408,1.0826,1.0835,1.60,0.70
2008.01.10 22:07:40.744,1.0826,1.0835,1.60,0.90
2008.01.10 22:07:42.952,1.0826,1.0836,9.60,9.60
2008.01.10 22:07:43.143,1.0826,1.0835,9.60,0.70
2008.01.10 22:07:43.337,1.0826,1.0835,9.60,0.80
2008.01.10 22:07:43.529,1.0826,1.0836,9.60,9.60
2008.01.10 22:07:43.731,1.0826,1.0835,9.60,0.70
2008.01.10 22:07:43.984,1.0826,1.0835,9.60,0.60
2008.01.10 22:07:44.237,1.0826,1.0836,9.60,9.60
2008.01.10 22:07:44.490,1.0826,1.0836,9.60,9.60
2008.01.10 22:07:44.743,1.0826,1.0836,9.60,9.60
2008.01.10 22:07:44.999,1.0826,1.0836,9.60,9.60
2008.01.10 22:07:45.257,1.0826,1.0835,9.60,0.50
2008.01.10 22:07:45.515,1.0826,1.0835,9.60,0.70
2008.01.10 22:07:45.772,1.0826,1.0836,9.60,9.60
2008.01.10 22:07:46.020,1.0826,1.0836,9.60,9.60
2008.01.10 22:07:46.268,1.0826,1.0836,9.60,9.60
2008.01.10 22:07:46.526,1.0826,1.0835,9.60,0.50
2008.01.10 22:07:46.773,1.0826,1.0836,9.60,9.60
2008.01.10 22:07:47.006,1.0826,1.0836,9.60,9.60
2008.01.10 22:07:47.238,1.0826,1.0836,9.60,9.60
2008.01.10 22:07:47.471,1.0826,1.0836,9.60,9.60
2008.01.10 22:07:47.703,1.0826,1.0836,9.60,9.60
2008.01.10 22:07:47.935,1.0826,1.0836,9.60,9.60
2008.01.10 22:07:48.143,1.0826,1.0836,9.60,9.60
2008.01.10 22:07:48.542,1.0826,1.0836,9.60,9.60
2008.01.10 22:07:48.557,1.0826,1.0836,9.60,9.60
2008.01.10 22:07:48.764,1.0826,1.0835,9.60,0.50
2008.01.10 22:07:48.971,1.0826,1.0836,9.60,9.60
2008.01.10 22:07:49.234,1.0826,1.0835,9.60,0.80
2008.01.10 22:07:49.585,1.0826,1.0836,9.60,9.60
2008.01.10 22:07:49.847,1.0826,1.0836,9.60,9.60
2008.01.10 22:07:50.110,1.0826,1.0836,9.60,9.60
2008.01.10 22:07:50.362,1.0826,1.0836,9.60,9.60
2008.01.10 22:07:50.615,1.0826,1.0835,9.60,0.70
2008.01.10 22:07:50.867,1.0826,1.0835,9.60,0.80
2008.01.10 22:07:51.120,1.0826,1.0836,9.60,9.60
2008.01.10 22:07:51.347,1.0826,1.0836,9.60,9.60
2008.01.10 22:07:51.574,1.0826,1.0836,9.60,9.60
2008.01.10 22:07:51.939,1.0826,1.0835,9.60,0.60
2008.01.10 22:07:52.167,1.0826,1.0836,9.60,9.60
2008.01.10 22:07:52.410,1.0826,1.0836,9.60,9.60
2008.01.10 22:07:52.652,1.0826,1.0835,9.60,0.80
2008.01.10 22:07:52.895,1.0826,1.0836,9.60,9.60
2008.01.10 22:07:53.137,1.0826,1.0835,9.60,0.60
2008.01.10 22:07:53.380,1.0826,1.0836,9.60,9.60
2008.01.10 22:07:53.805,1.0826,1.0836,9.60,9.60
2008.01.10 22:07:54.060,1.0826,1.0836,9.60,9.60
2008.01.10 22:07:54.312,1.0826,1.0836,9.60,9.60
2008.01.10 22:07:54.756,1.0826,1.0835,9.60,0.90
2008.01.10 22:07:54.955,1.0826,1.0836,9.60,9.60
2008.01.10 22:07:55.152,1.0826,1.0836,9.60,9.60
2008.01.10 22:07:55.351,1.0826,1.0835,9.60,0.60
2008.01.10 22:07:55.721,1.0826,1.0835,9.60,0.50
2008.01.10 22:07:55.924,1.0826,1.0835,9.60,0.50
2008.01.10 22:07:56.127,1.0826,1.0835,9.60,0.50
2008.01.10 22:07:56.526,1.0826,1.0836,9.60,9.60
2008.01.10 22:07:56.728,1.0826,1.0835,9.60,0.70
2008.01.10 22:07:56.929,1.0826,1.0836,9.60,9.60
2008.01.10 22:07:57.237,1.0826,1.0835,9.60,0.90
2008.01.10 22:07:57.544,1.0826,1.0836,9.60,9.60
2008.01.10 22:07:57.852,1.0826,1.0836,9.60,9.60
2008.01.10 22:07:58.160,1.0826,1.0835,9.60,0.70
2008.01.10 22:07:58.390,1.0826,1.0836,9.60,9.60
2008.01.10 22:07:58.568,1.0826,1.0835,9.60,0.90
2008.01.10 22:07:58.747,1.0826,1.0836,9.60,9.60
2008.01.10 22:07:58.925,1.0826,1.0836,9.60,9.60
2008.01.10 22:07:59.360,1.0826,1.0835,9.60,0.90
2008.01.10 22:07:59.653,1.0826,1.0835,9.60,0.70
2008.01.10 22:07:59.946,1.0826,1.08365,1.60,12.00
2008.01.10 22:08:00.283,1.0826,1.0835,1.60,0.60
2008.01.10 22:08:00.496,1.0826,1.08365,1.60,12.00
2008.01.10 22:08:00.710,1.0826,1.0835,1.60,0.70
2008.01.10 22:08:00.922,1.0826,1.0835,1.60,0.80
2008.01.10 22:08:01.085,1.0825,1.08365,9.60,12.00
2008.01.10 22:08:01.136,1.0826,1.08365,1.60,12.00
2008.01.10 22:08:01.607,1.0826,1.08365,1.60,12.00
2008.01.10 22:08:01.884,1.0826,1.0835,1.60,0.80
2008.01.10 22:08:02.161,1.0826,1.0835,1.60,0.90
2008.01.10 22:08:02.449,1.0826,1.08365,1.60,12.00
2008.01.10 22:08:02.667,1.0826,1.0835,1.60,0.60
2008.01.10 22:08:02.885,1.0826,1.0835,1.60,0.50
2008.01.10 22:08:03.105,1.0826,1.0835,1.60,0.80
2008.01.10 22:08:03.323,1.0826,1.0836,9.60,9.60
2008.01.10 22:08:03.591,1.0826,1.0836,9.60,9.60
2008.01.10 22:08:03.858,1.0826,1.0836,9.60,9.60
2008.01.10 22:08:04.125,1.0826,1.0835,9.60,1.60
2008.01.10 22:08:04.534,1.0826,1.0835,9.60,1.60
2008.01.10 22:08:04.727,1.0826,1.0835,9.60,1.60
2008.01.10 22:08:05.113,1.0826,1.0835,9.60,1.60
2008.01.10 22:08:05.305,1.0826,1.0835,9.60,1.60
2008.01.10 22:08:05.497,1.0826,1.0835,9.60,1.60
2008.01.10 22:08:05.719,1.0826,1.0835,9.60,1.60
2008.01.10 22:08:05.969,1.0826,1.0835,9.60,1.60
2008.01.10 22:08:06.216,1.0826,1.0835,9.60,1.60
2008.01.10 22:08:06.465,1.0826,1.0835,9.60,1.60
2008.01.10 22:08:06.863,1.0826,1.0835,9.60,1.60
2008.01.10 22:08:07.141,1.0826,1.0835,9.60,1.60
2008.01.10 22:08:07.419,1.0826,1.0835,9.60,1.60
2008.01.10 22:08:07.698,1.0826,1.0835,9.60,1.60
2008.01.10 22:08:07.976,1.0826,1.0835,9.60,1.60
2008.01.10 22:08:08.331,1.0826,1.0835,9.60,1.60
2008.01.10 22:08:08.512,1.0826,1.0835,9.60,1.60
2008.01.10 22:08:08.891,1.0826,1.0835,9.60,1.60
2008.01.10 22:08:08.901,1.0826,1.0835,9.60,1.60
2008.01.10 22:08:09.163,1.0826,1.0835,9.60,1.60
2008.01.10 22:08:09.550,1.0826,1.0835,9.60,1.60
2008.01.10 22:08:09.814,1.0826,1.0835,9.60,1.60
2008.01.10 22:08:10.075,1.0826,1.0835,9.60,1.60
2008.01.10 22:08:10.337,1.0826,1.0835,9.60,1.60
2008.01.10 22:08:10.570,1.0826,1.0835,9.60,1.60
2008.01.10 22:08:10.937,1.0826,1.0835,9.60,1.60
2008.01.10 22:08:11.168,1.0827,1.0836,9.60,1.60
2008.01.10 22:08:11.386,1.0827,1.0836,9.60,1.60
2008.01.10 22:08:11.605,1.0827,1.0836,9.60,1.60
2008.01.10 22:08:11.823,1.0827,1.0836,9.60,1.60
2008.01.10 22:08:12.227,1.0827,1.0836,9.60,1.60
2008.01.10 22:08:12.467,1.0827,1.0836,9.60,1.60
2008.01.10 22:08:12.708,1.0827,1.0836,9.60,1.60
2008.01.10 22:08:12.951,1.0827,1.0836,9.60,1.60
2008.01.10 22:08:13.193,1.0827,1.0836,9.60,1.60
2008.01.10 22:08:13.538,1.0827,1.0836,9.60,1.60
2008.01.10 22:08:13.798,1.0827,1.0836,9.60,1.60
2008.01.10 22:08:14.056,1.0827,1.0836,9.60,1.60
2008.01.10 22:08:14.316,1.0827,1.0836,9.60,1.60
2008.01.10 22:08:14.573,1.0827,1.0836,9.60,1.60
2008.01.10 22:08:14.941,1.0827,1.0836,9.60,1.60
2008.01.10 22:08:15.106,1.0827,1.0836,9.60,1.60
2008.01.10 22:08:15.275,1.0827,1.0836,9.60,1.60
2008.01.10 22:08:15.482,1.0827,1.0836,1.60,9.60
2008.01.10 22:08:15.649,1.0827,1.0836,1.60,9.60
2008.01.10 22:08:16.037,1.0827,1.0836,1.60,9.60
2008.01.10 22:08:16.373,1.0827,1.0836,1.60,9.60
2008.01.10 22:08:16.817,1.0827,1.0836,1.60,9.60
2008.01.10 22:08:17.000,1.0827,1.0836,1.60,9.60
2008.01.10 22:08:17.183,1.0827,1.0836,1.60,9.60
2008.01.10 22:08:17.442,1.0827,1.0836,1.60,9.60
2008.01.10 22:08:17.624,1.0827,1.0836,1.60,9.60
2008.01.10 22:08:17.809,1.0827,1.0836,1.60,9.60
2008.01.10 22:08:18.024,1.0827,1.0836,1.60,9.60
2008.01.10 22:08:18.274,1.0827,1.0836,1.60,9.60
2008.01.10 22:08:18.676,1.0827,1.0836,1.60,9.60
2008.01.10 22:08:18.929,1.0827,1.0836,1.60,9.60
2008.01.10 22:08:19.182,1.0827,1.0836,1.60,9.60
2008.01.10 22:08:19.409,1.0827,1.0836,1.60,9.60
2008.01.10 22:08:19.636,1.0827,1.0836,1.60,9.60
2008.01.10 22:08:20.006,1.0827,1.0836,1.60,9.60
2008.01.10 22:08:20.234,1.0827,1.0836,1.60,9.60
2008.01.10 22:08:20.461,1.0827,1.0836,1.60,9.60
2008.01.10 22:08:20.703,1.0827,1.0836,1.60,9.60
2008.01.10 22:08:20.945,1.0827,1.0836,1.60,9.60
2008.01.10 22:08:21.243,1.0827,1.0836,1.60,9.60
2008.01.10 22:08:21.485,1.0827,1.0836,1.60,9.60
2008.01.10 22:08:21.910,1.0827,1.0836,1.60,9.60
2008.01.10 22:08:22.167,1.0826,1.0835,1.60,9.60
2008.01.10 22:08:22.425,1.0826,1.0835,1.60,9.60
2008.01.10 22:08:22.682,1.0826,1.0835,1.60,9.60
2008.01.10 22:08:22.900,1.0826,1.0835,1.60,9.60
2008.01.10 22:08:23.288,1.0826,1.0835,1.60,9.60
2008.01.10 22:08:23.504,1.0826,1.0835,9.60,1.60
2008.01.10 22:08:23.920,1.0826,1.0835,9.60,1.60
2008.01.10 22:08:24.187,1.0826,1.0835,9.60,1.60
2008.01.10 22:08:24.454,1.0826,1.0835,9.60,1.60
2008.01.10 22:08:24.722,1.0826,1.0835,9.60,1.60
2008.01.10 22:08:24.889,1.0826,1.0835,9.60,1.60
2008.01.10 22:08:25.230,1.0826,1.0835,9.60,1.60
2008.01.10 22:08:25.396,1.0826,1.0835,9.60,1.60
2008.01.10 22:08:25.564,1.0826,1.0835,9.60,1.60
2008.01.10 22:08:25.774,1.0826,1.0835,9.60,1.60
2008.01.10 22:08:26.091,1.0827,1.0836,1.60,9.60
2008.01.10 22:08:26.509,1.0827,1.0836,1.60,9.60
2008.01.10 22:08:26.826,1.0827,1.0836,1.60,9.60
2008.01.10 22:08:27.175,1.0826,1.0835,9.60,1.60
2008.01.10 22:08:27.391,1.0826,1.0835,9.60,1.60
2008.01.10 22:08:27.609,1.0826,1.0835,9.60,1.60
2008.01.10 22:08:27.827,1.0826,1.0835,9.60,1.60
2008.01.10 22:08:28.045,1.0826,1.0835,9.60,1.60
2008.01.10 22:08:28.429,1.0826,1.0835,9.60,1.60
2008.01.10 22:08:28.646,1.0826,1.0835,9.60,1.60
2008.01.10 22:08:28.864,1.0826,1.0835,9.60,1.60
2008.01.10 22:08:29.086,1.0826,1.0835,9.60,1.60
2008.01.10 22:08:29.309,1.0826,1.0835,9.60,1.60
2008.01.10 22:08:29.532,1.0826,1.0835,9.60,1.60
2008.01.10 22:08:29.755,1.0826,1.0835,9.60,1.60
2008.01.10 22:08:29.978,1.0826,1.0835,9.60,1.60
2008.01.10 22:08:30.339,1.0826,1.0835,9.60,1.60
2008.01.10 22:08:30.573,1.0826,1.0835,9.60,1.60
2008.01.10 22:08:30.821,1.0826,1.0835,9.60,1.60
2008.01.10 22:08:31.053,1.0826,1.0835,9.60,1.60
2008.01.10 22:08:31.337,1.0826,1.0835,9.60,1.60
2008.01.10 22:08:31.623,1.0826,1.0835,9.60,1.60
2008.01.10 22:08:31.904,1.0826,1.0835,9.60,1.60
2008.01.10 22:08:32.190,1.0826,1.0835,9.60,1.60
2008.01.10 22:08:32.427,1.0826,1.0835,9.60,1.60
2008.01.10 22:08:32.855,1.0826,1.0835,9.60,1.60
2008.01.10 22:08:33.093,1.0826,1.0835,9.60,1.60
2008.01.10 22:08:33.463,1.0826,1.0835,9.60,1.60
2008.01.10 22:08:33.667,1.0826,1.0835,9.60,1.60
2008.01.10 22:08:34.074,1.0826,1.0835,9.60,1.60
2008.01.10 22:08:34.277,1.0826,1.0835,9.60,1.60
2008.01.10 22:08:34.729,1.0826,1.0835,9.60,1.60
2008.01.10 22:08:34.990,1.0826,1.0835,9.60,1.60
2008.01.10 22:08:35.252,1.0826,1.0835,9.60,1.60
2008.01.10 22:08:35.514,1.0826,1.0835,9.60,1.60
2008.01.10 22:08:35.712,1.0826,1.0835,9.60,1.60
2008.01.10 22:08:36.024,1.0826,1.0835,9.60,1.60
2008.01.10 22:08:36.219,1.0826,1.0835,9.60,1.60
2008.01.10 22:08:36.416,1.0826,1.0835,9.60,1.60
2008.01.10 22:08:36.618,1.0826,1.0835,9.60,1.60
2008.01.10 22:08:36.881,1.0826,1.0835,9.60,1.60
2008.01.10 22:08:37.273,1.0826,1.0835,9.60,1.60
2008.01.10 22:08:37.536,1.0826,1.0835,9.60,1.60
2008.01.10 22:08:37.991,1.0826,1.0835,9.60,1.60
2008.01.10 22:08:38.228,1.0826,1.0835,9.60,1.60
2008.01.10 22:08:38.654,1.0826,1.0835,9.60,1.60
2008.01.10 22:08:38.896,1.0826,1.0835,9.60,1.60
2008.01.10 22:08:39.293,1.0827,1.0835,1.60,1.60
2008.01.10 22:08:39.499,1.0827,1.0835,1.60,1.60
2008.01.10 22:08:39.708,1.0827,1.0835,1.60,1.60
2008.01.10 22:08:39.917,1.0827,1.0835,1.60,1.60
2008.01.10 22:08:40.123,1.0827,1.0835,1.60,1.60
2008.01.10 22:08:40.462,1.0827,1.0835,1.60,1.60
2008.01.10 22:08:40.669,1.0827,1.0835,1.60,1.60
2008.01.10 22:08:40.876,1.0827,1.0835,1.60,1.60
2008.01.10 22:08:41.084,1.0827,1.0835,1.60,1.60
2008.01.10 22:08:41.371,1.0827,1.0835,1.60,1.60
2008.01.10 22:08:41.846,1.0827,1.0835,1.60,1.60
2008.01.10 22:08:42.136,1.0826,1.0834,9.60,1.60
2008.01.10 22:08:42.414,1.0826,1.0834,9.60,1.60
2008.01.10 22:08:42.632,1.0826,1.0834,9.60,1.60
2008.01.10 22:08:42.850,1.0826,1.0834,9.60,1.60
2008.01.10 22:08:43.067,1.0826,1.0834,9.60,1.60
2008.01.10 22:08:43.284,1.0826,1.0834,9.60,1.60
2008.01.10 22:08:43.663,1.0826,1.0834,9.60,1.60
2008.01.10 22:08:43.901,1.0826,1.0834,9.60,1.60
2008.01.10 22:08:44.138,1.0826,1.0834,9.60,1.60
2008.01.10 22:08:44.375,1.0826,1.0834,9.60,1.60
2008.01.10 22:08:44.602,1.0826,1.0834,9.60,1.60
2008.01.10 22:08:44.996,1.0826,1.0834,9.60,1.60
2008.01.10 22:08:45.223,1.0826,1.0834,9.60,1.60
2008.01.10 22:08:45.456,1.0826,1.0834,9.60,1.60
2008.01.10 22:08:45.715,1.0826,1.0834,9.60,1.60
2008.01.10 22:08:46.049,1.0827,1.0835,1.60,1.60
2008.01.10 22:08:46.307,1.0827,1.0835,9.60,1.60
2008.01.10 22:08:46.565,1.0827,1.0835,9.60,1.60
2008.01.10 22:08:46.818,1.0827,1.0835,9.60,1.60
2008.01.10 22:08:47.070,1.0827,1.0835,9.60,1.60
2008.01.10 22:08:47.355,1.0827,1.0835,9.60,1.60
2008.01.10 22:08:47.608,1.0827,1.0835,9.60,1.60
2008.01.10 22:08:47.839,1.0827,1.0835,9.60,1.60
2008.01.10 22:08:48.064,1.0827,1.0835,9.60,1.60
2008.01.10 22:08:48.293,1.0827,1.0835,9.60,1.60
2008.01.10 22:08:48.685,1.0827,1.0835,9.60,1.60
2008.01.10 22:08:48.922,1.0827,1.0835,9.60,1.60
2008.01.10 22:08:49.159,1.0827,1.0835,9.60,1.60
2008.01.10 22:08:49.397,1.0827,1.0835,9.60,1.60
2008.01.10 22:08:49.635,1.0827,1.0835,9.60,1.60
2008.01.10 22:08:49.872,1.0827,1.0835,9.60,1.60
2008.01.10 22:08:50.106,1.0827,1.0835,9.60,1.60
2008.01.10 22:08:50.339,1.0827,1.0835,9.60,1.60
2008.01.10 22:08:50.726,1.0827,1.0835,9.60,1.60
2008.01.10 22:08:50.960,1.0827,1.0835,9.60,1.60
2008.01.10 22:08:51.223,1.0827,1.0835,9.60,1.60
2008.01.10 22:08:51.466,1.0827,1.0835,9.60,1.60
2008.01.10 22:08:51.903,1.0827,1.0835,9.60,1.60
2008.01.10 22:08:52.145,1.0827,1.0835,9.60,1.60
2008.01.10 22:08:52.427,1.0827,1.0835,9.60,1.60
2008.01.10 22:08:52.710,1.0827,1.0835,9.60,1.60
2008.01.10 22:08:52.992,1.0827,1.0835,9.60,1.60
2008.01.10 22:08:53.206,1.0827,1.0835,9.60,1.60
2008.01.10 22:08:53.368,1.0827,1.0835,9.60,1.60
2008.01.10 22:08:53.723,1.0828,1.0836,9.60,1.60
2008.01.10 22:08:53.885,1.0828,1.0836,9.60,1.60
2008.01.10 22:08:54.234,1.0828,1.0836,9.60,1.60
2008.01.10 22:08:54.490,1.0828,1.0836,9.60,1.60
2008.01.10 22:08:54.747,1.0828,1.0836,9.60,1.60
2008.01.10 22:08:55.004,1.0828,1.0836,9.60,1.60
2008.01.10 22:08:55.261,1.0828,1.0836,9.60,1.60
2008.01.10 22:08:55.574,1.0828,1.0836,9.60,1.60
2008.01.10 22:08:55.827,1.0828,1.0836,9.60,1.60
2008.01.10 22:08:56.241,1.0828,1.0836,9.60,1.60
2008.01.10 22:08:56.494,1.0828,1.0836,9.60,1.60
2008.01.10 22:08:56.696,1.0828,1.0836,9.60,1.60
2008.01.10 22:08:56.905,1.0828,1.0836,9.60,1.60
2008.01.10 22:08:57.108,1.0828,1.0836,9.60,1.60
2008.01.10 22:08:57.501,1.0828,1.0836,9.60,1.60
2008.01.10 22:08:57.754,1.0828,1.0836,9.60,1.60
2008.01.10 22:08:58.006,1.0828,1.0836,9.60,1.60
2008.01.10 22:08:58.260,1.0828,1.0836,9.60,1.60
2008.01.10 22:08:58.513,1.0828,1.0836,9.60,1.60
2008.01.10 22:08:58.858,1.0828,1.0836,9.60,1.60
2008.01.10 22:08:59.121,1.0828,1.0836,9.60,1.60
2008.01.10 22:08:59.383,1.0828,1.0836,9.60,1.60
2008.01.10 22:08:59.646,1.0828,1.0836,9.60,1.60
2008.01.10 22:08:59.806,1.0828,1.0836,9.60,1.60
2008.01.10 22:08:59.962,1.0828,1.0836,9.60,1.60
2008.01.10 22:09:00.169,1.0828,1.0836,9.60,1.60
2008.01.10 22:09:00.327,1.0828,1.0836,9.60,1.60
2008.01.10 22:09:00.675,1.0828,1.0836,9.60,1.60
2008.01.10 22:09:00.967,1.0828,1.0836,9.60,1.60
2008.01.10 22:09:01.329,1.0828,1.0836,9.60,1.60
2008.01.10 22:09:01.624,1.0828,1.0836,9.60,1.60
2008.01.10 22:09:01.913,1.0828,1.0836,9.60,1.60
2008.01.10 22:09:02.170,1.0828,1.0836,9.60,1.60
2008.01.10 22:09:02.427,1.0827,1.0835,1.60,9.60
2008.01.10 22:09:02.684,1.0827,1.0835,1.60,9.60
2008.01.10 22:09:02.940,1.0827,1.0835,1.60,9.60
2008.01.10 22:09:03.342,1.0827,1.0835,1.60,9.60
2008.01.10 22:09:03.569,1.0827,1.0835,1.60,9.60
2008.01.10 22:09:03.796,1.0827,1.0835,1.60,9.60
2008.01.10 22:09:04.025,1.0827,1.0835,1.60,9.60
2008.01.10 22:09:04.239,1.0827,1.0835,1.60,9.60
2008.01.10 22:09:04.625,1.0827,1.0835,1.60,9.60
2008.01.10 22:09:04.838,1.0827,1.0835,1.60,9.60
2008.01.10 22:09:05.243,1.0827,1.0835,1.60,9.60
2008.01.10 22:09:05.309,1.0827,1.0835,1.60,9.60
2008.01.10 22:09:05.566,1.0827,1.0835,1.60,9.60
2008.01.10 22:09:05.852,1.0827,1.0835,1.60,9.60
2008.01.10 22:09:06.109,1.0827,1.0835,1.60,9.60
2008.01.10 22:09:06.560,1.0827,1.0835,1.60,9.60
2008.01.10 22:09:06.816,1.0827,1.0835,1.60,9.60
2008.01.10 22:09:07.263,1.0827,1.0835,1.60,9.60
2008.01.10 22:09:07.430,1.0827,1.0835,1.60,9.60
2008.01.10 22:09:07.598,1.0827,1.0835,1.60,9.60
2008.01.10 22:09:07.802,1.0827,1.0835,1.60,9.60
2008.01.10 22:09:07.972,1.0827,1.0835,1.60,9.60
2008.01.10 22:09:08.140,1.0827,1.0835,1.60,9.60
2008.01.10 22:09:08.350,1.0827,1.0835,1.60,9.60
2008.01.10 22:09:08.654,1.0827,1.0835,1.60,9.60
2008.01.10 22:09:08.998,1.0827,1.0835,1.60,9.60
2008.01.10 22:09:09.301,1.0827,1.0835,1.60,9.60
2008.01.10 22:09:09.794,1.0827,1.0835,1.60,9.60
2008.01.10 22:09:09.809,1.0827,1.0835,1.60,9.60
2008.01.10 22:09:10.011,1.0827,1.0835,1.60,9.60
2008.01.10 22:09:10.213,1.0827,1.0835,1.60,9.60
2008.01.10 22:09:10.416,1.0827,1.0835,1.60,9.60
2008.01.10 22:09:10.619,1.0827,1.0835,1.60,9.60
2008.01.10 22:09:10.906,1.0827,1.0835,1.60,9.60
2008.01.10 22:09:11.195,1.0827,1.0835,1.60,9.60
2008.01.10 22:09:11.537,1.0827,1.0835,1.60,9.60
2008.01.10 22:09:11.827,1.0827,1.0835,1.60,9.60
2008.01.10 22:09:12.235,1.0827,1.0835,1.60,9.60
2008.01.10 22:09:12.452,1.0827,1.0835,1.60,9.60
2008.01.10 22:09:12.688,1.0827,1.0835,1.60,9.60
2008.01.10 22:09:12.907,1.0827,1.0835,1.60,9.60
2008.01.10 22:09:13.189,1.0827,1.0835,1.60,9.60
2008.01.10 22:09:13.473,1.0827,1.0835,1.60,9.60
2008.01.10 22:09:13.755,1.0827,1.0835,1.60,9.60
2008.01.10 22:09:14.079,1.0827,1.0835,1.60,9.60
2008.01.10 22:09:14.286,1.0827,1.0835,1.60,9.60
2008.01.10 22:09:14.492,1.0827,1.0835,1.60,9.60
2008.01.10 22:09:14.704,1.0827,1.0835,1.60,9.60
2008.01.10 22:09:14.912,1.0827,1.0835,1.60,9.60
2008.01.10 22:09:15.119,1.0827,1.0835,1.60,9.60
2008.01.10 22:09:15.372,1.0827,1.0835,1.60,9.60
2008.01.10 22:09:15.623,1.0827,1.0835,1.60,9.60
2008.01.10 22:09:15.876,1.0827,1.0835,1.60,9.60
2008.01.10 22:09:16.128,1.0827,1.0835,1.60,9.60
2008.01.10 22:09:16.425,1.0827,1.0835,1.60,9.60
2008.01.10 22:09:16.723,1.0827,1.0835,1.60,9.60
2008.01.10 22:09:17.020,1.0827,1.0835,1.60,9.60
2008.01.10 22:09:17.317,1.0827,1.0835,1.60,9.60
2008.01.10 22:09:17.521,1.0827,1.0835,1.60,9.60
2008.01.10 22:09:17.688,1.0827,1.0835,1.60,9.60
2008.01.10 22:09:17.857,1.0827,1.0835,1.60,9.60
2008.01.10 22:09:18.062,1.0827,1.0835,1.60,9.60
2008.01.10 22:09:18.238,1.0827,1.0835,1.60,9.60
2008.01.10 22:09:18.595,1.0827,1.0835,1.60,9.60
2008.01.10 22:09:18.927,1.0827,1.0835,1.60,9.60
2008.01.10 22:09:19.262,1.0827,1.0835,1.60,9.60
2008.01.10 22:09:19.596,1.0827,1.0835,1.60,9.60
2008.01.10 22:09:19.739,1.0827,1.0835,1.60,9.60
2008.01.10 22:09:19.881,1.0827,1.0835,1.60,9.60
2008.01.10 22:09:20.216,1.0827,1.0835,1.60,9.60
2008.01.10 22:09:20.359,1.0827,1.0835,1.60,9.60
2008.01.10 22:09:20.501,1.0827,1.0835,1.60,9.60
2008.01.10 22:09:20.752,1.0827,1.0835,1.60,9.60
2008.01.10 22:09:21.063,1.0827,1.0835,1.60,9.60
2008.01.10 22:09:21.378,1.0827,1.0835,1.60,9.60
2008.01.10 22:09:21.691,1.0827,1.0835,1.60,9.60
2008.01.10 22:09:21.892,1.0827,1.0835,1.60,9.60
2008.01.10 22:09:22.089,1.0827,1.0835,1.60,9.60
2008.01.10 22:09:22.290,1.0827,1.0835,1.60,9.60
2008.01.10 22:09:22.488,1.0827,1.0835,1.60,9.60
2008.01.10 22:09:22.882,1.0827,1.0835,1.60,9.60
2008.01.10 22:09:23.163,1.0827,1.0835,1.60,9.60
2008.01.10 22:09:23.446,1.0827,1.0835,1.60,9.60
2008.01.10 22:09:23.729,1.0827,1.0835,1.60,9.60
2008.01.10 22:09:23.942,1.0827,1.0835,1.60,9.60
2008.01.10 22:09:24.155,1.0827,1.0835,1.60,9.60
2008.01.10 22:09:24.477,1.0827,1.0835,1.60,9.60
2008.01.10 22:09:24.690,1.0827,1.0835,1.60,9.60
2008.01.10 22:09:24.906,1.0827,1.0835,1.60,9.60
2008.01.10 22:09:25.238,1.0827,1.0835,1.60,9.60
2008.01.10 22:09:25.419,1.0827,1.0835,1.60,9.60
2008.01.10 22:09:25.802,1.0827,1.0835,1.60,9.60
2008.01.10 22:09:25.983,1.0827,1.0835,1.60,9.60
2008.01.10 22:09:26.499,1.0827,1.0835,1.60,9.60
2008.01.10 22:09:26.638,1.0827,1.0835,1.60,9.60
2008.01.10 22:09:26.966,1.0827,1.0835,1.60,9.60
2008.01.10 22:09:27.354,1.0827,1.0835,1.60,9.60
2008.01.10 22:09:27.532,1.0827,1.0835,1.60,9.60
2008.01.10 22:09:27.901,1.0827,1.0835,1.60,9.60
2008.01.10 22:09:28.078,1.0827,1.0835,1.60,9.60
2008.01.10 22:09:28.450,1.0827,1.0835,1.60,9.60
2008.01.10 22:09:28.696,1.0827,1.0835,1.60,9.60
2008.01.10 22:09:28.944,1.0827,1.0835,1.60,9.60
2008.01.10 22:09:29.192,1.0827,1.0835,1.60,9.60
2008.01.10 22:09:29.425,1.0827,1.0835,1.60,9.60
2008.01.10 22:09:29.658,1.0827,1.0835,1.60,9.60
2008.01.10 22:09:29.891,1.0827,1.0835,1.60,9.60
2008.01.10 22:09:30.123,1.0827,1.0835,1.60,9.60
2008.01.10 22:09:30.520,1.0827,1.0835,1.60,9.60
2008.01.10 22:09:30.756,1.0827,1.0835,1.60,9.60
2008.01.10 22:09:30.993,1.0827,1.0835,1.60,9.60
2008.01.10 22:09:31.230,1.0827,1.0835,1.60,9.60
2008.01.10 22:09:31.418,1.0827,1.0835,1.60,9.60
2008.01.10 22:09:31.790,1.0827,1.0835,1.60,9.60
2008.01.10 22:09:31.978,1.0827,1.0835,1.60,9.60
2008.01.10 22:09:32.165,1.0827,1.0835,1.60,9.60
2008.01.10 22:09:32.375,1.0827,1.0835,1.60,9.60
2008.01.10 22:09:47.489,1.0828,1.0836,1.60,9.60
2008.01.10 22:09:47.775,1.0828,1.0836,1.60,9.60
2008.01.10 22:09:48.075,1.0828,1.0836,1.60,9.60
2008.01.10 22:09:48.261,1.0828,1.0836,1.60,9.60
2008.01.10 22:09:48.646,1.0828,1.0836,1.60,9.60
2008.01.10 22:09:48.833,1.0828,1.0836,1.60,9.60
2008.01.10 22:09:49.131,1.0828,1.0836,1.60,9.60
2008.01.10 22:09:49.428,1.0828,1.0836,1.60,9.60
2008.01.10 22:09:49.726,1.0828,1.0836,1.60,9.60
2008.01.10 22:09:50.127,1.0828,1.0836,1.60,9.60
2008.01.10 22:09:50.311,1.0828,1.0836,1.60,9.60
2008.01.10 22:09:50.683,1.0828,1.0836,1.60,9.60
2008.01.10 22:09:50.695,1.0828,1.0836,1.60,9.60
2008.01.10 22:09:50.878,1.0828,1.0836,1.60,9.60
2008.01.10 22:09:51.241,1.0828,1.0836,1.60,9.60
2008.01.10 22:09:51.549,1.0828,1.0836,1.60,9.60
2008.01.10 22:09:51.856,1.0828,1.0836,1.60,9.60
2008.01.10 22:09:52.164,1.0828,1.0836,1.60,9.60
2008.01.10 22:09:52.293,1.0828,1.0836,1.60,9.60
2008.01.10 22:09:52.420,1.0828,1.0836,1.60,9.60
2008.01.10 22:09:52.637,1.0828,1.0836,1.60,9.60
2008.01.10 22:09:52.767,1.0828,1.0836,1.60,9.60
2008.01.10 22:09:52.895,1.0828,1.0836,1.60,9.60
2008.01.10 22:09:53.098,1.0828,1.0836,1.60,9.60
2008.01.10 22:09:53.421,1.0828,1.0836,1.60,9.60
2008.01.10 22:09:53.756,1.0828,1.0836,1.60,9.60
2008.01.10 22:09:54.078,1.0828,1.0836,1.60,9.60
2008.01.10 22:09:54.401,1.0828,1.0836,1.60,9.60
2008.01.10 22:09:54.723,1.0828,1.0836,1.60,9.60
2008.01.10 22:09:54.925,1.0828,1.0836,1.60,9.60
2008.01.10 22:09:55.215,1.0828,1.0836,1.60,9.60
2008.01.10 22:09:55.427,1.0828,1.0836,1.60,9.60
2008.01.10 22:09:55.847,1.0828,1.0836,1.60,9.60
2008.01.10 22:09:56.080,1.0828,1.0836,1.60,9.60
2008.01.10 22:09:56.504,1.0828,1.0836,1.60,9.60
2008.01.10 22:09:56.735,1.0828,1.0836,1.60,9.60
2008.01.10 22:09:57.008,1.0828,1.0836,1.60,9.60
2008.01.10 22:09:57.280,1.0828,1.0836,1.60,9.60
2008.01.10 22:09:57.553,1.0828,1.0836,1.60,9.60
2008.01.10 22:09:57.731,1.0828,1.0836,1.60,9.60
2008.01.10 22:09:57.977,1.0828,1.0836,1.60,9.60
2008.01.10 22:09:58.153,1.0828,1.0836,1.60,9.60
2008.01.10 22:09:58.503,1.0828,1.0836,1.60,9.60
2008.01.10 22:09:58.681,1.0828,1.0836,1.60,9.60
2008.01.10 22:09:58.858,1.0828,1.0836,1.60,9.60
2008.01.10 22:09:59.194,1.0828,1.0836,1.60,9.60
2008.01.10 22:09:59.506,1.0828,1.0836,1.60,9.60
2008.01.10 22:09:59.819,1.0828,1.0836,1.60,9.60
2008.01.10 22:10:00.077,1.0828,1.0836,1.60,9.60
2008.01.10 22:10:00.255,1.0828,1.0836,1.60,9.60
2008.01.10 22:10:00.433,1.0828,1.0836,1.60,9.60
2008.01.10 22:10:00.686,1.0828,1.0836,1.60,9.60
2008.01.10 22:10:00.862,1.0828,1.0836,1.60,9.60
2008.01.10 22:10:01.174,1.0828,1.0836,1.60,9.60
2008.01.10 22:10:01.432,1.0828,1.0836,1.60,9.60
2008.01.10 22:10:01.689,1.0828,1.0836,1.60,9.60
2008.01.10 22:10:01.946,1.0828,1.0836,1.60,9.60
2008.01.10 22:10:02.203,1.0828,1.0836,1.60,9.60
2008.01.10 22:10:02.461,1.0828,1.0836,1.60,9.60
2008.01.10 22:10:02.718,1.0828,1.0836,1.60,9.60
2008.01.10 22:10:02.975,1.0828,1.0836,1.60,9.60
2008.01.10 22:10:03.289,1.0828,1.0836,1.60,9.60
2008.01.10 22:10:03.466,1.0828,1.0836,1.60,9.60
2008.01.10 22:10:03.644,1.0828,1.0836,1.60,9.60
2008.01.10 22:10:03.849,1.0828,1.0836,1.60,9.60
2008.01.10 22:10:04.025,1.0828,1.0836,1.60,9.60
2008.01.10 22:10:04.531,1.0828,1.0836,1.60,9.60
2008.01.10 22:10:04.847,1.0828,1.0836,1.60,9.60
2008.01.10 22:10:05.165,1.0828,1.0836,1.60,9.60
2008.01.10 22:10:05.375,1.0828,1.0836,1.60,9.60
2008.01.10 22:10:05.538,1.0828,1.0836,1.60,9.60
2008.01.10 22:10:05.891,1.0828,1.0836,1.60,9.60
2008.01.10 22:10:05.902,1.0828,1.0836,1.60,9.60
2008.01.10 22:10:06.065,1.0828,1.0836,1.60,9.60
2008.01.10 22:10:06.227,1.0828,1.0836,1.60,9.60
2008.01.10 22:10:06.515,1.0828,1.0836,1.60,9.60
2008.01.10 22:10:06.802,1.0828,1.0836,1.60,9.60
2008.01.10 22:10:07.149,1.0828,1.0836,1.60,9.60
2008.01.10 22:10:07.437,1.0828,1.0836,1.60,9.60
2008.01.10 22:10:07.612,1.0828,1.0836,1.60,9.60
2008.01.10 22:10:07.823,1.0828,1.0836,1.60,9.60
2008.01.10 22:10:07.995,1.0828,1.0836,1.60,9.60
2008.01.10 22:10:08.167,1.0828,1.0836,1.60,9.60
2008.01.10 22:10:08.375,1.0828,1.0836,1.60,9.60
2008.01.10 22:10:08.543,1.0828,1.0836,1.60,9.60
2008.01.10 22:10:09.040,1.0828,1.0836,1.60,9.60
2008.01.10 22:10:09.373,1.0828,1.0836,1.60,9.60
2008.01.10 22:10:09.705,1.0828,1.0836,1.60,9.60
2008.01.10 22:10:09.912,1.0828,1.0836,1.60,9.60
2008.01.10 22:10:10.046,1.0828,1.0836,1.60,9.60
2008.01.10 22:10:10.180,1.0828,1.0836,1.60,9.60
2008.01.10 22:10:10.443,1.0828,1.0836,1.60,9.60
2008.01.10 22:10:10.572,1.0828,1.0836,1.60,9.60
2008.01.10 22:10:10.891,1.0828,1.0836,1.60,9.60
2008.01.10 22:10:11.222,1.0828,1.0836,1.60,9.60
2008.01.10 22:10:11.642,1.0828,1.0836,1.60,9.60
2008.01.10 22:10:11.976,1.0828,1.0836,1.60,9.60
2008.01.10 22:10:12.484,1.0828,1.0836,1.60,9.60
2008.01.10 22:10:12.657,1.0828,1.0836,1.60,9.60
2008.01.10 22:10:12.825,1.0828,1.0836,1.60,9.60
2008.01.10 22:10:13.082,1.0828,1.0836,1.60,9.60
2008.01.10 22:10:13.302,1.0828,1.0836,1.60,9.60
2008.01.10 22:10:13.538,1.0828,1.0836,1.60,9.60
2008.01.10 22:10:13.756,1.0828,1.0836,1.60,9.60
2008.01.10 22:10:13.974,1.0828,1.0836,1.60,9.60
2008.01.10 22:10:14.192,1.0828,1.0836,1.60,9.60
2008.01.10 22:10:14.516,1.0828,1.0836,1.60,9.60
2008.01.10 22:10:14.838,1.0828,1.0836,1.60,9.60
2008.01.10 22:10:15.162,1.0828,1.0836,1.60,9.60
2008.01.10 22:10:15.484,1.0828,1.0836,1.60,9.60
2008.01.10 22:10:15.838,1.0828,1.0836,1.60,9.60
2008.01.10 22:10:16.003,1.0828,1.0836,1.60,9.60
2008.01.10 22:10:16.165,1.0828,1.0836,1.60,9.60
2008.01.10 22:10:16.367,1.0828,1.0836,1.60,9.60
2008.01.10 22:10:16.619,1.0828,1.0836,1.60,9.60
2008.01.10 22:10:16.872,1.0828,1.0836,1.60,9.60
2008.01.10 22:10:17.127,1.0828,1.0836,1.60,9.60
2008.01.10 22:10:17.380,1.0829,1.0836,1.60,8.00
2008.01.10 22:10:17.775,1.0829,1.0837,1.60,9.60
2008.01.10 22:10:17.994,1.0829,1.0837,1.60,9.60
2008.01.10 22:10:18.379,1.0829,1.0837,1.60,9.60
2008.01.10 22:10:18.617,1.0829,1.0837,1.60,9.60
2008.01.10 22:10:18.855,1.0829,1.0837,1.60,9.60
2008.01.10 22:10:19.091,1.0829,1.0837,1.60,9.60
2008.01.10 22:10:19.329,1.0829,1.0837,1.60,9.60
2008.01.10 22:10:19.747,1.0829,1.0837,1.60,9.60
2008.01.10 22:10:19.974,1.0829,1.0837,1.60,9.60
2008.01.10 22:10:20.395,1.0829,1.0837,1.60,9.60
2008.01.10 22:10:20.625,1.0829,1.0837,1.60,9.60
2008.01.10 22:10:21.021,1.0829,1.0837,1.60,9.60
2008.01.10 22:10:21.223,1.0829,1.0837,1.60,9.60
2008.01.10 22:10:21.629,1.0829,1.0837,1.60,9.60
2008.01.10 22:10:21.911,1.0829,1.0837,1.60,9.60
2008.01.10 22:10:22.195,1.0829,1.0837,1.60,9.60
2008.01.10 22:10:22.477,1.0829,1.0837,1.60,9.60
2008.01.10 22:10:22.644,1.0829,1.0837,1.60,9.60
